3923 4875
843 200 872 263 ξ

550 304 587 356 4

542 471 791 529 iacebam
844 463 1203 526 enotatorum
1246 467 1426 524 mole:
1472 484 1645 542 quum
1690 467 2005 544 ipsissimos
2049 466 2340 524 undarum
2385 465 2670 543 ciuilium,
2715 467 2919 542 quibus
2947 468 3296 528 tricesimum
3305 469 3450 544 fere

544 580 757 620 annum
818 561 1064 618 immane
1122 561 1401 634 quantum
1461 558 1753 616 voluimur
1770 601 1787 632 ‚
1836 556 2042 633 fontes
2101 557 2340 616 vixdum
2398 574 2812 632 cognoscerem.
2903 558 3148 635 Impulit
3186 560 3326 620 haec
3363 579 3451 619 me

544 670 752 712 caussa
770 695 788 729 ,
844 657 912 709 vt
964 649 1167 710 varios
1186 692 1204 727 ,
1257 648 1460 724 quibus
1518 649 1891 708 memineram
1944 649 2118 707 initia
2173 649 2314 707 liaec
2372 648 2461 707 ad
2513 641 2787 708 amussbn
2829 657 3120 728 comperta
3137 694 3155 729 ,
3201 655 3450 727 qubsque

541 743 844 818 singulari
898 739 1200 818 praeditos
1258 739 1607 798 auctoritate
1660 740 1722 798 in
1778 758 1847 799 ea
1896 740 2176 798 moliendo
2232 757 2508 814 magnam
2534 748 2777 818 partem
2818 742 3184 801 inaudieram
3216 741 3414 818 fuisse
3431 787 3448 820 ,

542 833 879 894 accesserim
898 877 916 911 ,
962 832 1345 890 consuluerim
1392 831 1469 890 ὃν
1510 830 1797 907 quidquid
1824 830 2155 907 primorum
2199 836 2452 890 motuum
2495 837 2690 891 notum
2735 833 2809 892 iis
2853 839 3000 892 esset
3013 877 3031 912 ,
3053 833 3288 908 benigne
3308 834 3454 892 milii

543 925 877 1004 aperirent,
923 923 1213 997 rogarim.
1258 921 1335 980 In
1377 921 1585 980 horum
1630 939 1866 980 numero
1876 916 2070 1000 facile
2078 923 2356 998 princeps
2379 919 2450 1003 (f.
2485 942 2510 981 1
2524 923 2566 997 .)
2586 921 2725 998 fuit
2761 923 2824 983 V.
2849 927 2932 985 N.
2957 925 3025 982 F
3031 924 3095 982 R
3107 925 3166 982 A
3181 924 3262 982 N
3272 923 3370 984 CI
3384 924 3449 984 S-

554 1017 608 1075 C
635 1015 743 1074 VS
798 1014 847 1072 I
868 1013 1002 1072 VN
1018 1014 1058 1071 I
1088 1011 1209 1072 VS.
1279 1011 1612 1072 Adstiterat
1652 1012 1799 1070 enim
1840 1012 1935 1070 hic
1951 1057 1970 1092 ,
2013 1019 2082 1072 vt
2115 1013 2287 1071 multi
2323 1013 2752 1092 adfirmabant,
2791 1015 2932 1092 ipsis
2973 1015 3282 1074 turbarum
3313 1017 3447 1090 son-

544 1107 691 1166 tibus
711 1149 729 1184 ,
776 1105 854 1164 &⁵
898 1104 1331 1163 accuratissime
1372 1109 1618 1161 notarat
1652 1103 1887 1180 quantis
1932 1103 2349 1180 tenspestatibus
2363 1147 2381 1182 ,
2434 1104 2496 1163 in
2541 1107 2716 1180 quam
2757 1125 2970 1180 magno
3017 1106 3094 1166 ὁ·
3121 1108 3452 1184 procelloso

538 1199 751 1275 pelago
816 1196 1039 1254 iactata
1086 1194 1293 1270 suerit
1353 1193 1556 1272 nauis,
1624 1212 1742 1269 qua
1805 1195 2124 1271 tranquille
2189 1195 2307 1252 iam
2374 1195 2452 1253 ἐφ’
2502 1203 2730 1273 parum
2797 1197 2958 1256 abest
3009 1203 3185 1256 extra
3245 1198 3451 1257 discri-

546 1307 671 1347 men
724 1305 885 1346 omne
901 1329 919 1363 ,
962 1285 1225 1346 vehimur
1242 1327 1261 1362 ,
1314 1284 1536 1343 sedente
1580 1284 1667 1342 ad
1711 1286 1937 1344 clauum
1993 1283 2401 1344 Gubernatore
2447 1287 2798 1363 peritissimo
2814 1331 2831 1365 ,
2881 1289 3150 1364 cuiu'sque
3194 1290 3350 1348 oculi
3390 1291 3452 1347 in

547 1379 739 1439 omnia
785 1377 1005 1436 intenti.
1052 1375 1213 1435 Adeo
1232 1421 1249 1456 ,
1296 1376 1598 1452 compello,
1628 1382 1851 1452 precor
1868 1420 1885 1453 ,
1932 1382 2211 1452 quantum
2246 1378 2526 1436 memoria
2561 1379 2964 1455 suppeditabat
2977 1423 2994 1456 ,
3029 1381 3298 1439 nonnihil
3328 1381 3452 1439 illo-

548 1489 682 1529 rum
728 1473 1051 1546 exponeret.
1119 1466 1298 1541 Quod
1332 1466 1673 1542 quaerebam
1687 1512 1704 1545 ,
1749 1466 1917 1526 haud
1952 1466 2280 1546 difficulter
2325 1469 2400 1526 ab
2441 1469 2849 1530 humanissimo
2893 1471 3024 1530 viro
3071 1471 3149 1529 ἐφ’
3189 1471 3454 1530 docendis

549 1562 685 1620 aliis
728 1561 863 1619 vere
906 1565 1071 1631 nato,
1124 1575 1251 1616 sum
1294 1556 1665 1632 adsequutus.
1734 1557 2086 1618 Disserebat
2125 1559 2219 1617 vir
2263 1577 2512 1634 magnus
2540 1561 2805 1638 fideliter
2851 1562 2928 1620 ἂν
2973 1562 3184 1638 absque
3207 1561 3349 1636 fuco
3385 1562 3455 1620 de

548 1671 693 1712 vera
739 1651 817 1709 ἐφ’
842 1649 1119 1727 principe
1141 1649 1495 1722 grauissimi
1531 1648 1667 1706 belli
1706 1667 1951 1708 caussa:
1999 1649 2068 1708 de
2113 1650 2500 1726 inquisitionis
2543 1651 2604 1711 in
2645 1651 2948 1728 Hispania
2963 1697 2982 1727 ,
3027 1671 3196 1729 quum
3245 1652 3454 1712 Ferdi-

551 1743 779 1804 naudus
814 1745 1130 1816 regnaret,
1176 1739 1513 1798 natiuitate:
1560 1739 1630 1796 de
1673 1739 1917 1798 eiusdem
1937 1783 1954 1816 ,
2003 1739 2166 1799 Sixti
2205 1741 2313 1818 iiij.
2359 1748 2540 1818 opera
2557 1787 2575 1821 ,
2620 1744 2965 1802 incremento
2978 1761 3000 1801 .·
3045 1744 3114 1802 de
3157 1745 3357 1817 rigido
3393 1745 3454 1802 in

551 1835 903 1902 Libertatem
916 1873 937 1902 ,
982 1829 1345 1904 Priuilegia,
1393 1830 1617 1890 Plebem
1636 1873 1655 1908 ,
1700 1831 1985 1891 Proceres
1999 1875 2018 1910 ,
2065 1831 2282 1906 Regem
2344 1833 2514 1891 etiam
2595 1834 2780 1911 ipsum
2848 1835 3088 1911 imperio
3121 1854 3145 1893 .·
3205 1835 3274 1893 de
3329 1835 3456 1893 lata

551 1926 789 2000 denique
847 1922 969 1980 eius
1028 1925 1205 1979 extra
1264 1926 1458 1980 vastos
1508 1921 1817 1980 Iberorum
1846 1922 2007 2000 fines
2041 1923 2490 2000 propagatione.
2555 1924 2884 1983 Narrabat
2919 1926 3103 1984 multa
3146 1927 3216 1984 de
3265 1927 3456 1984 immo-

551 2017 761 2074 derata
804 2012 1152 2070 Edictorum
1197 2012 1510 2072 acerbitate
1551 2011 1864 2072 aduersum
1910 2031 2005 2073 eos
2021 2058 2039 2092 ,
2076 2014 2181 2089 qui
2205 2013 2619 2088 Reformatam
2641 2016 2978 2089 religionem
2995 2017 3456 2095 profitebantur:

552 2107 621 2165 de
664 2106 901 2163 illorum
929 2102 1411 2179 promulgatione
1426 2151 1445 2186 ,
1492 2104 1653 2162 nullo
1696 2109 1990 2181 expectato
2045 2101 2334 2164 Ordinum
2379 2105 2626 2166 adsensu
2643 2125 2666 2166 .·
2693 2106 2764 2164 de
2785 2107 3010 2166 crudeli
3035 2107 3424 2168 Exsecutionc
3437 2150 3453 2180 ,

553 2214 672 2274 qua
732 2195 1078 2254 miserorum
1126 2192 1421 2269 fortunae
1473 2195 1916 2273 expiabantur,
1979 2214 2098 2271 qua
2152 2197 2641 2255 excruciabantur
2682 2198 3087 2275 conscientiae,
3130 2217 3252 2302 qua
3305 2198 3458 2256 Ciui-

553 2294 700 2346 tates
745 2284 1093 2359 Priuilegiis
1142 2285 1265 2344 suis
1297 2284 1793 2361 fraudabantur,
1833 2304 1951 2361 qua
1995 2304 2186 2344 omnes
2227 2286 2475 2346 omnium
2512 2287 2816 2361 ordinum,
2849 2289 3048 2347 habita
3077 2290 3182 2348 vix
3213 2291 3422 2348 aetatis
3441 2330 3457 2362 ,

554 2379 721 2440 nulla
787 2383 987 2436 autum
1052 2393 1226 2436 sexus
1283 2378 1513 2436 ratione
1530 2420 1546 2453 ,
1618 2377 1707 2436 ad
1762 2377 2052 2436 lanienam
2068 2421 2087 2452 ,
2136 2384 2424 2437 tormenta
2439 2421 2457 2457 ,
2517 2379 2802 2457 supplicia
2858 2381 3291 2458 raptabantur:
3342 2398 3462 2457 qua

554 2487 794 2529 carcere
811 2513 830 2547 ,
894 2467 1173 2547 vinculis,
1235 2470 1485 2545 equuleis
1503 2513 1521 2548 ,
1566 2464 1791 2547 ferro,
1856 2487 2061 2547 cruce,
2098 2470 2386 2549 flamma,
2440 2468 2856 2547 defossi'onibus
2873 2515 2892 2549 ,
2943 2473 3350 2546 mersionibus,
3399 2474 3460 2530 in

553 2562 887 2637 uniuersos,
947 2557 1167 2617 indicta
1226 2576 1466 2637 caussa,
1530 2560 1723 2620 diebus
1776 2560 2034 2619 omnibus
2047 2603 2066 2638 ,
2124 2568 2294 2639 saepe
2336 2562 2507 2619 etiam
2551 2562 2886 2639 intempesta
2925 2569 3116 2639 nocte,
3161 2564 3461 2622 immanem

556 2654 617 2712 in
676 2651 903 2711 modum
946 2649 1334 2709 saeuiebatur.
1406 2650 1901 2710 Commemorabat
1944 2652 2180 2731 infinita
2232 2653 2302 2711 de
2359 2652 2606 2729 specioso
2658 2653 3093 2715 conseruandae
3135 2655 3462 2729 Religionis

566 2743 898 2804 Catholicae
952 2741 1077 2799 velo
1094 2783 1113 2817 ,
1171 2740 1485 2800 Nouorum
1543 2743 1966 2821 Episcoporum
1983 2785 2002 2820 ,
2061 2744 2167 2819 qui
2200 2742 2357 2821 fidei
2409 2743 2796 2821 Inquisitores
2841 2751 3088 2820 agerent
3124 2746 3202 2804 ἐφ’
3256 2746 3460 2821 Οἰαιίι]

540 2839 887 2913 potestatem
951 2837 1332 2909 occuparent,
1400 2833 1784 2908 institutione,
1854 2834 2130 2893 nesciente
2195 2840 2304 2892 aut
2351 2836 2502 2893 certe
2559 2854 2676 2895 non
2728 2836 3221 2897 animaduertente
3264 2837 3425 2910 Rege
3438 2879 3458 2907 ,

558 2932 766 2985 contra
826 2940 1016 2982 omnes
1072 2920 1381 2981 Maiorum
1438 2925 1594 2984 ritus
1638 2925 1716 2983 ἐφ’
1761 2924 2216 2997 consuetudines,
2263 2931 2472 2984 contra
2514 2932 2769 2986 veterum
2813 2928 3198 2987 Abbatiarum
3235 2927 3464 3004 sunda·

558 3018 739 3076 u'ones
753 3059 771 3094 ,
828 3019 1036 3073 contra
1095 3013 1456 3089 reliquorum
1516 3015 1971 3093 Episcopatuum
2031 3015 2492 3077 iurisdictiones:
2554 3018 2754 3096 infidis
2812 3020 3007 3079 omnia
3072 3018 3470 3078 Granuellani

562 3107 694 3185 (qui
734 3105 887 3165 nihil
922 3122 1040 3165 non
1081 3105 1342 3181 volebat,
1389 3106 1542 3165 nihil
1578 3126 1693 3165 non
1721 3113 1970 3184 poterat
2007 3107 2070 3166 in
2112 3108 2446 3181 Belgarum
2480 3109 2821 3189 perniciem)
2867 3110 3110 3170 artibus.
3170 3110 3467 3186 Addebat,

559 3199 653 3257 his
719 3196 975 3256 omnibus
1042 3195 1271 3255 tandem
1338 3198 1655 3273 aliquando
1730 3198 2019 3257 Proceres
2076 3198 2490 3277 intercessisse,
2567 3200 2668 3276 qui
2737 3220 2852 3260 non
2918 3202 3176 3261 obscuris
3241 3201 3469 3260 indiciis

561 3288 863 3365 videbant,
938 3285 1059 3346 nisi
1126 3287 1440 3364 principiis
1519 3294 1930 3348 occurreretur
1950 3332 1968 3366 ,
2045 3289 2122 3349 ὁ·
2195 3291 2425 3349 mature
2493 3290 2940 3367 prouideretur,
2997 3292 3217 3394 plebem
3235 3336 3252 3370 ,
3321 3310 3470 3368 quae

564 3378 789 3455 alioqui
820 3377 1246 3454 patientissima
1290 3383 1429 3438 erat
1476 3379 1555 3438 ἂν
1596 3380 1695 3439 sui
1727 3380 2014 3457 principis
2055 3381 2458 3439 amantissima
2476 3424 2493 3457 ,
2538 3400 2652 3440 non
2695 3390 2859 3460 posse
2898 3383 3120 3441 diutius
3164 3383 3226 3441 in
3269 3384 3468 3457 officio

564 3468 880 3546 contineri,
947 3468 1026 3527 ἂν
1081 3468 1300 3528 cladem
1358 3470 1613 3547 aliquam
1672 3471 1782 3529 toti
1834 3471 2117 3545 Belgicae
2172 3478 2390 3531 certam
2435 3472 2660 3531 instare
2681 3492 2704 3533 .·
2749 3474 2823 3532 ab
2865 3474 2942 3533 iis
2984 3474 3143 3533 nihil
3179 3474 3244 3533 vi
3255 3516 3272 3548 ‚
3317 3474 3475 3533 nihil

562 3562 735 3621 malis
800 3558 1028 3619 artibus
1085 3559 1365 3636 (quarum
1423 3560 1591 3619 haud
1633 3562 1764 3620 iure
1806 3562 2323 3640 insimulabantur)
2370 3567 2679 3622 tentatum:
2723 3566 2957 3625 missum
3002 3566 3065 3624 in
3107 3564 3466 3641 Hispaniam

560 3654 859 3711 Baronem
920 3652 961 3708 ὰ
1012 3648 1321 3725 Montigni
1332 3693 1351 3728 ,
1402 3652 1750 3711 Edictorum
1807 3652 2176 3713 acerbitatem
2234 3653 2714 3731 deprecaturum,·
2773 3675 2898 3715 eum
2936 3656 3140 3733 paullo
3183 3662 3322 3732 post
3335 3698 3354 3733 ,
3397 3674 3468 3714 re

558 3743 780 3820 insecta
793 3787 812 3821 ,
878 3740 1097 3801 obsesso
1149 3743 1224 3800 ab
1278 3741 1729 3819 Inquisitoribus
1782 3744 1861 3803 ἂν
1919 3744 1982 3803 in
2034 3745 2379 3818 ambiguum.
2420 3746 2681 3804 lacerato
2733 3746 2868 3807 boni
2901 3746 3191 3823 principis
3234 3746 3428 3805 animo
3448 3792 3465 3825 ,

558 3834 833 3894 rediisse:
894 3832 1205 3892 detestatus
1260 3834 1495 3893 subinde
1538 3833 1853 3913 perfidiam
1907 3835 1971 3893 in
2027 3836 2247 3910 Regem
2274 3836 2766 3914 placidissimum,
2798 3837 3088 3914 fraudem
3131 3838 3194 3895 in
3235 3837 3462 3896 Nobili·

558 3931 759 3998 tatem‚
819 3928 1153 3983 contemtum
1201 3924 1280 3983 ἂν
1321 3925 1642 3985 calumnias
1694 3925 1757 3984 in
1800 3926 2018 3985 liberas
2061 3927 2323 3986 ciuitates
2340 3970 2359 4005 ,
2412 3928 2810 3988 crudelitatem
2859 3929 2921 3988 in
2962 3929 3344 4003 obsequentem
3390 3929 3468 3987 ἐφ’

559 4015 793 4095 imperii
826 4016 1143 4091 patientem
1196 4016 1483 4093 Populum
1497 4059 1517 4088 ‚
1570 4017 2025 4076 coniurationem
2085 4018 2325 4094 denique
2368 4025 2702 4095 paucorum
2745 4038 2861 4079 non
2910 4020 3099 4079 solicm
3143 4018 3232 4077 ad
3265 4020 3469 4096 oppri-

554 4106 815 4167 mendam
859 4106 1165 4179 Belgicam
1183 4150 1202 4184 ,
1244 4108 1616 4167 verumetiam
1660 4108 1749 4167 ad
1783 4108 2236 4181 exstinguendas
2280 4128 2470 4169 omncs
2505 4110 2719 4187 reliqui
2755 4112 2913 4170 orbis
2962 4109 3293 4170 Christiani
3295 4110 3470 4187 pacis

555 4199 634 4258 ἂν
678 4196 1124 4274 tranquillitatis
1166 4199 1467 4275 reliquias.
1514 4198 1867 4277 Adiiciebat,
1909 4200 2151 4259 enitente
2190 4200 2383 4274 magis
2427 4202 2723 4279 magisque
2749 4219 2916 4261 suum
2954 4201 3267 4261 Nouorum
3289 4202 3472 4278 Epis·

556 4298 826 4367 coporum
864 4286 1097 4365 foetum
1162 4286 1569 4351 Granuellano
1588 4335 1606 4371 ,
1645 4292 1855 4351 iterum
1888 4290 1949 4350 in
1970 4290 2332 4370 Hispaniam
2361 4292 2595 4352 missum
2608 4338 2626 4372 ,
2651 4294 2885 4353 consilio
2916 4292 3364 4351 Gubernatricis
3395 4292 3474 4351 ἂν

3093 4382 3475 4461 optimatium
