3923 4875
628 31 745 102 484
1674 42 2090 86 araturcr
2151 44 2364 87 raas
2427 43 2510 88 ιι.

622 207 849 286 undas,
890 225 1207 286 personam
1248 207 1427 300 gessit
1469 204 1807 268 Ecclesiae:
1852 207 1990 268 cum
2029 211 2176 270 vero
2213 207 2641 287 defungeretur
2679 211 2752 268 τὰ
2795 209 2938 288 πρὸς
2977 211 3142 282 Ξμᾶς,
3185 205 3248 267 id
3283 215 3429 284 est,
3479 225 3626 286 par·

629 299 717 349 tes
758 287 917 367 apud
958 307 1071 348 nos
1112 288 1227 348 Dei
1268 286 1451 366 patris
1488 287 1735 349 nomine
1776 287 2170 366 perficiendas
2186 335 2204 365 ,
2269 307 2588 368 personam
2669 288 2808 350 essit
2845 287 2964 348 Dei
3003 288 3212 378 patris,
3277 287 3482 348 cuius
3533 300 3632 348 est

622 367 856 446 imag0,
918 387 1115 430 sermo
1131 413 1148 446 ,
1211 371 1267 428 δι
1328 365 1613 460 sapientia
1652 377 1911 429 aeterna.
1977 369 2077 429 Sic
2116 369 2394 444 Aharon,
2437 372 2572 431 cum
2657 368 2905 430 erebus
2945 365 3138 446 agitur
3174 369 3340 446 apud
3395 370 3626 428 Deum

624 447 923 509 obeundis
981 458 1083 509 aut
1146 446 1544 526 percipiendis
1608 447 1687 508 ab
1746 467 1855 526 eo,
1916 465 2135 526 corpus
2195 450 2504 512 Ecclesiae
2555 467 2810 528 corpore
2861 463 2972 508 suo
3025 451 3117 522 (vt
3155 447 3236 507 ita
3279 448 3628 522 dicmnus)

635 526 1049 589 adumbrauit:
1110 529 1249 588 cum
1300 533 1445 590 vero
1486 528 1565 590 de
1604 528 1781 590 rebus
1818 529 1980 608 apud
2021 547 2134 590 nos
2173 530 2230 588 δι
2269 547 2411 608 erga
2449 549 2562 592 nos
2601 527 2994 605 defungendis
3033 527 3403 588 auctoritate
3451 529 3620 599 Dei

630 607 1097 701 repraesentauit
1162 610 1361 668 Deum
1382 653 1401 686 ,
1460 627 1573 688 pro
1632 626 1755 686 quo
1808 610 2036 702 legatus
2077 619 2200 671 erat
2239 609 2302 669 in
2361 611 2630 671 Ecclesia
2667 607 2888 700 ipsius:
2949 607 3028 668 ad
3067 618 3399 686 vtrumque
3449 615 3619 700 vero

628 687 937 767 speciatim
996 687 1177 766 gessit
1236 707 1549 766 personam
1609 688 1861 767 Christi,
1922 688 1987 749 id
2029 699 2145 767 est,
2207 689 2368 751 vncti
2427 689 2581 750 illius
2631 686 2847 750 summi
2901 687 3227 748 sacerdon's
3265 688 3496 748 nostri
3551 689 3616 748 in

630 779 952 830 aeternum.
997 767 1120 829 Hic
1160 779 1359 830 autem
1398 769 1593 847 agitur
1628 769 1879 847 quidem
1920 768 1999 830 de
2041 771 2216 831 rebus
2256 787 2403 847 quas
2443 772 2608 831 Deus
2645 769 2708 830 in
2727 767 3088 844 Ecclesiam,
3127 776 3194 827 vt
3205 767 3420 829 omnis
3443 769 3616 830 boni

628 846 985 928 principium
1004 893 1021 926 ,
1074 847 1469 941 praestiterat,
1532 851 1589 910 δι
1630 849 1689 910 in
1732 851 2076 910 Aharonem
2119 850 2346 930 ipsum,
2387 852 2549 910 velut
2587 848 2912 910 institutum
2953 847 3256 909 Ecclesiae
3295 849 3614 910 nomine:

626 929 733 990 sed
772 945 921 1006 quas
961 927 1229 990 Ecclesia
1268 939 1467 990 tamen
1512 947 1807 1008 occupare
1850 933 2054 991 sancte
2092 931 2402 992 tenebatur
2441 949 2644 990 coram
2687 931 2821 990 Deo
2841 929 3159 1020 &Angelis
3197 928 3344 990 eius.
3386 931 3608 1008 Prop-

630 1011 792 1070 terea
850 1010 970 1070 hoc
1028 1011 1167 1070 loco
1226 1027 1472 1071 necesse
1532 1019 1653 1088 est,
1712 1021 1777 1070 vt
1838 1009 2082 1071 nomine
2141 1010 2442 1072 Ahar-onis
2481 1008 2720 1089 figurari
2759 1007 3095 1068 Ecclesiam
3141 1006 3614 1088 intelligamus.

630 1088 793 1150 fideli
832 1087 1127 1166 obsequio
1172 1105 1282 1150 suo
1324 1055 1653 1150 sistentem
1666 1107 1795 1151 sese
1834 1109 2044 1152 coram
2086 1090 2373 1170 Domin0,
2397 1093 2454 1150 &
2475 1098 2850 1152 exercentem
2869 1090 3068 1166 palam
3087 1087 3254 1149 dona
3273 1089 3614 1150 vnctionis

630 1169 793 1230 eius·
836 1169 1347 1247 quemadmodum
1389 1181 1579 1232 totam
1610 1169 1943 1230 Ecclesiam
1975 1137 2425 1232 Christianani
2409 1190 2468 1230 ιιι
2511 1170 2960 1231 antecedentem
2991 1171 3292 1229 Psalmum
3311 1169 3612 1230 ostendi·

630 1267 763 1311 mus
794 1268 917 1312 non
951 1250 1065 1310 alia
1104 1249 1333 1310 ratione
1372 1251 1703 1312 Ecclesiam
1748 1267 1899 1343 esse,
1928 1254 2108 1328 quam
2149 1249 2430 1329 singulari
2467 1250 2568 1312 illa
2607 1247 2932 1310 relatione
2915 1248 3098 1326 ipsius
3117 1249 3175 1308 &
3194 1247 3610 1310 ordinatione

630 1331 709 1392 ad
748 1331 978 1410 Deum,
1032 1345 1153 1422 qua
1192 1328 1569 1392 ordinatione
1606 1331 1675 1392 fit
1711 1330 2008 1392 metionis
2041 1330 2196 1392 illius
2237 1331 2503 1399 salutaris
2541 1329 2868 1410 particeps,
2926 1347 2999 1390 ex
3039 1346 3158 1407 qua
3196 1329 3490 1407 procedit
3535 1329 3602 1390 in

638 1375 1743 1583 singdogussmfflgffififfinuegicggi
1724 1489 1786 1551 in
1826 1489 2160 1552 Ecclesiam
2199 1491 2380 1570 ipsius
2419 1491 2572 1552 ratio
2611 1501 2702 1552 est
2739 1489 3097 1580 huiusmodi,
3125 1499 3192 1547 vt
3221 1507 3346 1550 non
3367 1493 3594 1550 solum

636 1570 1031 1632 communiter
1088 1570 1327 1647 corpori
1342 1616 1359 1648 ,
1422 1571 1529 1632 sed
1589 1569 1766 1631 etiam
1806 1569 2176 1663 singulariter
2215 1571 2278 1632 in
2319 1571 2576 1650 singulas
2614 1581 2813 1650 partes
2851 1567 3208 1630 tribuantur.
3248 1573 3596 1662 propterea

636 1649 861 1728 optime
920 1651 1217 1743 Propheta
1254 1651 1373 1711 hoc
1414 1653 1553 1712 loco
1594 1650 1869 1712 ordinem
1910 1648 2092 1711 etiam
2133 1650 2388 1730 partium
2427 1653 2506 1712 ad
2545 1649 3038 1712 commoditatem
3076 1647 3594 1710 benedictionum

636 1731 749 1792 Dei
802 1734 857 1792 δι
910 1729 1517 1792 communicationem
1556 1731 2080 1792 demonstrandam
2121 1743 2458 1809 persecutus
2495 1741 2604 1794 est.
2685 1729 2946 1791 Partium
2985 1739 3184 1790 autem
3225 1729 3282 1791 in
3323 1730 3594 1791 homine

638 1808 787 1872 aliae
848 1821 985 1871 sunt
1042 1810 1306 1890 innatae,
1366 1811 1515 1871 aliae
1576 1809 1919 1872 adiunctae.
1987 1811 2162 1886 Quae
2201 1813 2466 1890 innatae,
2526 1821 2630 1872 aut
2669 1821 2808 1872 sunt
2845 1809 3208 1871 necessariae
3245 1809 3324 1870 de
3363 1821 3596 1871 natura

642 1890 823 1968 illius,
862 1901 927 1950 vt
968 1902 1177 1971 caput3
1218 1899 1321 1950 aut
1360 1910 1483 1952 non
1527 1890 1921 1968 necessariae,
1960 1890 2069 1952 sed
2107 1891 2186 1952 de
2227 1903 2578 1953 ornamento
2617 1889 2868 1952 naturali
2907 1889 3096 1965 illius,
3136 1899 3204 1950 vt
3235 1890 3430 1950 barba
3471 1902 3592 1951 oet.

636 1971 811 2046 Quae
853 1969 1200 2063 adiunctae,
1260 1970 1406 2031 foris
1446 1971 1773 2033 adueniunt
1810 1971 1889 2032 ad
1930 1971 2422 2033 commoditatem
2463 1971 2650 2050 illius,
2707 1982 2772 2031 vt
2811 1969 3166 2030 vestimenta
3203 1981 3375 2030 sunt:
3419 1989 3594 2048 quae

635 2053 801 2111 Deus
860 2049 1087 2112 homini
1128 2049 1513 2112 sanctificauit
1550 2052 1630 2113 ad
1670 2069 1841 2112 vsum
1880 2051 2092 2130 ipsius,
2153 2071 2228 2113 ex
2267 2068 2392 2130 quo
2433 2051 2662 2130 peccati
2701 2049 3062 2112 conscientia
3101 2048 3336 2110 erubuit
3374 2050 3590 2126 miser,

636 2134 693 2192 &
735 2131 1085 2208 pudefactus
1124 2140 1213 2192 est
1252 2130 1517 2192 nuditate
1558 2147 1681 2192 sua.
1714 2134 1913 2210 Atque
1942 2132 2056 2192 hae
2080 2149 2323 2210 quoque
2353 2143 2546 2225 partes
2567 2131 2894 2192 secundum
2915 2129 3213 2206 quandam
3233 2131 3588 2222 analogiam

636 2212 1027 2274 obseruantur
1066 2210 1125 2271 in
1168 2211 1437 2272 Ecclesia
1475 2210 1622 2285 Dei,
1676 2223 1740 2272 vt
1778 2231 1852 2273 eo
1892 2211 1968 2272 sit
1999 2210 2278 2274 illustrior
2315 2212 2690 2274 multiformis
2729 2211 2830 2271 illa
2870 2209 2986 2270 Dei
3023 2209 3345 2288 sapientia,
3385 2229 3582 2288 quam

634 2290 695 2352 in
738 2290 1007 2353 Ecclesia
1046 2309 1153 2352 sua
1170 2309 1374 2352 coram
1392 2290 1653 2369 imperiis
1672 2294 1729 2352 &
1762 2292 2148 2370 potestatibus
2169 2292 2502 2370 explicauit.
2541 2293 2712 2353 Ordo
2731 2301 2820 2352 est
2839 2291 3072 2366 mem(f.
3095 2291 3534 2368 753)brorum
3513 2311 3582 2352 ιιι

638 2369 911 2432 Ecclesia
948 2369 1092 2433 Dei:
1134 2371 1281 2432 alius
1320 2371 1723 2450 superiorum,
1765 2371 1914 2432 alius
1952 2372 2329 2455 inferiorum3
2369 2372 2511 2432 item
2553 2371 2700 2432 alius
2739 2369 3156 2449 pertinentium
3195 2371 3276 2432 ad
3313 2371 3586 2433 necessi·

638 2463 853 2529 tatem,
895 2451 1043 2513 alius
1080 2451 1157 2513 ad
1198 2462 1471 2513 ornattun
1508 2456 1565 2514 δι
1604 2453 1787 2513 decus
1826 2451 2012 2532 illius3
2051 2464 2116 2514 vt
2160 2421 2486 2531 Apostolus
2525 2453 2602 2513 ad
2641 2451 2986 2514 Corinthios
3025 2450 3208 2513 docet
3225 2468 3284 2513 e.
3309 2472 3336 2511 1
3351 2472 3404 2511 2.
3427 2472 3496 2517 v.
3519 2472 3580 2527 4.

639 2533 795 2594 ordo
860 2543 948 2594 est
1008 2535 1313 2611 praeterea
1372 2550 1567 2595 rerum
1626 2550 1779 2611 quae
1838 2534 2160 2595 commode
2217 2533 2298 2594 ad
2335 2550 2508 2595 vsum
2549 2532 2855 2594 Ecclesiae
2895 2530 3274 2593 adhibentur.
3339 2548 3470 2610 quo
3515 2532 3580 2593 in

638 2628 887 2674 numero
948 2610 986 2691 ij
1048 2622 1185 2673 sunt
1244 2614 1321 2673 de
1381 2612 1597 2692 quibus
1652 2612 1711 2673 in
1774 2614 2229 2691 praecedentem
2299 2616 2598 2675 Psalmum
2671 2612 3048 2690 dicebamus,
3107 2612 3210 2689 qui
3269 2630 3392 2673 non
3433 2626 3584 2674 sunt

642 2692 887 2771 quidem
946 2692 1025 2753 de
1062 2692 1334 2754 Ecclesia
1372 2693 1515 2773 ipsi,
1574 2693 1681 2755 sed
1722 2703 1925 2754 tamen
1967 2693 2272 2755 Ecclesiae
2309 2712 2434 2755 non
2474 2692 2956 2769 incommodant,
3017 2692 3160 2769 quin
3199 2690 3398 2771 potius
3435 2710 3582 2754 eam

640 2772 1123 2834 circumuestiunt
1158 2772 1481 2833 commode
1497 2738 1599 2833 ad
1636 2772 1885 2851 gloriam
1908 2772 2042 2835 Dei.
2065 2776 2387 2853 Propterea
2417 2774 2574 2835 enim
2593 2776 2798 2834 fratres
2817 2774 2896 2833 ab
2913 2770 3250 2833 amantibus
3267 2772 3585 2835 Ecclesiae

636 2852 721 2914 ibi
762 2850 1023 2913 distincti
1060 2864 1197 2913 sunt
1210 2898 1229 2932 ,
1288 2852 1427 2930 quia
1466 2793 1675 2913 aliudg
1666 2863 1757 2914 est
1794 2853 2190 2915 domesticum
2231 2872 2388 2934 esse,
2449 2853 2610 2915 aliud
2652 2852 2912 2914 vicinum
2951 2854 3212 2929 bonum,
3277 2861 3380 2912 aut
3409 2858 3583 2915 certe

642 2932 883 2994 minime
918 2934 1161 2995 malum.
1224 2936 1294 2993 In
1337 2934 1449 2994 hac
1490 2934 1665 3012 igitur
1704 2950 1957 3011 persona
1997 2934 2074 2993 al
2113 2950 2291 3011 quam
2329 2932 2588 3013 pertinet
2625 2932 2922 2994 vnctionis
2961 2931 3200 2993 diuinae
3237 2933 3583 2994 eommuni-

640 3012 799 3075 catio
865 3011 973 3073 tria
1033 3014 1182 3074 haec
1244 3012 1469 3092 optime
1526 3016 1761 3075 fuerunt
1818 3012 2125 3075 distincta·
2187 3030 2406 3092 corpus
2446 3016 2542 3075 vel
2579 3012 2928 3075 vniuersitas
2967 3011 3303 3105 Ecclesiae3
3339 3013 3583 3091 singula

642 3093 911 3155 membra
972 3092 1095 3153 eius
1108 3138 1127 3173 ,
1188 3094 1364 3154 etiam
1424 3110 1579 3171 quae
1640 3112 1761 3155 non
1826 3093 1905 3155 ita
1946 3105 2084 3155 sunt
2123 3094 2202 3155 ad
2241 3094 2530 3155 rationem
2573 3092 2878 3155 Ecclesiae
2917 3091 3277 3172 necessaria3
3317 3095 3376 3152 δι
3415 3108 3582 3170 quae

641 3171 783 3237 foris
822 3170 879 3233 ei
916 3171 1197 3234 adiuncta
1236 3182 1391 3233 sunt.

718 3256 925 3314 Restat
963 3269 1126 3313 nunc
1164 3255 1331 3313 locus
1368 3252 1601 3331 tertiuS,
1660 3254 1739 3314 de
1782 3269 1889 3313 vsu
1928 3258 1985 3315 δι
1997 3252 2420 3347 applicatione
2459 3255 2551 3329 (vt
2589 3256 2834 3331 vocant)
2867 3252 3052 3315 diuini
3093 3251 3248 3313 illius
3285 3254 3578 3331 vnguenti

636 3335 717 3396 ad
776 3350 997 3411 corpus
1055 3334 1176 3394 hoc
1218 3334 1400 3427 quod
1452 3336 1639 3427 modo
1672 3333 2259 3427 circumscripsimus.
2341 3336 2491 3395 Eam
2529 3332 2992 3427 applicationem
3033 3332 3330 3410 Propheta
3365 3332 3496 3393 fieri
3537 3336 3576 3393 a

638 3416 771 3477 Deo
786 3460 805 3495 ,
844 3414 1007 3475 velut
1044 3412 1337 3493 principio
1380 3414 1575 3475 omnis
1614 3414 1761 3475 boni
1800 3415 1994 3507 (quod
2033 3418 2170 3475 ante
2189 3411 2471 3493 diximus)
2491 3414 2704 3476 ordine
2723 3416 2780 3474 δι
2800 3413 2986 3475 modo
3007 3412 3573 3475 conuenientissimo

634 3496 1020 3573 demonstrat,
1062 3502 1300 3556 seruato
1340 3495 1567 3556 decoro
1606 3492 2030 3557 similitudinis.
2073 3497 2212 3555 cum
2253 3494 2338 3556 ait
2375 3494 2631 3573 primum
2673 3494 2914 3587 quidem
2954 3492 3340 3573 superfundi,
3373 3502 3572 3584 poste·

634 3584 787 3653 aque
828 3577 1199 3669 superfusum
1240 3576 1615 3648 descendere,·
1651 3573 1869 3636 deinde
1906 3577 2052 3635 vero
2092 3573 2366 3637 ordinem
2405 3574 2660 3653 partium
2697 3574 2974 3636 distincte
3013 3573 3312 3651 obseruat,
3341 3574 3574 3653 dicens,

634 3656 993 3735 superfundi
1040 3658 1252 3735 capiti,
1304 3657 1439 3716 inde
1478 3658 1540 3715 in
1582 3656 1825 3715 barbam
1866 3656 2228 3733 descendere,
2281 3675 2348 3715 ea·
2391 3674 2461 3715 ea
2503 3658 2739 3732 deferri
2785 3656 2872 3715 ad
2905 3672 3074 3715 oram
3112 3656 3574 3716 vestimentorum

634 3756 701 3797 vs
740 3756 826 3796 ue.

700 3756 988 3877 qSensus
970 3816 1147 3896 igitur
1186 3826 1301 3894 est,
1344 3814 1647 3877 neminem
1682 3813 2034 3877 hominem
2017 3836 2080 3875 ιιι
2105 3815 2377 3876 Ecclesia
2409 3834 2558 3893 esse,
2581 3814 2684 3892 qui
2701 3814 3108 3876 suauissimam
3129 3812 3292 3874 illam
3311 3812 3573 3873 θυωδὸω

636 3897 733 3957 vel
770 3897 997 3959 bonam
1038 3896 1415 3975 fragrantiam
1458 3894 1677 3959 Christi
1716 3899 1756 3955 a
1774 3898 1909 3957 Deo
1948 3896 2160 3957 Patre
2143 3914 2204 3957 m
2226 3895 2464 3957 Christo
2483 3914 2608 3956 non
2629 3893 2939 3973 percipiat:
2961 3893 3070 3956 sed
3087 3908 3572 3971 vnumquemque

636 3994 745 4038 suo
806 3976 1013 4037 ordine
1053 3979 1109 4036 δι
1150 3978 1289 4038 loco
1330 3996 1439 4055 pro
1480 3977 1765 4038 demenso
1804 3974 2196 4037 donationum
2239 3974 2394 4037 eius:
2457 3994 2650 4052 neque
2685 3977 2914 4036 tantum
2953 3972 3362 4037 suauissimum
3397 3970 3566 4034 illum

640 4056 1243 4135 amoenissimumque
1302 4056 1552 4119 odorem
1612 4056 1689 4117 ad
1728 4074 2009 4136 germana
2047 4054 2350 4119 Ecclesiae
2389 4057 2656 4117 membra
2693 4055 3016 4135 pertinere,
3059 4052 3442 4117 verumetiam
3483 4056 3568 4114 ad

3336 4132 3568 4195 vicinos
