3923 4875
1315 361 1642 408 russas
1699 361 2350 408 rnaonoorcmt.
3179 363 3289 428 273

369 536 463 587 est
501 527 738 587 foedus:
810 526 1312 600 Genes.17.10
1365 527 1573 604 Agnus
1613 535 1701 586 est
1741 525 2046 586 transitus,
2112 526 2302 586 Exod.
2350 544 2439 584 12.
2484 546 2581 602 43.
2623 529 2794 586 Petra
2836 536 2961 588 erat
3002 528 3287 590 Christus

371 626 426 666 1.
475 607 738 666 Corinth.
784 626 875 666 10.
917 627 975 680 4.
1015 609 1223 683 Itaque
1263 608 1501 666 firmum
1542 616 1766 686 manet,
1807 607 2030 665 nullam
2057 605 2767 666 transsubstantiationem
2790 607 2947 686 fieri,
2988 610 3289 670 nullamve

369 685 764 746 differentiam
823 705 953 747 esse
1015 685 1168 746 inter
1214 706 1430 764 panem
1474 687 1742 763 Coenae,
1803 688 1859 746 δι
1897 703 2116 764 panem
2177 702 2592 764 communem,
2635 689 2835 763 quoad
2876 688 3291 778 substantiam,

370 767 578 844 quoad
637 766 1022 843 quantitatem
1037 811 1052 840 ,
1117 777 1218 826 aut
1276 767 1478 844 quoad
1530 767 1843 844 qualitates
1895 769 2193 826 naturales
2252 765 2357 825 sed
2396 768 2625 826 tantum
2665 768 2868 844 quoad
2913 767 3258 828 relationem
3274 814 3293 848 ,

367 849 492 906 hoc
531 857 652 925 est,
692 848 894 923 quoad
933 865 1100 908 vsum
1142 848 1198 906 δι
1241 849 1523 907 officium.

461 947 552 986 12.
633 927 941 988 Secundus
1003 946 1168 987 error
1230 927 1519 1006 originem
1567 929 1605 986 a
1658 925 1854 1018 primo
1893 926 2077 987 ducit.
2118 927 2304 1005 Nam,
2360 927 2675 987 statuendo
2716 945 2933 1004 panem
2974 926 3037 986 in
3078 945 3295 1005 corpus

373 1005 595 1067 Christi
631 1006 1202 1085 transsubstantiari,
1243 1007 1612 1068 concludunt
1653 1007 1997 1086 sanguinem
2040 1006 2257 1066 Christi
2298 1025 2425 1066 esse
2465 1006 2528 1065 in
2568 1025 2823 1098 corpore
2863 1027 2970 1085 per
2991 1009 3293 1068 concomi-

371 1087 648 1146 tantiam·
709 1104 783 1146 ac
841 1088 1092 1165 proinde
1152 1106 1265 1147 ιιο5
1306 1087 1546 1164 corpori
1585 1091 1639 1147 δι
1679 1087 1948 1165 sanguini
1989 1085 2464 1164 communicare,
2527 1087 2997 1164 quotiescunque
3036 1089 3291 1148 hostiam

375 1167 844 1236 manducamuS,
887 1171 944 1228 δι
983 1187 1090 1245 per
1129 1185 1500 1244 consequens
1540 1169 1822 1244 poculum
1861 1167 2135 1245 praeberi
2174 1167 2339 1226 laicis
2378 1185 2501 1226 non
2544 1186 2671 1226 esse
2704 1187 2963 1228 necesse.
3006 1169 3124 1227 Sed
3164 1169 3293 1244 quis

369 1247 530 1306 hanc
569 1247 976 1308 auctoritatem
1021 1248 1364 1307 mortalibus
1397 1247 1630 1326 tribuit,
1674 1268 1766 1308 res
1789 1247 2019 1307 diuinas
2038 1247 2341 1324 prohibito
2362 1242 2689 1307 tractandi?
2709 1249 2925 1308 Paulus
2954 1249 3094 1309 Gal.
3116 1268 3171 1324 3.
3202 1264 3291 1326 15.

375 1346 456 1386 ne
495 1326 752 1387 hominis
793 1328 1034 1402 quidem
1075 1337 1429 1388 testamento
1471 1338 1598 1387 rato
1639 1331 1764 1389 vult
1805 1328 1946 1388 addi
1986 1347 2164 1405 posse
2185 1338 2285 1387 aut
2308 1327 2493 1387 deleri
2510 1327 2857 1404 quidpiam.
2892 1330 3079 1388 multo
3102 1327 3296 1388 minus

369 1416 726 1468 testamento
765 1408 866 1483 filij
909 1409 1054 1484 Dei,
1115 1407 1282 1467 cuius
1343 1406 1545 1466 vltima
1607 1411 1874 1468 voluntas
1935 1408 2111 1468 nobis
2170 1408 2231 1467 in
2272 1409 2598 1485 Euangelio
2640 1409 2898 1468 reuelata
2940 1419 3029 1469 est
3068 1409 3293 1468 Mattlz.

375 1489 470 1546 26.
517 1489 611 1548 26.
657 1507 751 1562 27.
792 1498 856 1546 vt
914 1487 1304 1566 accipiamus,
1365 1489 1640 1566 edamuS,
1681 1491 1738 1548 &
1779 1487 2055 1548 bibamus
2115 1507 2216 1561 ea,
2276 1504 2429 1564 quae
2490 1487 2663 1547 nobis
2716 1488 3115 1566 porriguntur.
3163 1490 3293 1548 Nec

369 1569 574 1626 locum
636 1569 858 1627 habere
917 1569 1095 1628 debet
1153 1570 1304 1628 haec
1364 1567 1694 1646 cauillatio,
1751 1569 1871 1628 hoc
1934 1570 2129 1628 solum
2168 1567 2519 1646 imperatum
2560 1567 2737 1628 fuisse
2777 1568 3110 1646 discipulis:
3154 1587 3293 1627 nam

371 1648 584 1706 eadem
624 1647 886 1726 ratione,
937 1648 1102 1708 Laici
1141 1667 1294 1724 quos
1334 1658 1554 1707 vocant
1595 1660 1788 1708 essent
1829 1648 2071 1707 arcendi
2108 1652 2146 1708 a
2188 1647 2613 1708 communione
2653 1647 2939 1724 corporis.
2984 1649 3295 1708 Praeterea

370 1727 742 1804 notandum,
784 1746 1002 1808 corpus
1043 1729 1260 1789 Christi
1297 1727 1474 1787 nobis
1515 1727 1576 1786 in
1617 1747 1804 1788 coena
1846 1727 2073 1805 offerri,
2114 1742 2403 1806 quatenus
2444 1739 2773 1806 mortuum,
2817 1732 2873 1788 δι
2914 1745 3209 1806 exsangue
3232 1728 3291 1787 in

370 1824 553 1867 cruce
615 1809 882 1868 oblatum
940 1808 1050 1868 fuit
1100 1828 1211 1885 pro
1251 1807 1452 1880 nobiS,
1515 1810 1570 1867 &
1611 1808 1958 1886 sanguinem
2000 1809 2124 1869 eius
2162 1827 2276 1869 nos
2316 1809 2551 1886 bibere,
2608 1829 2733 1869 non
2775 1811 3063 1886 quatenus
3104 1820 3192 1869 est
3230 1807 3293 1867 in

371 1886 540 1946 venis
579 1889 875 1964 corporis,
919 1889 1024 1948 sed
1065 1893 1185 1965 qua
1225 1889 1441 1948 effusus
1481 1887 1605 1947 fuit.
1661 1891 1803 1949 Hoc
1842 1898 1930 1948 est
1972 1888 2207 1966 sanguis
2250 1888 2460 1966 (inquit
2480 1889 2777 1968 ChristUS,
2820 1891 3031 1949 Matth.
3058 1891 3151 1949 26.
3178 1892 3294 1964 28.)

370 1966 474 2044 qui
514 1985 625 2044 pro
666 1969 862 2028 multis
903 1969 1222 2028 effunditur
1260 1968 1322 2028 in
1362 1967 1771 2028 remissionem
1812 1979 2217 2046 peccatorum.

461 2065 550 2123 13.
631 2047 864 2108 Tertius
907 2049 1162 2126 denique
1204 2067 1370 2108 error
1408 2049 1666 2108 nascitur
1705 2069 1778 2108 ex
1818 2049 2053 2108 duobus
2094 2047 2601 2126 praecedentibus.
2648 2068 2786 2108 nam
2827 2047 2995 2108 iactis
3034 2049 3125 2108 his
3164 2050 3289 2108 fun-

369 2126 697 2206 damentis,
739 2148 952 2221 panem
994 2128 1580 2188 transsubstantiari
1564 2148 1626 2188 ιιι
1659 2147 1875 2207 corpus
1897 2129 2147 2206 Christi,
2188 2127 2405 2188 deinde
2438 2127 2785 2206 sanguinem
2808 2148 2937 2188 esse
2956 2129 3016 2188 in
3040 2147 3294 2207 corpore

367 2227 476 2285 per
515 2209 1064 2286 concomitantiam,
1108 2210 1507 2286 concludunt,
1547 2208 1812 2268 infideles
1853 2208 2171 2287 participes
2208 2207 2335 2268 fieri
2368 2209 2637 2285 corporis
2658 2210 2713 2267 &
2734 2208 3033 2300 sanguinis
3056 2209 3291 2269 Christi.

369 2287 538 2364 quod
595 2291 776 2364 quam
818 2288 891 2349 sit
929 2293 966 2348 a
1006 2289 1250 2348 veritate
1303 2289 1593 2380 alienum,
1654 2299 1816 2366 patet
1864 2309 1938 2349 ex
1985 2289 2383 2364 sequentibus
2426 2288 2660 2379 Primo,
2701 2287 2873 2367 quia,
2914 2291 3051 2348 Iolz.
3092 2291 3149 2348 6.
3196 2291 3291 2366 56.

369 2366 638 2445 quisquis
677 2368 800 2428 edit
838 2387 1078 2428 carnem
1120 2388 1315 2428 meam
1357 2369 1570 2447 (inquit
1608 2369 1900 2447 Christus)
1939 2370 1995 2428 δι
2038 2367 2189 2429 bibit
2232 2385 2431 2428 meum
2454 2368 2832 2447 sanguinem,
2862 2369 2923 2427 in
2948 2389 3045 2428 me
3065 2378 3294 2447 manet,

370 2451 428 2508 δι
467 2466 580 2525 ego
621 2448 682 2508 in
723 2468 824 2510 eo:
888 2460 949 2509 at
989 2450 1188 2510 dicere
1233 2450 1532 2510 Christum
1593 2469 1832 2510 manere
1871 2450 1933 2509 in
1976 2449 2341 2526 infidelibus,
2383 2450 2438 2508 δι
2480 2448 2749 2508 infideles
2788 2448 2849 2509 in
2890 2448 3163 2528 Christo,
3206 2460 3295 2509 est

369 2528 811 2604 blasphemum:
855 2531 1052 2608 Erg0,
1094 2531 1149 2588 &
1188 2530 1390 2590 dicere
1431 2530 1694 2590 infideles
1737 2529 2097 2590 manducare
2118 2548 2356 2589 carnem
2379 2530 2433 2587 &
2455 2528 2660 2589 bibere
2683 2528 3028 2605 sanguinem
3052 2495 3290 2589 Christi.

367 2608 682 2685 Secundo,
740 2610 872 2668 Iole.
916 2612 974 2668 6.
1018 2626 1112 2686 54.
1153 2610 1254 2687 qui
1301 2610 1663 2670 manducant
1700 2610 2001 2670 Christum
2060 2596 2283 2670 habent
2344 2607 2523 2668 vitam
2569 2619 2885 2669 aeternam.
2945 2609 3117 2686 Impij
3165 2627 3287 2668 non

363 2688 586 2747 habent
627 2654 806 2748 vitam
847 2701 1164 2749 aeternam.
1209 2692 1398 2768 Erg0,
1442 2693 1496 2750 δι
1519 2711 1570 2749 e.
1613 2690 1848 2768 Tertio,
1893 2706 2111 2767 corpus
2132 2689 2350 2750 Christi
2372 2706 2677 2781 nunquam
2698 2698 3003 2765 separatur
3020 2692 3057 2748 a
3076 2688 3283 2766 spiritu

365 2768 423 2827 δι
464 2767 676 2828 virtute
717 2768 953 2847 diuina,
995 2790 1066 2829 ac
1107 2770 1359 2846 proinde
1403 2790 1613 2831 omnes
1653 2781 1950 2831 sumentes
1994 2787 2213 2847 corpus
2260 2768 2483 2839 Christi
2522 2768 2913 2829 viuificantur.

455 2868 544 2919 14.
625 2851 754 2909 Nec
813 2860 1014 2909 tamen
1067 2850 1328 2925 sequitur
1385 2851 1565 2911 fidem
1625 2852 1892 2927 efficere,
1954 2861 2017 2910 vt
2078 2866 2296 2927 corpus
2348 2848 2422 2908 sit
2462 2868 2739 2927 praesens
2780 2848 2841 2908 in
2882 2847 3099 2909 coena:
3144 2849 3293 2907 haec

367 2928 634 2987 efficacia
695 2939 784 2989 est
845 2928 1122 3007 Spiritus:
1187 2930 1308 2989 imo
1370 2930 1518 2990 fides
1578 2930 1788 3009 recipit
1829 2930 1918 3008 id,
1980 2931 2147 3007 quod
2204 2930 2265 2989 in
2306 2928 2514 2988 Coena
2553 2928 2729 2989 nobis
2770 2929 3030 3000 offertur,
3072 2946 3291 3020 corpus

363 3006 590 3069 scilicet
632 3008 865 3069 Christi.
908 3010 1254 3070 Notandum
1297 3009 1456 3069 enim
1499 3011 1879 3071 Sacramenta
1919 3010 2235 3088 dupliciter
2276 3009 2710 3068 consideranda
2752 3028 2907 3086 esse,
2942 3009 3197 3086 primum
3231 3007 3293 3068 in

363 3087 426 3146 in
453 3106 564 3163 se,
604 3091 870 3149 secundo
913 3090 974 3149 in
1015 3092 1221 3167 nobiS,
1267 3092 1359 3150 vel
1399 3090 1460 3149 in
1500 3108 1608 3150 vsu
1638 3091 1923 3168 ipsorum.
1966 3090 2221 3150 Ratione
2244 3088 2800 3149 Sacramentorum
2784 3107 2846 3148 ιιι
2866 3106 2963 3166 se,
3000 3090 3295 3147 adunatur

364 3170 506 3227 vere
562 3188 776 3245 corpus
819 3169 1039 3230 Christi
1079 3136 1221 3247 pani
1261 3174 1316 3230 &
1358 3171 1527 3229 vino:
1594 3189 1718 3231 non
1762 3182 1963 3231 tamen
2005 3169 2407 3262 corporaliter.
2470 3170 2727 3245 Verum,
2768 3178 2832 3227 vt
2872 3133 3051 3229 tot’ius
3090 3170 3291 3227 Sacra-

363 3247 549 3306 menti
589 3249 688 3309 fiat
725 3249 854 3325 quis
895 3250 1223 3328 particepS,
1265 3250 1490 3328 aliquid
1533 3249 1847 3327 requiritur
1885 3254 1922 3309 a
1961 3261 2129 3328 parte
2170 3248 2389 3327 ipsius,
2430 3247 2709 3307 nimirum
2750 3249 2915 3309 fides,
2968 3248 3295 3308 Exhibetur

367 3346 512 3405 ergo
554 3346 690 3387 cum
730 3349 882 3406 pane
923 3332 978 3389 δι
1019 3330 1160 3390 vino
1203 3349 1420 3407 corpus
1463 3330 1712 3407 Christi,
1772 3331 2003 3391 ratione
2068 3294 2432 3389 Sacramenti
2473 3328 2534 3387 ιιι
2575 3348 2637 3388 se
2679 3328 3071 3406 considerati,
3114 3328 3294 3389 etiam

364 3406 610 3467 infideli:
674 3420 872 3469 tamen
935 3412 1072 3470 cum
1127 3421 1360 3471 constet
1409 3409 1674 3471 infideles
1737 3410 1975 3470 destitui
2029 3413 2083 3470 &
2126 3419 2288 3469 recta
2331 3410 2667 3479 voluntate,
2714 3411 2769 3468 &
2812 3374 3071 3485 instru(f.’
3115 3410 3292 3484 1738)

367 3499 604 3565 ment0,
649 3507 771 3565 quo
813 3510 934 3549 vno
975 3489 1160 3567 recipi
1201 3500 1428 3569 potest,
1479 3510 1551 3549 ac
1591 3492 1772 3551 debet
1813 3508 2036 3568 corpus
2080 3488 2331 3566 Christi,
2384 3508 2601 3565 nempe
2642 3489 2794 3564 fide,
2836 3509 2961 3550 non
3000 3502 3089 3548 est
3129 3488 3295 3565 quod

365 3568 565 3627 Deum
627 3568 924 3648 incusent,
987 3570 1154 3662 quasi
1215 3590 1339 3631 non
1393 3572 1813 3662 praebentem
1843 3572 2009 3649 quod
2052 3567 2338 3647 promisit.
2398 3570 2603 3627 Manet
2643 3568 2867 3628 interea
2906 3570 2994 3629 vis
3034 3568 3293 3645 mysterij

367 3646 626 3725 integra,
669 3652 1048 3727 quantumuis
1088 3670 1222 3709 eam
1263 3650 1514 3729 impius»,
1557 3651 1758 3727 quoad
1797 3650 1860 3711 in
1900 3670 1964 3711 se
2006 3660 2124 3728 est,
2164 3647 2462 3709 exinanire
2503 3649 2764 3725 studeat,
2806 3668 2919 3708 nec
2954 3648 3079 3709 eius
3108 3648 3297 3726 ingra-

365 3727 614 3787 titudine
653 3730 880 3807 aliquid
919 3730 1145 3790 detrahi
1187 3742 1287 3789 aut
1328 3730 1677 3791 intercidere
1719 3741 1916 3808 potest
1955 3730 2034 3790 de
2074 3694 2192 3789 fi’de
2232 3726 2693 3806 promissionum
2738 3727 2871 3788 Dei.

453 3824 540 3885 15.
623 3812 792 3869 Rnis
854 3810 1002 3870 alius
1055 3810 1399 3889 primarius,
1457 3810 1604 3870 alius
1643 3810 2046 3871 secundarius
2087 3811 2431 3868 Primarius
2472 3818 2562 3868 est
2602 3816 2663 3867 vt
2704 3809 2817 3867 hac
2857 3806 3091 3867 actione
3132 3826 3293 3867 com-

369 3890 759 3949 monefiamus
799 3890 1101 3950 Christum
1165 3900 1466 3951 mortuum
1527 3910 1654 3951 esse
1705 3910 1815 3968 pro
1873 3890 2069 3951 nobis,
2129 3890 2421 3964 Carnem,
2463 3890 2519 3948 δι
2560 3889 2906 3978 sanguinem
2956 3904 3127 3948 suum
3168 3906 3297 3947 esse

366 3972 502 4027 vere
563 3970 793 4047 cibum,
855 3974 910 4032 δι
971 3981 1182 4048 potum
1243 3981 1514 4031 nostrum
1569 3969 1963 4049 spiritualem,
2025 3974 2080 4031 &
2134 3988 2245 4029 nos
2286 3967 2709 4029 communione
2754 3968 2971 4028 Christi
3013 3966 3295 4027 viuificari

365 4048 708 4109 sentiamus
773 4053 1167 4110 Secundartus
1207 4062 1321 4129 est,
1362 4062 1426 4111 vt
1467 4050 1540 4111 sit
1577 4050 1911 4112 testificatio
1952 4050 2188 4111 debitae
2229 4046 2599 4125 gratitudinis
2640 4068 2779 4125 erga
2820 4048 3117 4108 Christum
3157 4068 3295 4107 con-

363 4127 562 4188 iuncta
605 4147 744 4189 cum
793 4130 1026 4191 solenni
1066 4096 1385 4209 gratiartim
1425 4131 1676 4192 aetionis
1717 4130 1859 4191 ritu.
1918 4131 2303 4208 Symbolum,
2344 4130 2399 4188 δι
2440 4127 2653 4205 pignus
2693 4140 2929 4187 mutuae
2972 4127 3267 4188 charitatis
3284 4173 3300 4202 ,

363 4207 666 4269 vinculum
708 4209 1077 4289 dilectionis,
1120 4213 1175 4270 δι
1215 4222 1364 4272 nota
1402 4212 1520 4289 qua
1559 4212 1830 4273 Ecclesia
1877 4212 1995 4271 Dei
2040 4212 2117 4270 ab
2164 4174 2497 4269 infidelibus
2536 4208 2928 4287 distinguitur.

1759 4456 1834 4517 35
2945 4442 3105 4499 Lm.
3164 4436 3297 4497 DE
