3923 4875
549 361 668 415 204
1473 347 1799 394 russas
1857 343 2519 390 rnnonoorcas.

541 537 723 579 vnum
783 534 920 578 cum
979 515 1110 594 ipso
1170 513 1314 591 sint,
1355 514 1412 572 δι
1451 511 1653 572 omnia
1691 511 1752 572 in
1791 509 1893 570 illo
1933 509 2303 586 possideant,
2342 511 2379 568 a
2418 523 2539 586 quo
2588 529 2637 569 1.
2678 507 2923 586 quidem
2962 507 3327 571 redimimur.
3400 531 3461 573 2.

545 597 946 660 iustificamur.
990 616 1048 672 3.
1087 593 1537 656 sanctificamur.
1581 613 1638 667 4.
1677 591 1921 652 tandem
1961 594 2104 651 vero
2144 588 2352 648 animis
2390 589 2545 648 intus
2576 589 2695 649 fide
2715 589 2975 668 purgatis
2988 633 3005 668 ‚
3038 608 3294 666 corpore
3318 597 3460 654 vero

545 677 776 758 peccati
819 678 1148 755 putrefacto
1164 721 1181 754 ,
1219 673 1487 754 potentia
1523 670 1742 734 Christi
1780 670 1842 731 in
1881 670 2065 731 vitam
2105 669 2265 729 illam
2304 669 2541 728 beatam
2581 668 2939 747 resurgimus
2957 714 2974 748 ,
3010 668 3129 746 qua
3148 669 3332 732 donet
3352 691 3463 734 nos

550 757 842 840 benignus
881 756 980 818 ille
1021 758 1210 818 Pater.
1271 756 1486 815 Amen.

1815 981 2203 994 -ffl

740 1199 961 1260 XXXI.
1043 1197 1178 1256 DE
1237 1193 1870 1256 VOCATIONE
1931 1191 2461 1253 HOMINUM
2522 1191 2660 1250 AD
2719 1191 3251 1252 SALUTEM.

1777 1397 2106 1457 Tussis
2183 1397 2237 1456 1.

620 1556 764 1615 Cvu
821 1555 1014 1627 Deus,
1077 1562 1320 1613 naturae
1367 1550 1550 1630 ipsius
1597 1554 1730 1612 luce
1745 1595 1763 1631 ,
1812 1551 2089 1612 credatur
2136 1552 2350 1614 author
2388 1570 2516 1612 esse
2557 1551 2614 1610 δι
2654 1549 3009 1628 principium
3050 1550 3243 1612 omnis
3280 1551 3456 1630 boni,

541 1633 884 1713 praesertim
943 1635 1084 1694 vero
1125 1631 1324 1692 salutis
1363 1630 1514 1692 illius
1554 1631 1630 1692 sit
1667 1643 1944 1692 aeternae
1984 1633 2222 1708 author,
2262 1649 2417 1708 quae
2458 1630 2632 1692 nobis
2674 1649 2779 1708 per
2819 1629 3123 1692 Christum
3163 1642 3331 1709 parta
3368 1643 3461 1693 est

541 1721 596 1776 δι
647 1715 708 1775 in
749 1712 932 1774 coelis
970 1721 1348 1772 conseruata:
1391 1712 1663 1790 profecto
1705 1730 1828 1789 quo
1869 1711 1995 1772 iure
2036 1713 2101 1788 (f.
2150 1714 2347 1790 1⁶79·)
2386 1709 2843 1789 praedestinatio
2883 1720 3229 1772 sanctorum
3268 1711 3326 1772 ei
3364 1712 3460 1774 tri·

540 1794 771 1872 buitur,
811 1793 1026 1854 eodem
1065 1809 1306 1869 quoque
1347 1791 1472 1852 iure
1511 1791 1749 1852 vocatio
1787 1792 2034 1852 ferenda
2070 1802 2161 1853 est
2198 1791 2393 1852 eidem
2432 1802 2709 1871 accepta3
2740 1803 2915 1869 provt
2935 1789 3079 1852 dicit
3097 1794 3424 1870 Apostolus
3440 1837 3459 1870 ,

544 1874 712 1953 quod
747 1870 1202 1952 praedestinauit
1241 1891 1346 1932 eos
1385 1873 1440 1932 δι
1481 1871 1738 1932 vocauit.
1797 1873 2051 1934 Roman.
2094 1875 2153 1932 8.

625 1974 678 2014 2.
761 1955 868 2013 Est
907 1963 1104 2012 autem
1145 1955 1369 2014 vocatio
1408 1954 1558 2012 haec
1597 1950 1756 2014 actio
1796 1951 2057 2030 gratiosa
2094 1952 2210 2012 Dei
2250 1951 2312 2011 in
2354 1951 2592 2013 Christo
2632 1953 2800 2025 Iesu,
2832 1967 2953 2027 qua
2971 1963 3167 2013 certos
3188 1951 3463 2014 homines

539 2053 650 2111 pro
690 2035 852 2094 bona
891 2034 1194 2092 voluntate
1235 2049 1340 2092 sua
1377 2042 1556 2092 vocat
1594 2031 1738 2094 foris
1778 2031 2175 2092 communiter
2188 2077 2207 2110 ,
2246 2041 2349 2092 aut
2378 2031 2535 2092 intus
2554 2029 2923 2108 singulariter
2940 2032 3019 2092 ad
3039 2031 3463 2094 conscientiam

539 2117 594 2174 δι
636 2111 1126 2174 communionem
1163 2111 1502 2190 adoptionis
1541 2112 1816 2189 vitaeque
1854 2122 2129 2173 aeternae
2157 2110 2219 2172 in
2246 2112 2427 2174 coelis
2459 2112 2539 2172 ad
2563 2110 2789 2189 gloriae
2818 2129 2959 2172 suae
2980 2111 3461 2174 declarationem.

618 2212 678 2271 3.
767 2193 966 2252 Genus
1024 2203 1115 2252 est
1173 2191 1330 2252 actio
1343 2237 1362 2271 ‚
1423 2211 1547 2252 non
1587 2191 1828 2270 quidem
1867 2191 2149 2254 naturalis
2162 2237 2179 2269 ,
2218 2192 2327 2253 sed
2362 2189 2693 2252 voluntaria
2731 2201 2911 2268 atque
2950 2189 3211 2268 gratiosa
3249 2191 3365 2252 Dei
3402 2190 3463 2252 in

543 2271 779 2332 Christo
821 2275 986 2344 Iesu,
1029 2282 1094 2333 vt
1131 2271 1192 2331 in
1233 2291 1355 2350 quo
1395 2291 1606 2334 omnes
1639 2282 1775 2333 sunt
1813 2271 2072 2333 thesauri
2110 2271 2333 2351 gratiae
2367 2270 2678 2332 reconditi.
2718 2273 2917 2348 Atque
2935 2273 3054 2332 hoc
3074 2281 3253 2362 pacto
3273 2273 3465 2333 exclu-

542 2352 700 2412 ditur
759 2351 996 2412 vocatio
1054 2352 1399 2414 vniuersalis
1415 2398 1432 2430 ‚
1489 2370 1610 2429 qua
1669 2352 1999 2414 secundum
2060 2363 2331 2413 naturam
2370 2351 2549 2413 etiam
2588 2351 2649 2412 in
2692 2351 2807 2412 hac
2846 2361 3227 2429 corruptione
3264 2363 3467 2414 nostra

539 2435 728 2494 homo
791 2444 1036 2494 vocatur
1096 2433 1176 2493 ad
1235 2431 1659 2495 conscientiam
1719 2437 1774 2495 δι
1833 2431 2093 2495 studium
2136 2431 2337 2495 salutis
2376 2450 2547 2512 suae,
2586 2442 2715 2493 tum
2757 2430 3179 2494 vniuersalibus
3220 2444 3467 2495 naturae

540 2513 914 2575 documentis
953 2516 1118 2589 (nam
1160 2514 1312 2575 coeli
1355 2523 1627 2576 enarrant
1667 2512 1916 2593 gloriam
1958 2512 2094 2575 Dei.
2134 2515 2303 2575 Psal.
2347 2516 2463 2591 19.)
2502 2522 2630 2573 tum
2670 2511 3063 2591 singularibus
3082 2511 3385 2591 principiis
3404 2518 3459 2575 δι

541 2592 886 2655 notionibus
924 2592 1342 2655 communibus
1381 2594 1700 2655 intellectui
1740 2604 1944 2655 nostro
1988 2596 2027 2654 a
2066 2606 2275 2655 natura
2313 2592 2530 2655 inditis.

623 2694 682 2747 4.
761 2675 1134 2753 Differentia
1191 2692 1298 2751 per
1357 2692 1594 2737 caussas
1635 2674 1966 2752 exponitur.
2010 2673 2205 2735 Prima
2244 2684 2332 2735 est
2369 2673 2664 2751 efficeres,
2704 2670 2981 2733 nimirum
3020 2673 3207 2750 gratia
3246 2674 3358 2733 Dei
3396 2674 3457 2735 in

541 2753 779 2815 Christo
819 2756 954 2814 Iesu
992 2752 1259 2815 vocantis
1299 2772 1412 2815 nos
1451 2756 1529 2815 ad
1569 2773 1635 2815 se
1675 2773 1786 2832 pro
1820 2756 1983 2815 bona
2005 2756 2307 2815 voluntate
2329 2770 2463 2832 sua,
2493 2769 2901 2831 quoscumque
2914 2798 2933 2831 ,
2968 2764 3069 2813 aut
3088 2752 3461 2830 prouidentia

537 2834 730 2895 visum
771 2843 858 2895 est
896 2834 976 2894 ad
1015 2832 1440 2895 conscientiam
1455 2881 1473 2914 ,
1513 2846 1614 2895 aut
1653 2834 2187 2913 praedestinatione
2228 2852 2445 2895 vocare
2482 2834 2561 2893 ad
2602 2832 3089 2894 communionem
3128 2834 3184 2892 δι
3205 2835 3459 2895 fructum

539 2914 694 2975 vitae
735 2924 1010 2974 aeternae
1049 2914 1111 2974 in
1152 2912 1352 2975 coelis.

621 3010 676 3071 5.
757 2994 1061 3073 Secunda,
1101 2996 1423 3055 materialis
1463 3004 1582 3073 est3
1623 2994 1788 3071 quod
1827 2994 2099 3055 homines
2137 3010 2261 3053 non
2304 2992 2609 3056 vniuersos
2648 2994 2707 3052 &
2726 2990 2987 3072 singulos
3008 2995 3122 3054 hac
3143 2991 3459 3054 vocatione

537 3083 744 3152 vocat,
804 3083 980 3151 provt
1017 3082 1259 3134 naturae
1301 3073 1671 3135 documentis
1711 3072 1985 3151 quamuis
2024 3084 2339 3151 corruptae
2353 3120 2371 3153 ,
2410 3075 2467 3133 δι
2506 3070 2815 3133 nationum
2854 3073 3461 3151 praeceptionumque

535 3154 972 3231 communium,
1011 3152 1075 3215 id
1114 3166 1204 3214 est
1234 3153 1666 3247 principiorum
1707 3153 2151 3233 ingeneratione
2191 3153 2360 3233 facit,
2402 3152 2509 3213 sed
2546 3162 2777 3213 tannim
2815 3162 3013 3215 certos
3052 3152 3163 3231 ipsi
3183 3152 3457 3215 homines

535 3236 614 3295 ab
673 3243 918 3295 aeterno
933 3279 950 3311 ‚
1010 3250 1280 3311 quamvis
1337 3234 1512 3295 nobis
1551 3252 1676 3295 non
1719 3237 2013 3312 peraeque
2054 3244 2249 3295 certos
2264 3280 2281 3312 ‚
2320 3244 2499 3296 vocat
2538 3251 2648 3310 pro
2688 3231 2953 3295 instituto
2994 3232 3456 3311 sapientissimae

536 3312 945 3393 prouidentiae
959 3358 976 3391 ,
1017 3323 1119 3374 aut
1157 3314 1450 3393 gratiosae
1487 3312 2041 3393 praedestinationis
2081 3330 2241 3375 suae.

617 3396 674 3454 6.
756 3392 961 3455 Tertia
974 3438 993 3473 ,
1037 3394 1356 3471 formalis,
1421 3394 1483 3455 in
1523 3393 1810 3455 relatione
1851 3393 1976 3455 siue
2016 3392 2413 3472 applicatione
2452 3390 2743 3471 gratiosae
2782 3392 3035 3454 actionis
3074 3391 3229 3453 illius
3266 3391 3461 3471 posita

537 3482 658 3535 ὅτε
715 3489 835 3550 qua
892 3484 1070 3535 vocat
1108 3474 1378 3535 homines
1417 3494 1492 3534 ex
1532 3474 1757 3535 mundo
1789 3474 1850 3535 in
1893 3475 2129 3535 coelum
2170 3492 2243 3534 ex
2282 3482 2493 3533 natura
2528 3469 2593 3532 in
2632 3474 3135 3550 supernaturalem
3174 3471 3425 3551 gratiam
3439 3517 3458 3549 ,

534 3552 660 3615 siue
691 3552 836 3615 foris
875 3552 1296 3631 communiter,
1337 3553 1462 3615 siue
1499 3553 1655 3615 intus
1695 3552 2064 3633 singulariter
2102 3554 2183 3615 ad
2222 3552 2648 3615 conscientiam
2681 3555 2740 3613 &
2758 3548 3245 3614 communionem
3264 3552 3450 3631 adop·

535 3632 712 3695 tionis
751 3632 1019 3695 salutaris
1057 3633 1332 3710 vitaeque
1370 3643 1642 3695 aeternae
1679 3634 1742 3695 in
1785 3634 1987 3696 coelis.
2047 3635 2155 3695 Est
2192 3633 2391 3712 itaque
2428 3634 2577 3693 haec
2617 3633 2811 3694 forma
2847 3632 3098 3711 duplex:
3140 3651 3259 3693 vna
3296 3651 3457 3693 com-

537 3712 728 3775 munis
742 3758 761 3793 ,
801 3718 857 3775 δι
895 3711 1260 3793 particularis
1299 3732 1370 3774 ac
1411 3714 1716 3793 singularis
1755 3717 1954 3776 altera.

614 3811 670 3873 7.
754 3794 1106 3856 Communis
1145 3794 1384 3855 vocatio
1423 3805 1513 3855 est
1527 3840 1544 3874 ,
1585 3811 1704 3873 qua
1743 3796 1907 3856 Deus
1947 3810 2267 3855 commune
2307 3792 2546 3854 humani
2586 3790 2817 3872 generis
2856 3803 3035 3854 vocat
3072 3792 3217 3854 foris
3234 3793 3423 3855 verbo
3441 3837 3460 3872 ,

529 3874 913 3937 sacramentis
926 3920 943 3955 ‚
989 3876 1044 3935 δι
1085 3873 1392 3935 communi
1432 3874 1736 3937 Ecclesiae
1777 3874 2133 3953 piorumque
2175 3876 2583 3935 membrorum
2614 3872 2765 3934 illius
2787 3872 3112 3935 ministerio
3129 3872 3461 3933 secundum

529 3971 912 4017 communem
953 3958 1009 4015 δι
1049 3954 1354 4032 publicum
1396 3955 1653 4017 vocandi
1696 3955 1940 4016 modum
1955 4001 1973 4033 ,
2016 3955 2298 4031 iubetque
2336 3954 2606 4015 conuerti
2644 3955 2682 4013 a
2720 3952 2979 4016 tenebris
3017 3952 3099 4014 ad
3135 3954 3364 4031 lucem,
3404 3954 3463 4013 δε

533 4037 570 4094 a
625 4034 891 4114 potentia
940 4036 1190 4097 Satanae
1227 4035 1309 4096 ad
1357 4054 1421 4096 se
1461 4038 1547 4111 (vt
1591 4038 1804 4096 Paulus
1846 4034 2107 4113 loquitur
2146 4038 2275 4095 Act.
2322 4036 2441 4110 26.)
2482 4052 2559 4094 ex
2598 4032 2815 4112 placito
2858 4032 3267 4112 prouidentiae
3302 4050 3463 4094 suae.

611 4118 668 4176 8.
751 4114 1070 4192 Singularis
1118 4115 1360 4176 vocatio
1408 4124 1524 4192 est,
1579 4134 1700 4193 qua
1740 4119 1902 4177 Deus
1940 4130 2262 4175 commune
2302 4116 2628 4175 electorum
2666 4130 2911 4175 suorum
2924 4158 2942 4193 ,
2984 4119 3311 4191 eorumque
3348 4112 3462 4173 sin-

533 4196 706 4273 gulos
766 4208 942 4255 vocat
1001 4195 1156 4256 intus
1171 4240 1190 4275 ,
1247 4214 1372 4256 non
1411 4197 1606 4257 solum
1645 4198 1832 4258 verbo
1847 4242 1864 4273 ‚
1905 4194 2283 4257 sacramentis
2297 4240 2314 4273 ‚
2353 4197 2411 4254 δι
2450 4192 2729 4272 singulari
2766 4193 3069 4256 Ecclesiae
3110 4194 3461 4273 piorumque

536 4276 943 4335 membrorum
997 4274 1151 4336 illius
1189 4274 1512 4337 ministerio
1525 4322 1543 4355 ‚
1586 4294 1792 4337 verum
1831 4280 1886 4337 δι
1928 4275 2336 4337 testificatione
2376 4274 2632 4352 interna,
2672 4275 2727 4334 δι
2766 4274 3173 4351 alloquutione
3212 4271 3459 4351 Spiritus

538 4354 1031 4416 Sanctificationis
1093 4354 1154 4415 in
1215 4354 1514 4417 mentibus
1573 4356 1837 4434 ipsorum
1853 4401 1870 4435 ,
1932 4355 2228 4435 docetque
2288 4358 2344 4415 &
2396 4354 2501 4415 dat
2552 4352 2635 4414 eis
2688 4354 2957 4415 conuerti
3004 4357 3042 4414 a
3080 4352 3339 4415 tenebris
3378 4352 3457 4413 ad
3568 4386 3587 4397 ·

3232 4432 3427 4492 lucem
3438 4476 3455 4510 ,
