3923 4875
1243 379 1344 430 nr.
1403 378 1830 430 3031111111
1889 376 2145 431 mosis
2204 374 2493 434 033311.
3212 372 3325 449 345

415 542 805 624 contendere,
845 554 972 605 tum
1012 550 1155 605 vero
1195 546 1332 622 01113
1371 558 1578 607 natura
1607 547 1734 625 ipsa
1775 556 2113 609 constanter
2154 548 2333 607 docet
2375 566 2583 608 omnes
2616 556 2812 624 partes
2852 544 3024 607 vnius
3062 547 3331 623 corporis

415 627 492 686 ad
534 635 725 685 toturn
766 591 1058 703 ordinari,
1100 626 1154 685 &
1195 626 1366 686 vnius
1403 626 1586 717 partis
1627 627 1915 689 rationem
1957 626 2202 689 seorsim
2244 627 2621 687 constitutam
2660 645 2725 686 re
2761 626 2891 706 ipsa
2928 626 3333 704 imperfectam

415 724 580 779 esse,
622 706 818 765 donec
858 706 937 765 ad
977 704 1266 766 rationem
1308 706 1515 786 totius,
1557 706 1722 768 cuius
1762 728 1898 785 pars
1931 708 2033 769 illa
2072 718 2189 781 est,
2230 718 2561 768 reuocetur.

494 787 693 879 Atque
732 788 884 846 haec
921 786 1164 865 quidem
1206 786 1468 849 definitio
1509 787 1654 866 legis
1693 787 1932 867 proprie
1972 786 2434 881 simpliciterque
2474 789 2550 848 de
2590 786 2756 848 omni
2793 788 2925 865 lege
2966 786 3331 865 enunciatur,

415 885 567 942 01133
607 867 668 927 13
707 867 884 927 rebus
923 866 1133 927 creatis
1173 886 1432 945 vnquam
1471 866 1735 929 instituta
1775 880 1894 945 est,
1934 880 2035 930 aut
2077 870 2257 947 porro
2296 867 2521 929 institui
2557 877 2781 945 potest:
2824 869 2931 928 sed
2970 880 3171 927 tamen
3192 868 3331 944 quia

413 950 534 1009 hoc
574 948 766 1027 ipsum
807 946 951 1027 legis
991 966 1212 1008 nomen
1255 950 1330 1009 de
1371 966 1598 1010 summa
1639 950 1738 1011 illa
1778 950 2005 1011 ratione
2046 950 2281 1011 diuinae
2322 948 2617 1027 sapientae
2639 946 2933 1008 mouentis
2953 950 3009 1009 &
3029 946 3329 1025 dirigentis

415 1028 616 1089 omnia
655 1029 733 1088 ad
773 1030 954 1090 finem
993 1027 1209 1089 iustum
1249 1027 1575 1107 praedicari
1615 1031 1797 1108 solet,
1839 1032 2057 1091 eodem
2095 1047 2334 1120 01100113
2376 1028 2562 1089 modo
2603 1027 2750 1106 legis
2782 1026 3045 1088 definitio
3086 1026 3233 1086 haec
3254 1027 3329 1087 de

413 1108 513 1169 illa
573 1126 805 1170 summa
863 1108 1089 1169 ratione
1147 1110 1243 1169 vel
1301 1109 1674 1171 ordinatione
1714 1110 2111 1172 communiter
2148 1108 2561 1199 intelligenda
2568 1118 2675 1170 est.
2736 1105 2969 1167 Dicitur
3006 1116 3201 1166 autem
3236 1108 3329 1167 lex

413 1188 514 1249 ina
545 1189 884 1267 analogice,
923 1209 996 1249 ac
1035 1207 1158 1249 non
1199 1200 1498 1267 tamquam
1541 1192 1840 1271 ὁμογενής,
1881 1190 1943 1250 id
1987 1204 2108 1270 est,
2148 1190 2323 1251 vnius
2364 1187 2595 1267 generis
2634 1204 2773 1248 cum
2813 1186 3042 1264 legibus
3082 1185 3327 1247 nostris:

415 1287 557 1347 ergo
598 1268 1006 1330 definitionem
1047 1287 1287 1348 quoque
1327 1270 1502 1349 13313,
1545 1290 1724 1347 quam
1757 1258 1942 1331 modo
1984 1272 2369 1347 asseruimus,
2410 1269 2493 1329 sie
2534 1266 2841 1346 analogice
2862 1278 3100 1345 oportet
3120 1265 3331 1345 accipi,

413 1359 476 1408 vt
518 1366 636 1424 qua
677 1351 822 1411 haec
863 1349 1138 1411 dicuntur
1179 1351 1258 1410 de
1295 1352 1464 1427 Deo,
1487 1316 1900 1429 intelligantur
1939 1358 2312 1432 θεοπρεπῶς,
2354 1352 2411 1411 81
2444 1360 2623 1442 prout
2654 1350 2731 1409 de
2769 1350 2905 1408 Deo
2946 1347 3081 1427 capi
3100 1350 3136 1407 a
3156 1346 3331 1407 nobis

412 1439 662 1507 possunt
675 1476 692 1507 ,
733 1448 850 1508 qua
888 1440 1088 1491 autem
1130 1430 1204 1491 de
1245 1430 1455 1491 creatis
1494 1432 1672 1491 rebus
1709 1431 2019 1522 enunciata
2056 1444 2221 1508 sunt,
2264 1431 2500 1522 proprie
2539 1428 2952 1507 intelligantur.

491 1513 564 1569 In
606 1511 764 1570 hunc
805 1510 1092 1589 modum,
1130 1521 1194 1571 vt
1233 1509 1498 1572 definitio
1539 1510 1744 1592 LegiS,
1797 1511 1882 1572 sic
1921 1512 2135 1573 diuisio
2168 1512 2269 1572 illa
2306 1510 2496 1589 prima
2536 1508 2885 1587 accipienda
2925 1519 3042 1587 est,
3086 1524 3205 1585 qua
3244 1505 3333 1567 vsi

414 1608 614 1649 sumus
655 1590 916 1651 dicentes
937 1636 954 1669 ,

491 1673 712 1731 LEGEM
752 1680 862 1731 aut
898 1678 1194 1730 aeternam
1235 1690 1382 1749 esse,
1426 1680 1535 1731 aut
1567 1671 1948 1749 informatam
1994 1673 2071 1732 ὁ·
2108 1674 2389 1732 traditam
2430 1673 2493 1730 in
2528 1679 2799 1748 tempore.

491 1750 727 1811 Etenim
767 1752 878 1811 hae
921 1751 1072 1811 duae
1112 1750 1340 1829 species
1379 1770 1502 1811 non
1543 1761 1678 1811 sunt
1718 1752 1886 1813 vnius
1925 1752 2157 1843 generis
2200 1751 2459 1830 proprie,
2502 1750 2610 1809 sed
2648 1746 2953 1827 analogice
2992 1748 3225 1808 13311113
3248 1748 3326 1807 ad

413 1849 596 1891 vnum
636 1834 796 1891 velut
835 1850 1152 1891 commune
1195 1843 1375 1909 caput
1413 1833 1768 1911 referuntur,
1810 1831 2081 1910 quamuis
2119 1843 2249 1893 toto
2289 1850 2503 1911 genere
2546 1830 2900 1889 differentes,
2944 1830 3325 1927 Quapropter

411 1910 586 1970 etiam
627 1910 690 1970 in
729 1913 842 1971 hac
883 1911 1172 1972 diuisione
1212 1912 1402 1988 (quod
1442 1930 1628 1989 genus
1666 1913 1878 1991 Logici
1917 1914 2017 1985 ἀφ’
2061 1914 2189 1979 ἑνὸς
2230 1914 2371 1991 πρὸς
2400 1912 2463 1971 ἓν
2484 1912 2873 1988 appellarunt)
2892 1920 3019 1969 tum
3060 1910 3129 1969 τὸ
3150 1912 3329 1975 φίσοι

411 1993 689 2069 πρότερον
749 1997 845 2049 καὶ
913 1990 1148 2071 ῧςερον,
1209 2001 1338 2051 tum
1402 1992 1578 2053 etiam
1619 1992 1686 2051 τὸ
1726 1998 1946 2069 μᾶλλον
1980 1994 2075 2051 καὶ
2116 1985 2285 2067 ἦττον
2322 1994 2685 2052 obseruatur.
2726 1991 2853 2049 Lex
2892 1989 3053 2049 enim
3092 1996 3331 2048 aeterna

412 2074 467 2127 &
509 2082 714 2129 natura
757 2089 857 2130 sua
900 2090 1061 2148 prior
1102 2080 1220 2150 est,
1262 2072 1317 2131 &
1359 2092 1600 2132 omnem
1641 2073 1816 2150 Legis
1845 2072 2125 2132 naturalis
2154 2092 2227 2132 ac
2243 2073 2539 2132 humanae
2558 2070 2804 2131 modum
2826 2069 3073 2130 omnino
3094 2076 3331 2145 superat

413 2147 638 2211 infinita
677 2150 887 2211 virtute
927 2168 1050 2211 sua.

492 2232 714 2308 Legem
755 2242 1054 2291 aeternam
1093 2231 1208 2291 Dei
1247 2233 1366 2292 hoc
1407 2232 1592 2293 modo
1633 2231 1977 2294 definimus:
2021 2250 2151 2293 3333
2180 2240 2505 2312 conceptum
2532 2232 2937 2291 emmutabaelem
2943 2230 3327 2307 formamque

416 2312 665 2370 rationis
722 2314 784 2371 in
844 2312 979 2371 Deo
1033 2315 1298 2400 princtpe
1353 2316 1752 2374 vniuersitatzls·
1812 2316 2135 2373 existentem
2196 2323 2329 2374 ante
2366 2315 2562 2373 omnia
2598 2321 2861 2403 tempora
2876 2352 2895 2383 ,
2936 2308 3211 2369 nimirum
3250 2309 3329 2367 ad

411 2408 726 2452 commune
765 2394 1022 2483 bonum,
1063 2402 1241 2470 prout
1281 2392 1340 2454 in
1375 2392 1680 2454 communi
1719 2391 2061 2454 definitione
2098 2394 2287 2455 fuerat
2326 2396 2461 2454 ante
2500 2390 2888 2471 propositum.
2932 2389 3167 2480 Quibus
3203 2406 3331 2448 ver·

413 2470 504 2530 bis
542 2473 768 2562 Legem
808 2471 968 2532 illam
1009 2483 1307 2532 aeternam
1353 2492 1528 2553 supra
1559 2483 1830 2534 naturam
1863 2477 2065 2552 legum
2104 2472 2349 2535 aliarum
2389 2473 2655 2533 omnium
2697 2477 2785 2548 (vt
2824 2471 3007 2531 modo
3050 2467 3327 2544 diximus)

411 2549 740 2612 asserimus.
783 2553 941 2612 Num
981 2553 1086 2612 vbi
1124 2563 1448 2632 conceptum
1490 2556 1896 2614 immutabilem
1921 2556 2287 2632 fi‘mnquue
2305 2556 2557 2614 rationis
2577 2555 2768 2631 legem
2798 2564 3099 2612 aeternam
3131 2550 3329 2626 appel·

408 2631 616 2708 13111113,
657 2650 870 2710 purum
891 2643 1099 2710 putum
1123 2643 1322 2693 actum
1344 2653 1471 2694 esse
1491 2634 1991 2724 demonstramus.
2014 2635 2519 2726 quemadmodum
2551 2636 2715 2693 Deus
2747 2637 2900 2706 ἁπλῆ
2924 2631 3184 2710 ἐνέργεια
3222 2639 3329 2708 331,

411 2712 448 2769 a
488 2730 608 2787 quo
650 2724 954 2804 tamquam
995 2712 1310 2773 vniuersali
1360 2714 1651 2806 principio
1693 2733 1788 2775 res
1827 2732 2035 2775 omnes
2083 2715 2385 2775 vniuersae
2424 2715 2705 2790 pendent.
2780 2714 2933 2772 Cum
2974 2724 3170 2770 autem
3212 2711 3328 2769 for·

411 2811 570 2850 mam
630 2793 788 2852 illam
828 2792 1070 2853 rationis
1110 2797 1146 2854 a
1187 2795 1320 2853 Deo
1361 2796 1417 2855 &
1457 2795 1518 2854 in
1561 2797 1696 2856 Deo
1738 2805 2093 2873 conceptam
2134 2814 2261 2855 esse
2300 2793 2376 2853 ad
2414 2812 2731 2854 commune
2774 2793 3003 2852 bonum
3044 2787 3329 2864 dicimus,

415 2870 726 2933 manifesto
788 2875 982 2950 legem
1036 2885 1334 2934 aeternam
1375 2873 1490 2935 Dei
1541 2877 1578 2934 a
1615 2875 1844 2936 ratione
1884 2875 2111 2952 reliqua
2149 2874 2387 2934 diuinae
2426 2874 2744 2952 sapientiae
2784 2891 2925 2964 erga
2962 2889 3057 2930 res
3099 2880 3325 2929 3133133

411 2951 634 3029 agentis
677 2954 732 3012 &
772 2953 1118 3044 occupantis
1159 2973 1285 3014 sese
1324 2953 1755 3032 distinguimus.
1827 2957 1985 3014 Nam
2027 2955 2173 3015 ratio
2215 2953 2449 3015 diuinae
2488 2954 2639 3014 1111113
2680 2951 3026 3042 sapientiae,
3076 2966 3226 3026 quae
3268 2949 3329 3008 in

411 3033 587 3091 rebus
627 3033 837 3094 creatis
876 3034 1158 3114 agendis,
1215 3035 1558 3112 mouendis,
1616 3036 1671 3094 &
1712 3035 2106 3096 sustentandis
2146 3035 2389 3112 emicat,
2430 3053 2501 3094 ea
2533 3033 2594 3093 in
2628 3037 2805 3094 rebus
2848 3031 3125 3091 omnibus
3164 3029 3331 3088 omni

413 3122 682 3189 tempore
747 3125 1102 3190 occupatur.
1165 3115 1283 3176 Sed
1345 3115 1420 3176 de
1481 3133 1553 3176 ea
1607 3117 1799 3176 3011113
1859 3117 2089 3176 ratione
2139 3114 2373 3175 diuinae
2410 3114 2729 3193 sapientiae
2767 3115 2887 3174 hoc
2924 3113 3062 3172 loco
3104 3108 3327 3186 agitur,

412 3209 564 3268 01133
603 3193 874 3254 homines
905 3195 1134 3254 ratione
1175 3195 1475 3288 praeditos
1512 3195 1758 3256 instituit
1796 3196 1856 3255 in
1895 3195 2278 3275 perceptione
2318 3195 2529 3272 ipsius·
2580 3205 2643 3254 vt
2680 3213 2753 3254 ea
2784 3202 3061 3272 percepta
3106 3191 3183 3249 ad
3225 3191 3328 3250 ob-

411 3272 678 3348 sequium
721 3273 964 3350 iustum,
1019 3273 1301 3334 faciendis
1340 3274 1528 3354 1113113,
1573 3275 2002 3352 contrariisque
2042 3273 2361 3355 fugiendis,
2404 3255 2772 3336 adducantur
2812 3269 3145 3333 communis
3184 3268 3331 3330 boni

412 3353 942 3431 contemplatione,
1004 3353 1064 3414 in
1115 3373 1236 3446 quo
1291 3355 1464 3416 etiam
1505 3355 1798 3447 priuatum
1841 3359 1930 3431 (vt
1969 3359 2105 3416 ante
2146 3355 2615 3433 perstrinximus)
2652 3358 2707 3414 81
2748 3353 3101 3430 particulare
3132 3349 3329 3410 situm.

413 3433 793 3510 Quapropter
850 3433 1078 3512 optimo
1138 3435 1263 3494 iure
1317 3435 1456 3495 huic
1506 3434 1622 3514 legi
1658 3438 1786 3496 laus
1828 3436 1928 3495 illa
1966 3437 2283 3496 asserenda
2320 3447 2439 3514 est,
2489 3452 2669 3526 quam
2708 3433 3043 3493 humanitus
3082 3430 3159 3489 de
3198 3430 3329 3506 lege

411 3512 774 3604 Chrysippus
816 3515 1286 3593 praedicanerat,
1327 3517 1508 3576 Hanc
1547 3515 1813 3594 reginam
1854 3533 2011 3592 esse,
2052 3481 2439 3607 praesidem,
2458 3515 2938 3592 principemque,
2958 3513 3013 3570 &
3034 3512 3324 3570 iustorum

411 3591 878 3670 iniustorumque
938 3596 1230 3672 regulam,
1291 3595 1386 3656 3111
1440 3587 1710 3672 'politicas
1772 3595 2100 3656 animantes
2155 3597 2209 3655 &
2250 3595 2499 3657 sociales
2540 3613 2751 3656 omnes
2789 3611 2940 3672 opus
2980 3590 3053 3651 sit
3092 3591 3327 3650 consor-

413 3673 580 3733 mari.
622 3676 794 3734 Haec
835 3674 992 3735 3111111
1035 3695 1140 3753 per
1179 3695 1243 3735 se
1284 3678 1484 3754 regula
1524 3685 1644 3754 est,
1697 3694 1821 3736 non
1861 3690 2059 3736 autem
2099 3676 2297 3756 dono,
2340 3673 2911 3750 communicatione,
2951 3682 3053 3731 aut
3094 3668 3329 3748 partici-

413 3752 650 3830 patione
692 3753 910 3815 aliena:
954 3756 1127 3814 Haec
1159 3766 1398 3816 aeterna
1436 3767 1614 3833 atque
1657 3755 1858 3817 diuina
1901 3767 2023 3832 est,
2064 3764 2257 3833 eoque
2280 3721 2651 3834 principium
2672 3754 3025 3814 vniuersale:
3052 3751 3107 3809 &
3128 3768 3323 3809 exem-

413 3834 541 3908 plar
593 3837 924 3912 regularum
967 3835 1212 3895 aliarum
1253 3835 1547 3896 omnium:
1591 3838 1740 3896 haec
1781 3835 2193 3914 immutabiliS,
2234 3856 2307 3896 ac
2346 3835 2597 3927 proinde
2640 3837 2727 3911 (vt
2766 3853 2903 3893 cum
2946 3829 3323 3891 Scholasticis

412 3914 744 3989 loquamur)
787 3934 1090 4007 nunquam
1129 3917 1206 3976 ab
1247 3916 1360 3975 alia
1388 3917 1508 3975 vlla
1545 3918 1676 3994 lege
1718 3919 2031 3994 regulatur.
2076 3917 2371 3994 Regulam
2412 3915 2571 3976 enim
2610 3915 2738 3975 aliis
2781 3913 3059 3974 omnibus
3086 3909 3330 3970 adhibet

413 3995 980 4086 constantissimam,
1043 3995 1170 4072 ipsa
1233 4015 1350 4055 vna
1390 3998 1444 4056 &
1485 3997 1695 4056 eadem
1745 3996 2140 4057 indesinenter
2178 4015 2559 4075 permanens,
2619 4014 2743 4056 non
2782 3996 2893 4054 alia
2936 3991 3061 4064 hic,
3115 3993 3172 4050 &
3216 3989 3331 4048 alia

412 4073 554 4134 alibi
573 4119 591 4152 ,
653 4095 764 4136 nec
818 4075 960 4136 31133
1019 4077 1184 4136 311131
1241 4079 1328 4151 (vt
1379 4076 1740 4154 Augustinus
1781 4077 2068 4154 loquitur)
2109 4079 2215 4138 sed
2255 4076 2662 4137 aeternitatem
2700 4093 2867 4134 suam
2908 4071 3330 4146 veritatemque

414 4153 839 4215 immutabilem
899 4156 958 4215 in
1019 4159 1153 4215 Deo
1195 4173 1374 4234 supra
1412 4176 1504 4216 res
1545 4175 1754 4216 omnes
1797 4159 2146 4234 regulasque
2184 4175 2447 4217 asserens
2488 4160 2543 4216 &
2584 4155 2749 4214 omni
2790 4151 3118 4213 mutatione
3152 4161 3331 4226 atque

411 4233 664 4294 interitu.
709 4235 1030 4296 Enimuero
1073 4255 1176 4296 cur
1215 4257 1340 4296 non
1379 4237 1664 4296 habeatur
1703 4249 1946 4297 aeterna
1984 4239 2038 4297 &
2068 4237 2449 4297 immutabilis
2468 4237 2669 4313 regula
2690 4235 3021 4323 regularum
3045 4230 3331 4322 omnium,

414 4315 548 4404 cum
609 4316 754 4376 nihil
813 4315 974 4376 aliud
1027 4316 1100 4376 sit
1157 4319 1254 4376 lex
1293 4316 1430 4396 ista,
1460 4320 1652 4409 ‘quam
1691 4317 1983 4394 ipsissima
2022 4316 2137 4378 Dei
2176 4316 2491 4395 sapientia,
2530 4315 2823 4376 rationem
2862 4311 2995 4374 iusti
3035 4315 3089 4372 &
3130 4309 3329 4370 iniusti

412 4393 474 4453 in
516 4397 691 4456 rebus
731 4395 940 4457 creatis
981 4399 1058 4456 ad
1100 4395 1414 4475 imaginem
1457 4397 1636 4474 ipsius
1677 4395 2109 4456 determinans?
3240 4469 3294 4528 E

1843 4497 1920 4549 44
3296 4489 3333 4528 x
