3923 4875
620 375 728 431 168
1541 389 1867 432 ‘rursus
1924 389 2580 434 ratonocxcan.

1284 599 1414 656 XX.
1499 599 1629 656 DE
1691 599 2186 660 PECCATO
2249 599 2854 659 ORIGINALI.

1734 771 2060 828 THESIS
2121 773 2419 830 Parma,

700 960 749 999 1.
832 943 1335 1016 Qvauanmonvm
1384 943 1651 1004 omnium
1690 946 1988 1006 bonorum
2028 965 2232 1006 caussa
2271 947 2504 1008 bonitas
2545 948 2657 1008 Dei
2711 947 2928 1008 existit:
2971 947 3308 1022 (Angustia.
3343 948 3536 1007 Ench.

616 1039 661 1077 c.
722 1023 839 1096 23.)
892 1021 987 1080 Sic
1029 1021 1296 1082 omnium
1338 1025 1629 1084 malorum
1670 1027 1836 1102 origo
1880 1035 1968 1086 eet
2009 1028 2087 1086 ab
2127 1027 2476 1088 immutabili
2517 1030 2682 1089 bono
2723 1027 3002 1086 deficiens
3041 1025 3187 1088 boni
3231 1027 3533 1086 mutabilis

618 1101 915 1160 voluntas:
960 1101 1171 1180 Angeli
1210 1102 1495 1180 primum,
1536 1115 1662 1164 tum
1703 1106 1982 1166 hominis,
2043 1107 2240 1166 Adam
2281 1106 2440 1166 enim
2473 1109 2696 1186 bonus,
2737 1107 2843 1169 sed
2863 1105 3219 1166 mutabiliter
3239 1107 3302 1182 (f.
3335 1109 3532 1184 1647.)

622 1181 815 1239 bonus
829 1225 847 1258 ,
888 1185 923 1240 a
964 1183 1098 1242 Deo
1139 1193 1395 1261 creatus,
1436 1186 1597 1244 bona
1635 1184 1955 1262 spiritualia
1993 1203 2144 1262 quae
2183 1185 2294 1246 sibi
2334 1189 2390 1246 δι
2431 1188 2550 1248 suis
2590 1197 2928 1263 acceperat,
2969 1190 3006 1244 a
3044 1187 3179 1245 Deo
3221 1186 3506 1246 deficiens
3523 1233 3540 1264 ,

624 1258 736 1320 sibi
796 1265 851 1320 δι
912 1261 1027 1321 suis
1088 1261 1368 1342 perdidit,
1429 1273 1735 1341 totamque
1793 1284 1958 1325 suam
2014 1266 2253 1343 stirpem
2307 1269 2618 1343 peccando
2634 1313 2652 1342 ,
2711 1266 2772 1326 in
2813 1286 2876 1327 se
2915 1277 3197 1342 tanquam
3239 1265 3301 1324 in
3341 1267 3540 1326 radice

622 1340 855 1418 vitians,
896 1359 1088 1418 poena
1130 1343 1335 1402 mortis
1374 1345 1429 1401 &
1472 1345 1864 1404 damnationis
1905 1344 2244 1406 obstrinxit:
2289 1357 2353 1406 ut
2393 1347 2671 1424 quicquid
2691 1347 2872 1424 prolis
2903 1365 2977 1406 ex
2999 1365 3072 1404 eo
3094 1347 3150 1404 δι
3175 1346 3350 1405 simul
3369 1347 3536 1406 dam-

624 1429 761 1478 nata
814 1421 1067 1499 coniuge
1126 1435 1495 1502 nasceretur,
1555 1423 1839 1503 originale
1899 1435 2211 1503 peccatum
2269 1427 2549 1506 traheret,
2603 1443 2724 1504 quo
2765 1446 2872 1503 per
2912 1443 3138 1486 errores
3179 1426 3540 1504 doloresque

624 1499 887 1560 diuersos
926 1511 1053 1561 tum
1090 1503 1170 1561 ad
1208 1502 1457 1579 primam
1498 1513 1626 1562 tum
1664 1505 1743 1564 ad
1784 1507 2104 1566 secundam
2143 1506 2472 1566 traheretur
2511 1517 2783 1567 mortem.

706 1601 757 1638 2.
840 1580 1002 1640 Hinc
1043 1583 1107 1640 fit
1148 1593 1210 1642 vt
1252 1582 1599 1660 impressum
1642 1585 1851 1662 stigma
1892 1587 1949 1644 &
1991 1586 2314 1646 cauterium
2355 1586 2536 1664 ipsius
2575 1591 2634 1648 in
2673 1587 2872 1646 Deum
2911 1585 3358 1662 conspirationis
3399 1605 3536 1645 nas-

620 1669 823 1718 centes
862 1678 1069 1720 omnes
1107 1673 1480 1740 constemus,
1522 1664 1643 1724 imo
1686 1669 1823 1724 ante
1864 1685 2100 1726 vsuram
2130 1664 2305 1743 lucis,
2328 1665 2568 1744 originis
2599 1667 2956 1744 excipiamus
2975 1665 3262 1726 iniuriam.
3307 1667 3534 1724 Omnes

623 1739 673 1798 si
712 1738 953 1814 quidem
993 1741 1053 1799 in
1092 1761 1167 1800 eo
1206 1743 1615 1822 peccauimuS,
1654 1743 1715 1802 in
1756 1763 1877 1822 quo
1918 1763 2070 1806 vnus
2109 1747 2292 1806 homo
2334 1764 2540 1807 omnes
2581 1747 2810 1806 fuimus,
2853 1746 3007 1804 Nam
3034 1746 3199 1821 quod
3233 1743 3528 1822 Pelagiani

623 1829 964 1896 argutantur
1001 1831 1311 1897 peccatum
1350 1821 1411 1880 in
1449 1842 1659 1883 omnes
1698 1825 2026 1901 peruasisse
2064 1844 2186 1886 non
2225 1824 2466 1904 originis
2503 1827 2678 1902 vitio,
2719 1827 2829 1885 sed
2861 1824 3199 1885 imitationis
3231 1826 3538 1902 exempIO,

620 1901 699 1958 ab
740 1898 869 1975 ipso
910 1901 1204 1976 Apostolo
1242 1901 1546 1982 refellitur,
1587 1903 1689 1980 qui
1726 1907 1885 1984 Eplae.
1931 1926 1982 1963 2.
2027 1925 2082 1981 3.
2123 1915 2298 1965 vocat
2337 1925 2448 1966 nos
2487 1905 2694 1966 natura
2735 1905 2886 1965 filios
2927 1903 3066 1965 irae.
3109 1906 3332 1964 Natura
3355 1903 3532 1982 igitur

625 1977 685 2038 in
724 1977 901 2040 nobis
940 1977 1084 2038 vitio
1125 1979 1343 2040 infecta
1380 1993 1500 2061 est,
1546 2001 1667 2060 quo
1708 1988 1763 2044 δι
1803 1987 2040 2062 culpam
2081 1987 2138 2044 δι
2174 1985 2292 2044 Dei
2331 1985 2478 2045 iram
2519 1988 2729 2064 culpae
2773 1984 3072 2044 vindicem
3113 1983 3535 2045 contraximus.

704 2075 757 2133 3.
842 2059 921 2117 Et
968 2063 1125 2119 certe
1178 2071 1489 2139 peccatum
1544 2062 1844 2142 Originale
1883 2083 2012 2125 esse
2052 2075 2282 2142 praeter
2322 2084 2394 2125 ea
2433 2083 2586 2143 quae
2627 2064 2878 2126 diximus
2919 2064 3225 2125 euincunt:
3271 2063 3535 2123 Primum

623 2139 860 2216 effecta3
912 2149 1160 2216 peccata
1210 2141 1485 2202 nimirum
1538 2144 1821 2222 actualia,
1872 2164 1943 2205 ex
1998 2147 2116 2206 hoc
2155 2163 2278 2204 non
2321 2145 2630 2224 vbertatis,
2671 2146 2779 2206 sed
2817 2143 3126 2222 egestatis,
3167 2145 3224 2202 &
3265 2141 3537 2204 miseriae

622 2217 788 2276 fonte
828 2221 1263 2301 promanantia,
1302 2222 1365 2282 in
1405 2224 1800 2301 omnibusque
1838 2227 1895 2286 &
1934 2226 2103 2286 omni
2140 2234 2328 2286 aetate
2367 2226 2626 2286 viuentia
2640 2271 2657 2304 ,
2698 2226 2774 2284 ab
2807 2245 2878 2284 ea
2911 2225 3006 2285 die
3031 2224 3149 2301 qua
3167 2224 3265 2282 hic
3285 2223 3536 2300 quisque

622 2297 979 2377 concipitur,
1021 2317 1205 2378 vsque
1244 2303 1322 2361 ad
1362 2321 1494 2363 eam
1536 2321 1689 2380 quae
1734 2304 1793 2364 in
1835 2306 2028 2364 sinum
2067 2305 2269 2366 matris
2309 2306 2642 2366 communis
2679 2303 2976 2382 recipitur.
3017 2303 3293 2364 Secundo
3329 2321 3538 2362 conse·

625 2378 892 2458 quentia3
932 2379 1053 2457 Ipsi
1093 2381 1251 2443 enim
1293 2381 1544 2445 infantes
1586 2385 1947 2445 daemonum
1990 2384 2255 2447 incursus
2295 2402 2474 2464 saepe
2513 2384 2812 2465 patiuntur
2827 2429 2845 2463 ,
2887 2403 3061 2463 saepe
3103 2381 3370 2465 corporis
3403 2399 3534 2443 cru-

622 2457 872 2519 ciatibus
910 2472 1195 2523 vexantur
1234 2463 1502 2525 maximis
1517 2509 1534 2543 ,
1576 2465 1905 2526 moriuntur
1946 2465 2220 2542 denique.
2261 2467 2425 2545 Ergo
2465 2466 2698 2543 peccati
2729 2470 2815 2525 rei
2837 2475 2997 2525 sunt:
3020 2485 3160 2525 nam
3181 2463 3537 2542 stipendium

624 2539 851 2615 peccati
894 2560 1083 2621 mors,
1125 2541 1233 2603 etsi
1273 2556 1581 2621 peccatum
1622 2545 1683 2605 in
1724 2546 1807 2607 eis
1848 2566 1974 2607 sese
2015 2565 2121 2623 per
2161 2556 2414 2606 aetatem
2455 2566 2579 2608 non
2613 2546 2840 2624 prodit:
2883 2545 3166 2621 Alioquin
3190 2544 3347 2605 idem
3367 2544 3534 2620 quod

624 2619 889 2679 Christus
927 2633 1267 2699 paterentur
1304 2623 1557 2685 infantes
1570 2670 1587 2703 ,
1629 2624 1850 2686 scilicet
1889 2624 2114 2701 innoxii
2156 2626 2386 2703 peccati
2419 2646 2680 2705 poenam
2719 2624 3070 2686 sustinerent
3088 2671 3105 2704 ,
3133 2625 3296 2701 quod
3317 2622 3538 2683 Christi

624 2700 1093 2777 praerogatiuam
1129 2714 1389 2764 eneruat.
1449 2705 1654 2765 Tertio
1694 2705 1758 2766 id
1798 2705 2117 2766 ostendunt
2155 2706 2417 2767 remedia
2455 2708 2534 2767 ad
2573 2708 2690 2766 hoc
2733 2705 3182 2783 expurgandum
3221 2712 3533 2781 peccamm

622 2780 659 2835 a
698 2781 831 2839 Deo
872 2779 1133 2841 instituta
1147 2828 1164 2861 ,
1207 2782 1592 2845 Circumcisio
1632 2788 1743 2845 sub
1783 2787 1913 2862 lege
1928 2830 1947 2861 ,
1996 2786 2142 2847 Gen.
2189 2804 2278 2859 17.
2321 2786 2651 2863 Baptismus
2691 2786 2800 2845 sub
2841 2802 3004 2844 nouo
3027 2785 3286 2845 foedere.
3329 2784 3453 2845 Col.
3481 2802 3537 2843 2.

625 2857 747 2917 Cur
786 2859 945 2918 enim
985 2861 1204 2940 flagitet
1243 2863 1433 2923 infans
1472 2864 1751 2924 auxilium
1791 2864 2040 2943 gratiae,
2081 2865 2192 2925 nisi
2234 2867 2370 2943 quia
2409 2866 2615 2927 vitium
2657 2864 2874 2942 patitur
2913 2866 2990 2925 ab
3031 2859 3296 2943 origine?

701 2958 757 3011 4.
838 2940 981 2999 Hoc
1018 2952 1217 3002 autem
1256 2952 1565 3019 peccatum
1606 2958 1695 3005 est
1733 2944 1978 3005 vitiosus
2018 2957 2259 3006 naturae
2299 2946 2533 3007 habitus
2575 2964 2680 3024 per
2722 2944 2939 3003 Adami
2979 2948 3209 3035 lapsum
3243 2942 3305 3003 in
3326 2961 3534 3002 omnes

620 3016 891 3078 homines
943 3024 1291 3100 transfusuS,
1342 3039 1464 3100 quo
1522 3035 1685 3085 reatu
1737 3024 1915 3102 ipsius
1969 3025 2234 3086 obstricti
2252 3071 2265 3097 ,
2321 3036 2446 3085 tum
2495 3024 2820 3103 {originaria
2869 3024 3087 3085 iustitia⁴
3121 3023 3336 3102 priuati
3349 3066 3367 3101 .,
3407 3034 3536 3081 tum

619 3096 847 3177 iniusti,
889 3106 1115 3177 totique
1154 3102 1416 3180 corrupti
1430 3148 1447 3181 ,
1486 3103 1723 3165 infinitis
1762 3104 1959 3181 malis,
1995 3104 2172 3165 morti
2204 3122 2444 3183 quoque
2477 3117 2749 3167 aeternae
2779 3103 3022 3180 obnoxii
3057 3104 3384 3179 nascimur,
3425 3100 3540 3161 nisi

620 3196 728 3253 per
768 3177 1064 3240 Christum
1108 3182 1442 3243 liberemur.

702 3272 757 3331 5.
836 3260 1126 3321 Habitum
1178 3278 1463 3323 vocamus
1518 3282 1638 3323 non
1693 3282 1917 3323 meram
1974 3264 2392 3341 priuationem:
2453 3286 2590 3325 nam
2646 3265 3158 3343 quemadmodum
3219 3271 3534 3341 peccatum

620 3336 855 3396 actuale
892 3356 1015 3399 non
1058 3342 1270 3402 dicitur
1308 3342 1367 3401 in
1406 3342 1605 3419 aliquo
1650 3362 1778 3403 esse
1822 3362 1895 3403 ex
1934 3362 2008 3404 eo
2049 3346 2179 3404 solo
2221 3346 2386 3421 quod
2425 3345 2652 3406 Iustitia
2693 3356 2890 3405 careat
2908 3390 2924 3422 ,
2965 3355 3108 3404 tunc
3151 3343 3308 3404 enim
3351 3342 3534 3418 lapidi

622 3425 935 3505 peccatum
976 3418 1220 3499 inesset,
1262 3421 1366 3481 sed
1406 3423 1571 3497 quod
1612 3424 1828 3483 habeat
1868 3424 2274 3484 conditionem
2316 3426 2490 3504 mali,
2529 3425 2588 3485 in
2632 3442 2750 3502 qua
2789 3426 2925 3485 cum
2967 3425 3212 3486 deberet
3231 3440 3356 3482 esse
3375 3420 3534 3481 iusti·

618 3505 732 3573 tia,
784 3514 907 3555 non
962 3500 1263 3576 reperitur.
1322 3500 1419 3560 Sic
1470 3514 1779 3579 peccatum
1834 3502 2119 3580 originale
2161 3524 2282 3563 non
2323 3508 2513 3565 solum
2551 3504 2799 3565 iustitiae
2841 3504 3139 3582 originalis
3179 3500 3536 3580 priuatiuum

622 3588 741 3633 est:
796 3575 901 3634 sed
954 3577 1355 3657 dispositionis
1407 3584 1463 3640 δι
1514 3582 1745 3643 habitus
1801 3582 2112 3643 cuiusdam
2151 3583 2230 3641 ad
2269 3586 2488 3645 fructus
2530 3583 2780 3645 iustitiae
2821 3584 3152 3645 contrarios
3191 3578 3537 3660 positiuum.

620 3654 749 3712 Nec
788 3654 947 3714 enim
986 3670 1299 3734 peccatum
1338 3662 1425 3735 (vt
1461 3663 1782 3737 loquuntur
1823 3662 2194 3737 scholastici)
2237 3665 2648 3723 omnimodam
2688 3662 2835 3724 boni
2855 3662 3250 3741 priuationem
3271 3658 3535 3719 inducit:

621 3732 727 3792 sed
766 3744 1009 3797 naturae
1048 3738 1431 3817 aptitudinem
1474 3743 1529 3799 δι
1570 3751 1767 3803 actum
1808 3740 2068 3817 aliquem
2109 3741 2411 3821 relinquit,
2455 3742 2892 3803 circumstantia
2909 3752 3110 3804 tamen
3129 3740 3275 3803 boni
3297 3737 3538 3797 moralis

620 3812 930 3888 priuatum.
972 3819 1310 3878 Naturalem
1350 3822 1493 3878 vero
1532 3824 1892 3897 appellamus
1926 3840 2052 3903 non
2079 3823 2246 3897 quod
2265 3836 2509 3883 naturae
2531 3822 2756 3901 primae
2775 3821 3199 3883 institutionem
3221 3828 3502 3907 sequatur
3519 3863 3537 3893 ,

622 3893 726 3952 sed
785 3896 949 3968 quod
1008 3910 1251 3958 naturae
1308 3909 1619 3975 corruptae
1680 3900 1924 3959 modum
1978 3900 2059 3959 ita
2108 3913 2531 3981 consequatur,
2593 3912 2656 3963 vt
2697 3901 2996 3962 neminem
3035 3911 3278 3961 naturae
3322 3898 3537 3957 ordine

622 3984 993 4045 procreatum
1032 3981 1069 4037 a
1109 3996 1217 4038 suo
1258 3976 1535 4055 contagio
1576 3978 1846 4056 excipiat.
2050 4040 2058 4050 ,

702 4052 757 4108 6.
838 4055 1160 4117 Materiale
1208 4057 1379 4118 huius
1428 4058 1656 4135 peccati
1697 4070 1817 4137 est,
1858 4062 1977 4135 qua
2017 4078 2129 4119 nos
2167 4061 2426 4139 attingit,
2472 4071 2630 4122 totus
2669 4062 2887 4140 hom03
2928 4059 3144 4120 Anima
3183 4056 3498 4135 praecipue
3517 4100 3535 4133 ,

620 4131 743 4217 qua·
796 4130 1147 4212 principium
1202 4147 1288 4197 est
1342 4148 1526 4197 actuS.
1587 4139 1855 4215 Corpore
1908 4137 2128 4198 deinde
2143 4184 2159 4215 ,
2210 4144 2328 4215 qua
2367 4140 2818 4201 instrumentum
2859 4150 2946 4199 est
2986 4155 3106 4217 quo
3151 4136 3354 4198 omnia
3393 4134 3533 4213 agit.

618 4206 747 4266 Ets¹
802 4226 925 4270 non
978 4233 1051 4275 eo
1102 4216 1321 4293 Hlyrici
1370 4217 1719 4278 sententiam
1768 4236 1839 4277 ex
1891 4218 2378 4280 Manichaeorum
2430 4239 2623 4281 coeno
2667 4221 2933 4279 haustam
2973 4217 3337 4281 admittimus
3357 4260 3375 4291 ,
3415 4230 3536 4290 qua

619 4296 931 4363 peccatum
971 4292 1159 4369 ipsam
1198 4315 1328 4357 esse
1368 4295 1599 4356 animae
1642 4297 2028 4358 substantiam
2067 4309 2404 4376 corruptam
2445 4299 2674 4377 statuit,
2694 4298 2960 4376 imperite
2981 4296 3369 4360 substantiam
3392 4310 3534 4353 cum

616 4365 925 4429 affectione
975 4376 1164 4435 malae
1215 4373 1535 4454 qualitatis,
1590 4380 1645 4436 &
1690 4378 1973 4455 languore
2011 4378 2397 4439 confundens.
2441 4382 2714 4441 Formale
2756 4390 2846 4439 est
2887 4381 3102 4457 ἀνομία
3142 4377 3267 4439 siue
3309 4372 3536 4512 inxit&
