3923 4875
1392 339 1799 385 mutuarer
1860 339 2074 383 PARS
2137 340 2177 385 1.
2287 380 2292 385 .
3145 340 3259 401 443

411 503 608 567 Huius
668 513 869 565 autem
932 502 1161 565 ordinis
1224 520 1405 581 quem
1456 504 1624 565 Deus
1673 502 1731 562 in
1788 500 2096 563 domicilio
2147 516 2258 563 suo
2314 498 2655 579 constituit,
2697 498 2920 577 duplex
2959 509 3051 561 est
3090 500 3242 563 ratio

326 588 496 660 Vna,
548 583 832 662 simplex,
888 584 1159 662 propria,
1202 586 1259 645 &
1300 582 1663 661 necessaria3
1700 583 1909 655 altera,
1955 580 2293 660 composita
2328 579 2532 659 figuris
2577 581 2633 640 &
2674 578 3058 659 ceremoniis,
3098 592 3280 659 atque

328 664 745 727 ambulatoria.
785 664 987 739 Quam
1026 674 1336 741 Vtramque
1377 662 1668 725 rationem
1709 662 1986 724 distincte
2025 664 2191 723 Deus
2231 660 2432 741 posuit
2465 660 2526 721 in
2557 659 2754 739 prisca
2774 660 3047 721 Ecclesia
3065 663 3277 723 Iudae-

329 764 527 809 orum.
568 747 769 807 Partes
810 747 953 805 vero
994 764 1105 821 pro
1150 742 1377 806 ratione
1420 742 1643 805 obiecti
1684 744 1869 804 duae:
1912 744 2052 803 Vna
2091 742 2328 820 Ciuilis,
2363 742 2442 803 ad
2463 758 2660 802 rerum
2681 740 3073 801 humanarum
3094 742 3278 803 admi·

328 826 743 887 nistrationem
804 836 1110 903 spectans:
1168 824 1353 885 altera
1394 822 1813 885 Ecclesiasticus
1827 870 1845 903 ,
1886 823 1966 884 ad
2005 840 2203 883 rerum
2243 840 2542 884 sacrarum
2581 820 3080 901 procurationem.
3145 825 3275 884 Has

330 908 484 969 duas
524 918 721 985 partes
764 906 1093 967 secundum
1134 916 1451 981 Vtrumque
1493 904 1742 965 modum
1784 920 1965 983 quem
2005 907 2143 965 ante
2185 900 2664 983 perstrinximus,
2695 902 2992 980 Propheta
3010 902 3276 982 attingit,

332 986 540 1049 dicens
587 985 843 1065 primum
886 984 1127 1063 quidem
1170 984 1248 1045 de
1289 987 1467 1046 rebus
1508 983 1690 1045 sacris
1731 984 1787 1044 &
1828 982 2069 1063 diuinis,
2109 984 2213 1043 Ibi
2248 986 2545 1045 considere
2582 985 2827 1043 thronos
2868 984 3021 1057 iuri3
3058 982 3276 1044 deinde

332 1071 479 1130 vero
522 1068 599 1128 de
638 1066 911 1127 humanis
925 1111 943 1144 ,
1006 1066 1227 1125 Ibidem
1270 1084 1391 1124 esse
1430 1066 1674 1126 thronos
1714 1066 1915 1125 domui
1948 1066 2236 1125 Dauidis.
2279 1064 2663 1143 Quapropter
2700 1073 2767 1123 vt
2807 1062 3070 1141 singulae
3104 1062 3277 1124 huius

332 1165 539 1209 versus
579 1156 776 1226 partes
826 1144 1033 1208 melius
1074 1145 1475 1224 intelligantur
1488 1190 1507 1223 ,
1548 1144 1809 1224 primum
1851 1143 2391 1205 administrationes
2430 1143 2564 1205 illae
2604 1162 2679 1204 ex
2720 1143 3053 1221 Prophetae
3081 1142 3278 1205 verbis

334 1227 789 1306 distinguendae
828 1236 992 1287 sunt·
1037 1230 1175 1305 post
1215 1224 1541 1286 videndum
1570 1224 1715 1303 quid
1736 1224 1811 1287 sit
1831 1226 1998 1303 quod
2021 1224 2097 1286 de
2119 1224 2231 1286 illis
2253 1223 2858 1285 administrationibus
2879 1223 3268 1301 praedicatur.

418 1312 512 1369 Ac
550 1306 808 1387 primum
847 1273 1091 1386 quidem
1130 1306 1195 1367 id
1232 1324 1479 1367 necesse
1519 1316 1607 1367 est
1646 1303 1953 1367 obseruari
1970 1350 1988 1385 ,
2026 1304 2566 1367 administrationes
2606 1302 3004 1381 metonymice
3033 1305 3274 1366 throno·

337 1410 472 1451 rum
512 1389 609 1449 vel
648 1386 935 1449 soliorum
977 1384 1374 1465 appellatione
1414 1384 1727 1465 designari.
1768 1388 1996 1447 Notum
2039 1398 2129 1446 est
2169 1404 2274 1447 eos
2315 1384 2418 1463 qui
2457 1383 2832 1446 iuridicundo
2871 1395 3180 1463 praesunt,
3223 1389 3278 1448 &

337 1469 489 1531 alios
542 1466 645 1547 qui
693 1466 1045 1529 auctoritate
1096 1466 1475 1546 praeualent,
1518 1487 1592 1527 ex
1633 1465 1795 1527 soliis
1836 1484 2122 1544 responsa
2161 1466 2307 1528 dare
2345 1464 2791 1527 consulentibus
2809 1484 2822 1499 ·
2866 1466 2923 1526 δι
2963 1464 3114 1526 solia
3153 1484 3280 1527 esse

334 1548 509 1630 iuriS,
540 1547 906 1610 auctoritatis
920 1593 938 1626 ,
980 1550 1035 1609 δι
1074 1546 1383 1627 potestatis
1422 1546 1606 1639 signa.
1650 1547 1805 1608 cum
1847 1546 2046 1624 itaque
2081 1548 2379 1625 Propheta
2433 1565 2559 1607 non
2584 1544 2751 1607 vnius
2771 1544 2970 1607 throni
2989 1556 3092 1607 aut
3115 1546 3244 1624 solij
3261 1590 3280 1626 ,

336 1632 447 1693 sed
485 1627 880 1707 complurium
922 1627 1257 1689 meminerit
1274 1671 1295 1701 ,
1332 1646 1407 1689 eo
1448 1628 1841 1707 significatum
1883 1626 2074 1689 voluit
2112 1630 2150 1687 a
2187 1628 2323 1688 Deo
2363 1645 2492 1687 esse
2511 1634 2834 1704 potestates
2864 1637 2929 1686 vt
2948 1628 3276 1707 Apostolus

338 1711 419 1773 ad
476 1712 792 1771 Romanos
846 1706 1081 1789 scribit,
1142 1728 1275 1787 cap.
1339 1726 1430 1785 13.
1486 1729 1544 1768 v.
1592 1728 1642 1768 1.
1687 1708 1743 1768 &
1785 1706 2060 1769 ordinem
2099 1707 2254 1769 inter
2293 1716 2614 1787 potestates
2654 1706 2814 1785 ipsas
2853 1707 3270 1779 constitutum,

342 1808 597 1871 quarum
656 1788 806 1851 solia
864 1799 1033 1867 sunt,
1095 1808 1169 1850 ac
1229 1792 1539 1865 postremo
1597 1786 1871 1850 ordinem
1922 1786 2184 1866 ipsarum
2240 1788 2318 1849 ad
2357 1806 2462 1849 eos
2497 1787 2712 1864 quibus
2751 1788 3084 1865 praefectae
3124 1798 3277 1848 sunt.

340 1874 679 1934 Potestates
736 1880 935 1931 autem
1006 1871 1145 1931 cum
1224 1868 1478 1931 dicimus
1493 1914 1511 1948 ,
1584 1868 1911 1931 secundum
1986 1867 2278 1929 rationem
2331 1866 2852 1928 administrationis
2909 1867 3062 1928 illius
3123 1884 3276 1945 quae

342 1950 483 2033 ipsis
523 1950 841 2013 commissa
880 1958 1003 2029 est,
1043 1951 1318 2011 volumus
1358 1948 1569 2028 accipi.
1631 1951 1785 2011 Nam
1826 1950 1963 2010 cum
2005 1960 2270 2027 potestas
2309 1949 2474 2009 nulla
2515 1949 2590 2009 sit
2627 1946 2739 2009 nisi
2777 1950 2816 2008 a
2855 1948 3020 2027 Dee,
3060 1946 3123 2008 id
3163 1966 3273 2025 pro

342 2042 506 2095 certo
560 2031 737 2093 nobis
786 2030 1133 2110 habendum
1175 2038 1296 2106 est,
1336 2030 1526 2091 solam
1566 2030 1703 2091 Deo
1743 2038 2101 2107 potestatem
2143 2046 2294 2122 quae
2329 2027 2454 2089 sine
2493 2026 2789 2108 principio
2829 2038 2918 2089 est
2935 2074 2952 2106 ,
2993 2026 3118 2089 sine
3158 2030 3278 2089 fine

342 2132 499 2191 esse,
540 2112 597 2173 δι
637 2129 763 2173 non
803 2112 997 2183 solum
1036 2112 1312 2189 tempo(f.
1359 2112 1598 2188 718)re,
1640 2108 2028 2171 verumetiam
2067 2129 2131 2170 re
2171 2128 2300 2188 ipsa
2339 2113 2430 2185 (vt
2467 2110 2817 2187 loquuntur)
2860 2106 3276 2169 indetermina-

342 2205 493 2255 tam:
556 2194 611 2253 E
667 2191 902 2254 diuerso
963 2202 1163 2253 autem
1222 2207 1361 2252 cum
1414 2188 1677 2269 reliquae
1726 2199 2048 2269 potestates
2105 2188 2460 2269 principium
2513 2192 2551 2249 a
2589 2190 2724 2249 Deo
2765 2188 3058 2269 habeant,
3099 2188 3278 2250 etiam

343 2272 558 2335 finibus
598 2269 718 2335 suis
759 2270 1236 2350 circumscriptas
1274 2288 1403 2332 esse
1420 2316 1437 2351 ,
1479 2273 1535 2332 δι
1576 2268 1889 2331 limitatum
1927 2273 2018 2347 (vt
2060 2271 2302 2346 vocant)
2343 2288 2546 2330 earum
2587 2269 2857 2331 modum.

420 2354 532 2415 Est
570 2362 767 2415 autem
806 2350 959 2423 inter
998 2350 1271 2414 homines
1310 2360 1671 2429 potestatum
1710 2350 1771 2412 in
1812 2352 1926 2411 hac
1967 2350 2088 2413 vita
2127 2352 2345 2412 modus
2385 2348 2458 2426 (si
2495 2351 2652 2411 bene
2680 2348 3024 2430 obseruaui)
3041 2350 3273 2428 triplex.

342 2433 573 2498 Primus
633 2443 754 2513 est,
807 2451 989 2510 quem
1037 2431 1384 2512 Philosophi
1438 2431 1697 2494 dictione
1739 2432 1974 2494 Graeca
2013 2430 2362 2492 δεσποτικὸν
2401 2431 2876 2510 appellauerunt:
2939 2430 3278 2510 Secundus,

345 2535 527 2595 quem
576 2513 901 2576 πολιτικὸν.
961 2513 1229 2591 Tertius,
1283 2530 1463 2590 quem
1503 2511 1855 2592 ὖπηρετικὸν
1894 2523 2133 2574 vocant.
2192 2511 2579 2588 Despoticam
2617 2511 2742 2572 siue
2782 2510 3148 2572 dominicam
3191 2514 3280 2589 (vt

344 2614 483 2658 cum
532 2591 951 2656 Iureconsultis
991 2593 1229 2671 loquar)
1269 2592 1466 2672 potius
1508 2609 1641 2652 eam
1694 2594 2060 2684 appellamus
2075 2635 2094 2672 ,
2135 2608 2290 2670 quae
2329 2591 2416 2653 sic
2436 2591 2715 2654 absoluta
2735 2601 2824 2654 est
2837 2637 2854 2671 ,
2893 2602 2959 2653 ut
2979 2601 3108 2653 tota
3125 2590 3279 2652 illius

347 2675 498 2737 ratio
538 2694 613 2736 ex
652 2675 959 2735 voluntate
996 2673 1151 2736 illius
1191 2675 1449 2753 pendeat
1486 2670 1591 2752 qui
1628 2671 1907 2736 dommus
1946 2683 2037 2734 est
2051 2717 2070 2751 ,
2111 2671 2260 2732 citra
2298 2673 2480 2734 vllam
2518 2671 2655 2734 iutis
2696 2671 2850 2734 illius
2870 2689 3007 2733 cum
3029 2670 3278 2734 subditis

347 2752 972 2818 communicationem.
1028 2754 1227 2834 Atque
1266 2753 1419 2814 haec
1458 2753 1519 2815 in
1560 2751 1968 2829 Tyrannicam
2008 2752 2214 2814 transit
2254 2751 2534 2814 facillime
2550 2799 2568 2832 ,
2611 2769 2749 2814 cum
2787 2751 3066 2814 dominus
3099 2751 3280 2831 pleni-

343 2835 550 2898 tudine
610 2833 923 2914 potestatis
980 2852 1121 2895 suae
1181 2838 1270 2912 (vt
1323 2851 1463 2895 cum
1521 2833 1701 2912 vulgo
1756 2835 1993 2912 loquar)
2047 2831 2326 2894 abutitur.
2385 2832 2695 2896 Politicam
2749 2842 3104 2912 potestatem
3143 2853 3276 2894 eam

344 2917 741 2996 appellamuS,
781 2932 938 2992 quae
978 2925 1375 2995 temperatum
1413 2915 1596 2976 habet
1636 2911 1970 2975 dominium
2012 2931 2149 2974 cum
2194 2930 2402 2975 eorum
2443 2915 2548 2994 qui
2585 2915 2834 2976 subsunt
2866 2914 3202 2993 voluntate,
3223 2916 3280 2976 δι

344 3012 658 3059 consensu.
699 2993 883 3071 Tertii
924 2999 1068 3058 vero
1103 2993 1339 3074 generis
1378 3003 1731 3074 potestatem
1744 3039 1761 3072 ,
1801 3011 1983 3071 quam
2024 2993 2506 3056 ministratoriam
2527 2993 2726 3056 dicere
2747 3009 3061 3072 possumus
3077 3039 3094 3073 ,
3113 2994 3280 3054 intel-

342 3076 577 3156 ligimus
614 3094 747 3136 eam
792 3092 944 3154 quae
988 3075 1278 3136 voluntati
1317 3075 1542 3138 alienae
1581 3083 1710 3134 tota
1750 3073 2126 3154 obsequitur:
2169 3093 2241 3134 ac
2280 3073 2534 3152 proinde
2572 3074 2782 3153 partim
2823 3093 2898 3134 ex
2931 3073 3277 3154 superioris,

346 3160 384 3217 a
433 3174 558 3235 quo
620 3153 884 3217 instituta
935 3165 1059 3236 est,
1098 3158 1402 3218 voluntate
1444 3158 1605 3234 leges
1645 3152 1893 3234 accipit,
1934 3161 2268 3234 partimque
2315 3155 2605 3216 voluntati
2645 3171 2855 3216 eorum
2896 3152 3000 3232 qui
3032 3156 3282 3216 subsunt

350 3236 875 3313 accommodatur,
935 3235 1235 3298 interdum
1250 3281 1267 3313 ,
1326 3239 1383 3297 ὅτ
1441 3245 1921 3312 contemperatur
1980 3235 2431 3328 quodammodo
2482 3235 2560 3296 ad
2619 3233 2928 3296 vtilitatem
2987 3234 3274 3313 ipsorum.

345 3314 610 3379 Primum
651 3333 839 3394 genus
878 3319 917 3376 a
954 3315 1135 3378 solius
1175 3315 1538 3378 dominantis
1578 3314 1800 3393 pendet
1819 3315 2091 3396 arbitrio,
2131 3313 2234 3394 qui
2253 3315 2330 3375 ad
2347 3333 2410 3378 se
2431 3314 2667 3394 respicit
2687 3317 2742 3378 δι
2762 3313 3070 3376 vtilitatem
3089 3332 3279 3377 suam.

347 3398 689 3460 Secundum
750 3395 973 3474 pendet
1034 3398 1073 3456 a
1131 3395 1382 3458 consilio
1445 3393 1761 3488 praecipue
1814 3393 2208 3476 dominantiS,
2256 3395 2752 3474 subditorumque
2792 3395 3179 3475 secundari03
3221 3397 3277 3455 ὅτ

346 3477 587 3557 respicit
635 3475 715 3538 ad
769 3475 1075 3538 vtilitatem
1117 3477 1435 3555 publicam.
1491 3477 1759 3538 Tertium
1812 3475 1891 3536 ab
1931 3475 2196 3556 vtrisque
2241 3476 2493 3554 pendet,
2534 3477 3021 3554 voluntatemque
3062 3476 3278 3538 horum

349 3560 404 3619 δι
463 3557 699 3618 illorum
754 3567 981 3634 spectat
1036 3555 1299 3635 legitime
1358 3557 1438 3618 ad
1492 3555 1800 3618 vtilitatem
1851 3556 2140 3618 omnium.
2203 3556 2404 3633 Atque
2442 3555 2594 3618 haec
2632 3555 2874 3634 quidem
2917 3565 3276 3635 potestatum

346 3657 565 3718 genera
624 3637 675 3698 si
724 3654 863 3697 cum
914 3645 1207 3714 potestate
1260 3637 1379 3698 Dei
1432 3645 1853 3715 comparentur
1867 3680 1883 3710 ,
1934 3637 2110 3715 plane
2151 3636 2402 3698 subsunt
2440 3636 2731 3698 voluntati
2771 3635 2954 3698 illius:
2998 3637 3102 3697 sed
3144 3637 3278 3698 Deo

346 3718 448 3798 qui
488 3728 578 3778 est
615 3737 726 3796 per
769 3737 833 3778 se
872 3719 959 3792 (vt
998 3716 1079 3778 ita
1119 3716 1340 3795 dicam)
1381 3715 1937 3796 sufficientissimus,
1975 3717 2250 3796 adeoque
2289 3715 2418 3794 ipsa
2458 3715 2518 3778 in
2558 3737 2620 3780 se
2653 3715 3033 3796 sufficientia,
3053 3718 3278 3778 nullam

345 3797 653 3860 vtilitatem
704 3797 999 3858 adferunt.
1062 3796 1166 3858 Sin
1207 3809 1403 3859 autem
1446 3798 1775 3858 secundum
1819 3815 1911 3875 se,
1954 3807 2020 3857 vt
2057 3795 2212 3858 inter
2250 3794 2524 3858 homines
2563 3807 2731 3875 sunt,
2773 3795 3140 3858 considerari
3179 3817 3278 3860 eas

348 3875 669 3958 placuerit,
708 3876 971 3938 Primum
1010 3897 1230 3958 genus,
1273 3888 1337 3939 vt
1376 3879 1539 3956 apud
1578 3875 1851 3938 homines
1891 3887 2232 3956 vsurpatur,
2272 3877 2622 3956 plerumque
2661 3877 2836 3938 nimis
2875 3888 2963 3938 est
3003 3877 3280 3956 αὖτοκρα·

348 3959 615 4038 τορικόν,
678 3959 733 4018 δι
793 3957 1035 4019 brutum
1094 3957 1299 4020 nescio
1354 3957 1500 4036 quid
1566 3957 1849 4019 aduersus
1888 3967 2157 4018 naturam
2198 3957 2376 4036 sapit:
2436 3958 2688 4019 Caetera
2725 3968 2854 4018 tum
2894 3957 2956 4018 in
2998 3955 3280 4018 societate

346 4039 605 4099 humana
656 4037 866 4099 ordine
916 4037 1165 4118 publico
1213 4037 1702 4100 conuenientiora
1751 4035 2028 4098 videntur
2076 4057 2237 4119 esse,
2275 4047 2404 4097 tum
2443 4037 2620 4099 etiam
2660 4041 2698 4099 a
2735 4039 2872 4098 Deo
2911 4036 2972 4098 in
3015 4036 3278 4115 regendo

346 4119 572 4198 populo
617 4117 801 4196 ipsius
816 4163 831 4192 ,
873 4128 1159 4196 tanquam
1198 4117 1482 4196 aequiora
1521 4121 1578 4180 δι
1618 4126 1861 4178 naturae
1901 4118 2196 4180 humanae
2235 4117 2422 4197 magis
2443 4129 2846 4180 consentanea
2865 4120 3102 4179 fuerunt
3120 4115 3280 4178 insti-

347 4207 503 4258 tuta:
547 4197 685 4258 cum
728 4198 827 4259 illa
866 4209 1129 4278 potestas
1167 4198 1419 4279 imperio
1458 4197 1670 4261 mentis
1690 4199 2078 4278 respondeat,
2096 4199 2246 4260 haec
2268 4216 2548 4261 sensuum
2567 4203 2622 4260 δι
2643 4199 2913 4278 corporis
2933 4196 3278 4261 ministerio.

350 4277 446 4339 Sic
487 4287 685 4338 autem
726 4277 993 4340 instituta
1032 4289 1171 4342 sunt
1189 4325 1205 4358 ,
1247 4289 1313 4341 vt
1350 4277 1625 4358 politicus
1666 4278 1819 4339 ordo
1861 4288 2177 4357 vtrumque
2214 4297 2401 4359 genus
2442 4279 2748 4372 potestatis
2787 4279 2847 4339 in
2889 4299 2954 4341 se
2973 4278 3276 4340 habuerit:

350 4357 799 4421 Ecclesiasticus
839 4363 982 4422 vero
1023 4370 1343 4422 contentus
1381 4358 1551 4421 suerit
1593 4361 1725 4422 solo
1766 4360 2188 4422 ministratorio
2203 4406 2220 4441 ,
2263 4359 2405 4439 quia
2441 4379 2502 4420 m
2543 4360 2770 4422 ratione
2811 4358 3114 4422 Ecclesiae
3147 4360 3278 4450 ‘Do-

3083 4456 3278 4500 minus
