<?xml version="1.0" encoding="UTF-8"?>
<!DOCTYPE html PUBLIC "-//W3C//DTD XHTML 1.0 Transitional//EN"
    "http://www.w3.org/TR/xhtml1/DTD/xhtml1-transitional.dtd">
<html xmlns="http://www.w3.org/1999/xhtml" xml:lang="en" lang="en">
 <head>
  <title>
</title>
<meta http-equiv="Content-Type" content="text/html;charset=utf-8" />
  <meta name='ocr-system' content='tesseract 3.04.00' />
  <meta name='ocr-capabilities' content='ocr_page ocr_carea ocr_par ocr_line ocrx_word'/>
</head>
<body>
  <div class='ocr_page' id='page_1' title='image "./dfranciscijunii00junigoog_0370.png"; bbox 0 0 3923 4875; ppageno 0'>
   <div class='ocr_carea' id='block_1_1' title="bbox 3190 330 3304 389">
    <p class='ocr_par' dir='ltr' id='par_1_1' title="bbox 3190 330 3304 389">
     <span class='ocr_line' id='line_1_1' title="bbox 3190 330 3304 389; baseline -0.009 0"><span class='ocrx_word' id='word_1_1' title='bbox 3190 330 3304 389; x_wconf 84' lang='lat'><em>341</em></span> 
     </span>
    </p>
   </div>
   <div class='ocr_carea' id='block_1_2' title="bbox 363 494 3310 1601">
    <p class='ocr_par' dir='ltr' id='par_1_2' title="bbox 373 494 3307 670">
     <span class='ocr_line' id='line_1_2' title="bbox 374 494 3307 577; baseline -0 -17"><span class='ocrx_word' id='word_1_2' title='bbox 374 500 636 568; x_wconf 69' lang='lat' dir='ltr'><em>illorum.</em></span> <span class='ocrx_word' id='word_1_3' title='bbox 678 497 834 559; x_wconf 89' lang='lat' dir='ltr'><em>Sunt</em></span> <span class='ocrx_word' id='word_1_4' title='bbox 871 499 1021 557; x_wconf 86' lang='lat' dir='ltr'><em>enim</em></span> <span class='ocrx_word' id='word_1_5' title='bbox 1063 496 1178 555; x_wconf 75' lang='lat' dir='ltr'><em>hae</em></span> <span class='ocrx_word' id='word_1_6' title='bbox 1221 494 1606 556; x_wconf 79' lang='lat' dir='ltr'><em>conclusiones</em></span> <span class='ocrx_word' id='word_1_7' title='bbox 1648 496 1870 567; x_wconf 88' lang='lat' dir='ltr'><em>iustae,</em></span> <span class='ocrx_word' id='word_1_8' title='bbox 1917 495 2186 555; x_wconf 75' lang='lat' dir='ltr'><em>honestae</em></span> <span class='ocrx_word' id='word_1_9' title='bbox 2202 538 2221 573; x_wconf 88' lang='lat'>,</span> <span class='ocrx_word' id='word_1_10' title='bbox 2266 495 2433 555; x_wconf 85' lang='lat' dir='ltr'><em>vtiles</em></span> <span class='ocrx_word' id='word_1_11' title='bbox 2452 538 2471 571; x_wconf 86' lang='lat'>,</span> <span class='ocrx_word' id='word_1_12' title='bbox 2505 498 2585 557; x_wconf 71' lang='grc' dir='ltr'><em>ὁ·</em></span> <span class='ocrx_word' id='word_1_13' title='bbox 2621 498 3017 571; x_wconf 86' lang='lat' dir='ltr'><em>necessariae,</em></span> <span class='ocrx_word' id='word_1_14' title='bbox 3041 499 3307 577; x_wconf 67' lang='lat' dir='ltr'><em>exprin-</em></span> 
     </span>
     <span class='ocr_line' id='line_1_3' title="bbox 373 586 2463 670; baseline -0.002 -19"><span class='ocrx_word' id='word_1_15' title='bbox 373 591 539 670; x_wconf 65' lang='lat' dir='ltr'><em>ctpy‘s</em></span> <span class='ocrx_word' id='word_1_16' title='bbox 583 592 758 651; x_wconf 66' lang='lat' dir='ltr'><em>certis</em></span> <span class='ocrx_word' id='word_1_17' title='bbox 803 590 882 649; x_wconf 62' lang='grc' dir='ltr'><em>δι’</em></span> <span class='ocrx_word' id='word_1_18' title='bbox 927 588 1176 648; x_wconf 76' lang='lat' dir='ltr'><em>immotis</em></span> <span class='ocrx_word' id='word_1_19' title='bbox 1215 589 1415 660; x_wconf 84' lang='lat' dir='ltr'><em>sactae</em></span> <span class='ocrx_word' id='word_1_20' title='bbox 1429 630 1448 663; x_wconf 88' lang='lat'>,</span> <span class='ocrx_word' id='word_1_21' title='bbox 1497 588 1576 647; x_wconf 68' lang='grc' dir='ltr'><em>ὁ·</em></span> <span class='ocrx_word' id='word_1_22' title='bbox 1621 589 1778 663; x_wconf 84' lang='lat' dir='ltr'><em>leges</em></span> <span class='ocrx_word' id='word_1_23' title='bbox 1820 588 2037 647; x_wconf 80' lang='lat' dir='ltr'><em>harum</em></span> <span class='ocrx_word' id='word_1_24' title='bbox 2080 586 2463 647; x_wconf 77' lang='lat' dir='ltr'><em>inmutabiles</em></span> 
     </span>
    </p>

    <p class='ocr_par' dir='ltr' id='par_1_3' title="bbox 375 782 3310 1049">
     <span class='ocr_line' id='line_1_4' title="bbox 465 782 3310 863; baseline -0.001 -18"><span class='ocrx_word' id='word_1_25' title='bbox 465 784 792 847; x_wconf 83' lang='lat' dir='ltr'><em>Mutabilia</em></span> <span class='ocrx_word' id='word_1_26' title='bbox 863 790 1004 844; x_wconf 84' lang='lat' dir='ltr'><em>sunt</em></span> <span class='ocrx_word' id='word_1_27' title='bbox 1055 788 1287 843; x_wconf 88' lang='lat' dir='ltr'><em>caetera</em></span> <span class='ocrx_word' id='word_1_28' title='bbox 1347 783 1410 843; x_wconf 92' lang='lat' dir='ltr'><em>in</em></span> <span class='ocrx_word' id='word_1_29' title='bbox 1467 782 1739 842; x_wconf 75' lang='lat' dir='ltr'><em>humanis</em></span> <span class='ocrx_word' id='word_1_30' title='bbox 1781 782 2032 862; x_wconf 80' lang='lat' dir='ltr'><em>legibus,</em></span> <span class='ocrx_word' id='word_1_31' title='bbox 2080 784 2159 843; x_wconf 62' lang='grc' dir='ltr'><em>δι’</em></span> <span class='ocrx_word' id='word_1_32' title='bbox 2202 782 2577 845; x_wconf 88' lang='lat' dir='ltr'><em>conditionem</em></span> <span class='ocrx_word' id='word_1_33' title='bbox 2622 786 2955 844; x_wconf 77' lang='lat' dir='ltr'><em>nmtationis</em></span> <span class='ocrx_word' id='word_1_34' title='bbox 2998 786 3310 863; x_wconf 81' lang='lat' dir='ltr'><em>implexam</em></span> 
     </span>
     <span class='ocr_line' id='line_1_5' title="bbox 375 874 3309 955; baseline -0.001 -16"><span class='ocrx_word' id='word_1_35' title='bbox 375 880 586 939; x_wconf 70' lang='lat' dir='ltr'><em>liabent</em></span> <span class='ocrx_word' id='word_1_36' title='bbox 599 922 616 955; x_wconf 82' lang='lat'>‚</span> <span class='ocrx_word' id='word_1_37' title='bbox 685 876 910 937; x_wconf 80' lang='lat' dir='ltr'><em>duabus</em></span> <span class='ocrx_word' id='word_1_38' title='bbox 964 876 1036 934; x_wconf 88' lang='lat' dir='ltr'><em>de</em></span> <span class='ocrx_word' id='word_1_39' title='bbox 1100 876 1340 934; x_wconf 66' lang='lat' dir='ltr'><em>caussis.</em></span> <span class='ocrx_word' id='word_1_40' title='bbox 1407 874 1574 934; x_wconf 87' lang='lat' dir='ltr'><em>Nam</em></span> <span class='ocrx_word' id='word_1_41' title='bbox 1621 874 1700 935; x_wconf 70' lang='grc' dir='ltr'><em>ὁ·</em></span> <span class='ocrx_word' id='word_1_42' title='bbox 1744 876 1905 934; x_wconf 89' lang='lat' dir='ltr'><em>ratio</em></span> <span class='ocrx_word' id='word_1_43' title='bbox 1943 876 2359 953; x_wconf 80' lang='lat' dir='ltr'><em>praecipientis</em></span> <span class='ocrx_word' id='word_1_44' title='bbox 2402 877 2558 950; x_wconf 84' lang='lat' dir='ltr'><em>leges</em></span> <span class='ocrx_word' id='word_1_45' title='bbox 2601 874 2897 935; x_wconf 88' lang='lat' dir='ltr'><em>interdum</em></span> <span class='ocrx_word' id='word_1_46' title='bbox 2940 878 3150 937; x_wconf 86' lang='lat' dir='ltr'><em>variat</em></span> <span class='ocrx_word' id='word_1_47' title='bbox 3160 918 3182 949; x_wconf 85' lang='lat'><em>,</em></span> <span class='ocrx_word' id='word_1_48' title='bbox 3230 878 3309 937; x_wconf 62' lang='grc' dir='ltr'><em>δι’</em></span> 
     </span>
     <span class='ocr_line' id='line_1_6' title="bbox 377 956 2087 1049; baseline -0.002 -18"><span class='ocrx_word' id='word_1_49' title='bbox 377 970 579 1031; x_wconf 88' lang='lat' dir='ltr'><em>modus</em></span> <span class='ocrx_word' id='word_1_50' title='bbox 622 988 823 1029; x_wconf 86' lang='lat' dir='ltr'><em>eorum</em></span> <span class='ocrx_word' id='word_1_51' title='bbox 865 966 955 1027; x_wconf 89' lang='lat' dir='ltr'><em>ad</em></span> <span class='ocrx_word' id='word_1_52' title='bbox 987 984 1138 1043; x_wconf 85' lang='lat' dir='ltr'><em>quae</em></span> <span class='ocrx_word' id='word_1_53' title='bbox 1178 967 1499 1045; x_wconf 87' lang='lat' dir='ltr'><em>respiciant</em></span> <span class='ocrx_word' id='word_1_54' title='bbox 1537 966 1692 1040; x_wconf 81' lang='lat' dir='ltr'><em>leges</em></span> <span class='ocrx_word' id='word_1_55' title='bbox 1735 961 1806 1048; x_wconf 83' lang='lat' dir='ltr'><em>(s.</em></span> <span class='ocrx_word' id='word_1_56' title='bbox 1861 956 2087 1049; x_wconf 85' lang='lat'><strong>1486).</strong></span> 
     </span>
    </p>

    <p class='ocr_par' dir='ltr' id='par_1_4' title="bbox 363 1152 3310 1596">
     <span class='ocr_line' id='line_1_7' title="bbox 469 1152 3305 1234; baseline 0 -17"><span class='ocrx_word' id='word_1_57' title='bbox 469 1158 552 1218; x_wconf 84' lang='lat' dir='ltr'><em>Ac</em></span> <span class='ocrx_word' id='word_1_58' title='bbox 625 1159 786 1219; x_wconf 85' lang='lat' dir='ltr'><em>ratio</em></span> <span class='ocrx_word' id='word_1_59' title='bbox 854 1155 1080 1234; x_wconf 84' lang='lat' dir='ltr'><em>quidem</em></span> <span class='ocrx_word' id='word_1_60' title='bbox 1139 1156 1385 1215; x_wconf 73' lang='lat' dir='ltr'><em>hominis</em></span> <span class='ocrx_word' id='word_1_61' title='bbox 1417 1152 1678 1231; x_wconf 88' lang='lat' dir='ltr'><em>ferentis</em></span> <span class='ocrx_word' id='word_1_62' title='bbox 1721 1154 1904 1228; x_wconf 84' lang='lat' dir='ltr'><em>legem</em></span> <span class='ocrx_word' id='word_1_63' title='bbox 1955 1172 2083 1215; x_wconf 86' lang='lat' dir='ltr'><em>cum</em></span> <span class='ocrx_word' id='word_1_64' title='bbox 2126 1155 2362 1215; x_wconf 86' lang='lat' dir='ltr'><em>ratione</em></span> <span class='ocrx_word' id='word_1_65' title='bbox 2388 1156 2670 1234; x_wconf 83' lang='lat' dir='ltr'><em>proficit,</em></span> <span class='ocrx_word' id='word_1_66' title='bbox 2727 1160 2973 1231; x_wconf 80' lang='lat' dir='ltr'><em>praeter</em></span> <span class='ocrx_word' id='word_1_67' title='bbox 3017 1158 3305 1217; x_wconf 86' lang='lat' dir='ltr'><em>rationem</em></span> 
     </span>
     <span class='ocr_line' id='line_1_8' title="bbox 376 1247 3308 1330; baseline -0.001 -20"><span class='ocrx_word' id='word_1_68' title='bbox 376 1251 585 1330; x_wconf 86' lang='lat' dir='ltr'><em>deficit.</em></span> <span class='ocrx_word' id='word_1_69' title='bbox 643 1249 1021 1328; x_wconf 85' lang='lat' dir='ltr'><em>Quapropter</em></span> <span class='ocrx_word' id='word_1_70' title='bbox 1057 1250 1116 1309; x_wconf 91' lang='lat' dir='ltr'><em>si</em></span> <span class='ocrx_word' id='word_1_71' title='bbox 1154 1247 1462 1321; x_wconf 82' lang='lat' dir='ltr'><em>legislator</em></span> <span class='ocrx_word' id='word_1_72' title='bbox 1505 1248 1569 1306; x_wconf 90' lang='lat' dir='ltr'><em>in</em></span> <span class='ocrx_word' id='word_1_73' title='bbox 1614 1247 1958 1306; x_wconf 88' lang='lat' dir='ltr'><em>conscientia</em></span> <span class='ocrx_word' id='word_1_74' title='bbox 2002 1252 2275 1307; x_wconf 84' lang='lat' dir='ltr'><em>aeternae</em></span> <span class='ocrx_word' id='word_1_75' title='bbox 2318 1248 2503 1324; x_wconf 82' lang='lat' dir='ltr'><em>legis,</em></span> <span class='ocrx_word' id='word_1_76' title='bbox 2542 1252 2652 1307; x_wconf 89' lang='lat' dir='ltr'><em>aut</em></span> <span class='ocrx_word' id='word_1_77' title='bbox 2682 1248 2745 1305; x_wconf 90' lang='lat' dir='ltr'><em>in</em></span> <span class='ocrx_word' id='word_1_78' title='bbox 2769 1247 3089 1321; x_wconf 80' lang='lat' dir='ltr'><em>cognitione</em></span> <span class='ocrx_word' id='word_1_79' title='bbox 3110 1266 3308 1307; x_wconf 89' lang='lat' dir='ltr'><em>eorum</em></span> 
     </span>
     <span class='ocr_line' id='line_1_9' title="bbox 375 1336 3306 1419; baseline -0 -18"><span class='ocrx_word' id='word_1_80' title='bbox 375 1342 464 1401; x_wconf 87' lang='lat' dir='ltr'><em>ad</em></span> <span class='ocrx_word' id='word_1_81' title='bbox 522 1360 674 1419; x_wconf 83' lang='lat' dir='ltr'><em>quae</em></span> <span class='ocrx_word' id='word_1_82' title='bbox 736 1340 1056 1419; x_wconf 76' lang='lat' dir='ltr'><em>respiciunt</em></span> <span class='ocrx_word' id='word_1_83' title='bbox 1116 1340 1271 1414; x_wconf 82' lang='lat' dir='ltr'><em>leges</em></span> <span class='ocrx_word' id='word_1_84' title='bbox 1308 1336 1684 1418; x_wconf 75' lang='lat' dir='ltr'><em>profecerit,</em></span> <span class='ocrx_word' id='word_1_85' title='bbox 1737 1338 1917 1413; x_wconf 82' lang='lat' dir='ltr'><em>legem</em></span> <span class='ocrx_word' id='word_1_86' title='bbox 1978 1343 2209 1397; x_wconf 90' lang='lat' dir='ltr'><em>mutare</em></span> <span class='ocrx_word' id='word_1_87' title='bbox 2234 1338 2465 1418; x_wconf 62' lang='lat' dir='ltr'><em>potest,</em></span> <span class='ocrx_word' id='word_1_88' title='bbox 2511 1342 2571 1400; x_wconf 88' lang='lat' dir='ltr'><em>si</em></span> <span class='ocrx_word' id='word_1_89' title='bbox 2610 1338 2843 1397; x_wconf 86' lang='lat' dir='ltr'><em>euidens</em></span> <span class='ocrx_word' id='word_1_90' title='bbox 2886 1340 3005 1398; x_wconf 89' lang='lat' dir='ltr'><em>erit</em></span> <span class='ocrx_word' id='word_1_91' title='bbox 3044 1340 3269 1400; x_wconf 85' lang='lat' dir='ltr'><em>vtilitas</em></span> <span class='ocrx_word' id='word_1_92' title='bbox 3288 1384 3306 1417; x_wconf 89' lang='lat'><strong>‚</strong></span> 
     </span>
     <span class='ocr_line' id='line_1_10' title="bbox 363 1428 3310 1541; baseline -0 -48"><span class='ocrx_word' id='word_1_93' title='bbox 363 1439 617 1513; x_wconf 85' lang='lat' dir='ltr'><em>propter</em></span> <span class='ocrx_word' id='word_1_94' title='bbox 682 1450 856 1509; x_wconf 84' lang='lat' dir='ltr'><em>quam</em></span> <span class='ocrx_word' id='word_1_95' title='bbox 924 1430 1235 1490; x_wconf 79' lang='lat' dir='ltr'><em>recedatur</em></span> <span class='ocrx_word' id='word_1_96' title='bbox 1301 1429 1376 1490; x_wconf 81' lang='lat' dir='ltr'><em>ab</em></span> <span class='ocrx_word' id='word_1_97' title='bbox 1429 1447 1494 1488; x_wconf 90' lang='lat' dir='ltr'><em>eo</em></span> <span class='ocrx_word' id='word_1_98' title='bbox 1551 1432 1683 1489; x_wconf 91' lang='lat' dir='ltr'><em>iure</em></span> <span class='ocrx_word' id='word_1_99' title='bbox 1739 1430 1902 1507; x_wconf 84' lang='lat' dir='ltr'><em>quod</em></span> <span class='ocrx_word' id='word_1_100' title='bbox 1937 1429 2040 1489; x_wconf 89' lang='lat' dir='ltr'><em>diu</em></span> <span class='ocrx_word' id='word_1_101' title='bbox 2083 1447 2328 1506; x_wconf 85' lang='lat' dir='ltr'><em>aequum</em></span> <span class='ocrx_word' id='word_1_102' title='bbox 2373 1432 2557 1491; x_wconf 84' lang='lat' dir='ltr'><em>visum</em></span> <span class='ocrx_word' id='word_1_103' title='bbox 2600 1436 2705 1491; x_wconf 89' lang='lat' dir='ltr'><em>est.</em></span> <span class='ocrx_word' id='word_1_104' title='bbox 2752 1428 2875 1489; x_wconf 87' lang='lat' dir='ltr'><em>Sed</em></span> <span class='ocrx_word' id='word_1_105' title='bbox 2909 1429 3051 1541; x_wconf 77' lang='lat' dir='ltr'><em>haec</em></span> <span class='ocrx_word' id='word_1_106' title='bbox 3096 1449 3310 1492; x_wconf 86' lang='lat' dir='ltr'><em>caussa</em></span> 
     </span>
     <span class='ocr_line' id='line_1_11' title="bbox 375 1520 2523 1601; baseline -0.002 -16"><span class='ocrx_word' id='word_1_107' title='bbox 375 1525 529 1585; x_wconf 79' lang='lat' dir='ltr'><em>nihil</em></span> <span class='ocrx_word' id='word_1_108' title='bbox 565 1526 775 1584; x_wconf 82' lang='lat' dir='ltr'><em>attinet</em></span> <span class='ocrx_word' id='word_1_109' title='bbox 812 1523 901 1582; x_wconf 86' lang='lat' dir='ltr'><em>ad</em></span> <span class='ocrx_word' id='word_1_110' title='bbox 943 1522 1126 1596; x_wconf 80' lang='lat' dir='ltr'><em>legem</em></span> <span class='ocrx_word' id='word_1_111' title='bbox 1167 1522 1398 1601; x_wconf 78' lang='lat' dir='ltr'><em>Mosis,</em></span> <span class='ocrx_word' id='word_1_112' title='bbox 1442 1522 1605 1581; x_wconf 87' lang='lat' dir='ltr'><em>cuius</em></span> <span class='ocrx_word' id='word_1_113' title='bbox 1648 1526 1857 1581; x_wconf 82' lang='lat' dir='ltr'><em>auctor</em></span> <span class='ocrx_word' id='word_1_114' title='bbox 1902 1522 1983 1581; x_wconf 70' lang='grc' dir='ltr'><em>ὁ·</em></span> <span class='ocrx_word' id='word_1_115' title='bbox 2025 1523 2287 1581; x_wconf 84' lang='lat' dir='ltr'><em>sancitor</em></span> <span class='ocrx_word' id='word_1_116' title='bbox 2331 1520 2523 1585; x_wconf 87' lang='lat' dir='ltr'><em>Deus.</em></span> 
     </span>
    </p>
   </div>
   <div class='ocr_carea' id='block_1_3' title="bbox 362 1623 3311 1885">
    <p class='ocr_par' dir='ltr' id='par_1_5' title="bbox 362 1623 3311 1885">
     <span class='ocr_line' id='line_1_12' title="bbox 468 1623 3309 1789; baseline -0.001 -16"><span class='ocrx_word' id='word_1_117' title='bbox 468 1712 691 1773; x_wconf 86' lang='lat' dir='ltr'><em>Modus</em></span> <span class='ocrx_word' id='word_1_118' title='bbox 755 1712 896 1773; x_wconf 76' lang='lat' dir='ltr'><em>vero</em></span> <span class='ocrx_word' id='word_1_119' title='bbox 953 1729 1152 1770; x_wconf 91' lang='lat' dir='ltr'><em>eorum</em></span> <span class='ocrx_word' id='word_1_120' title='bbox 1197 1711 1286 1771; x_wconf 89' lang='lat' dir='ltr'><em>ad</em></span> <span class='ocrx_word' id='word_1_121' title='bbox 1327 1728 1477 1787; x_wconf 84' lang='lat' dir='ltr'><em>quae</em></span> <span class='ocrx_word' id='word_1_122' title='bbox 1529 1623 1870 1788; x_wconf 46' lang='lat' dir='ltr'><em>respiriciztnjtc</em></span> <span class='ocrx_word' id='word_1_123' title='bbox 1886 1624 2071 1789; x_wconf 50' lang='lat' dir='ltr'><em>leges,</em></span> <span class='ocrx_word' id='word_1_124' title='bbox 2122 1718 2345 1789; x_wconf 81' lang='lat' dir='ltr'><em>semper</em></span> <span class='ocrx_word' id='word_1_125' title='bbox 2388 1708 2683 1769; x_wconf 85' lang='lat' dir='ltr'><em>mutabilis</em></span> <span class='ocrx_word' id='word_1_126' title='bbox 2726 1714 2846 1788; x_wconf 82' lang='lat' dir='ltr'><em>est,</em></span> <span class='ocrx_word' id='word_1_127' title='bbox 2921 1710 3000 1771; x_wconf 62' lang='grc' dir='ltr'><em>ἐν</em></span> <span class='ocrx_word' id='word_1_128' title='bbox 3042 1714 3309 1770; x_wconf 80' lang='lat' dir='ltr'><em>mutatur</em></span> 
     </span>
     <span class='ocr_line' id='line_1_13' title="bbox 362 1801 3311 1885; baseline -0.001 -20"><span class='ocrx_word' id='word_1_129' title='bbox 362 1806 692 1885; x_wconf 87' lang='lat' dir='ltr'><em>plurimum</em></span> <span class='ocrx_word' id='word_1_130' title='bbox 705 1821 729 1862; x_wconf 90' lang='lat'><em>.·</em></span> <span class='ocrx_word' id='word_1_131' title='bbox 796 1820 867 1863; x_wconf 87' lang='lat' dir='ltr'><em>ac</em></span> <span class='ocrx_word' id='word_1_132' title='bbox 919 1808 1246 1882; x_wconf 88' lang='lat' dir='ltr'><em>propterea</em></span> <span class='ocrx_word' id='word_1_133' title='bbox 1304 1803 1459 1877; x_wconf 86' lang='lat' dir='ltr'><em>leges</em></span> <span class='ocrx_word' id='word_1_134' title='bbox 1503 1820 1654 1878; x_wconf 85' lang='lat' dir='ltr'><em>quae</em></span> <span class='ocrx_word' id='word_1_135' title='bbox 1711 1801 1784 1860; x_wconf 91' lang='lat' dir='ltr'><em>de</em></span> <span class='ocrx_word' id='word_1_136' title='bbox 1825 1802 1908 1861; x_wconf 90' lang='lat' dir='ltr'><em>eis</em></span> <span class='ocrx_word' id='word_1_137' title='bbox 1966 1802 2253 1863; x_wconf 84' lang='lat' dir='ltr'><em>ordinant</em></span> <span class='ocrx_word' id='word_1_138' title='bbox 2267 1847 2285 1883; x_wconf 84' lang='lat'>,</span> <span class='ocrx_word' id='word_1_139' title='bbox 2344 1804 2573 1861; x_wconf 90' lang='lat' dir='ltr'><em>mutari</em></span> <span class='ocrx_word' id='word_1_140' title='bbox 2605 1806 2855 1880; x_wconf 81' lang='lat' dir='ltr'><em>possunt</em></span> <span class='ocrx_word' id='word_1_141' title='bbox 2893 1802 2983 1862; x_wconf 88' lang='lat' dir='ltr'><em>ad</em></span> <span class='ocrx_word' id='word_1_142' title='bbox 3024 1819 3311 1863; x_wconf 80' lang='lat' dir='ltr'><em>commune</em></span> 
     </span>
    </p>
   </div>
   <div class='ocr_carea' id='block_1_4' title="bbox 378 1894 1969 2038">
    <p class='ocr_par' dir='ltr' id='par_1_6' title="bbox 378 1894 1969 2038">
     <span class='ocr_line' id='line_1_14' title="bbox 378 1894 1969 2038; baseline -0.003 -82"><span class='ocrx_word' id='word_1_143' title='bbox 378 1897 581 1957; x_wconf 85' lang='lat' dir='ltr'><em>bonum</em></span> <span class='ocrx_word' id='word_1_144' title='bbox 598 1940 614 1971; x_wconf 92' lang='lat'>,</span> <span class='ocrx_word' id='word_1_145' title='bbox 665 1897 743 1956; x_wconf 66' lang='grc' dir='ltr'><em>ἂν</em></span> <span class='ocrx_word' id='word_1_146' title='bbox 767 1896 1117 1975; x_wconf 84' lang='lat' dir='ltr'><em>plerumque</em></span> <span class='ocrx_word' id='word_1_147' title='bbox 1159 1894 1388 1955; x_wconf 90' lang='lat' dir='ltr'><em>mutari</em></span> <span class='ocrx_word' id='word_1_148' title='bbox 1426 1911 1647 1954; x_wconf 89' lang='lat' dir='ltr'><em>necesse</em></span> <span class='ocrx_word' id='word_1_149' title='bbox 1686 1898 1852 2038; x_wconf 52' lang='lat' dir='ltr'><em>e}X</em></span> <span class='ocrx_word' id='word_1_150' title='bbox 1869 1979 1900 2038; x_wconf 73' lang='lat' dir='ltr'>I</span> <span class='ocrx_word' id='word_1_151' title='bbox 1919 1978 1969 2037; x_wconf 73' lang='lat' dir='ltr'>I</span> 
     </span>
    </p>
   </div>
   <div class='ocr_carea' id='block_1_5' title="bbox 377 2062 3312 2255">
    <p class='ocr_par' dir='ltr' id='par_1_7' title="bbox 377 2062 3312 2236">
     <span class='ocr_line' id='line_1_15' title="bbox 468 2062 3312 2146; baseline -0 -20"><span class='ocrx_word' id='word_1_152' title='bbox 468 2065 790 2128; x_wconf 81' lang='lat' dir='ltr'><em>Mutabiles</em></span> <span class='ocrx_word' id='word_1_153' title='bbox 849 2068 1047 2144; x_wconf 85' lang='lat' dir='ltr'><em>itaque</em></span> <span class='ocrx_word' id='word_1_154' title='bbox 1107 2071 1246 2126; x_wconf 89' lang='lat' dir='ltr'><em>sunt</em></span> <span class='ocrx_word' id='word_1_155' title='bbox 1301 2066 1364 2126; x_wconf 91' lang='lat' dir='ltr'><em>in</em></span> <span class='ocrx_word' id='word_1_156' title='bbox 1416 2066 1544 2139; x_wconf 80' lang='lat' dir='ltr'><em>lege</em></span> <span class='ocrx_word' id='word_1_157' title='bbox 1587 2062 1784 2124; x_wconf 80' lang='lat' dir='ltr'><em>Masis</em></span> <span class='ocrx_word' id='word_1_158' title='bbox 1811 2066 2226 2143; x_wconf 80' lang='lat' dir='ltr'><em>particulares</em></span> <span class='ocrx_word' id='word_1_159' title='bbox 2268 2064 2409 2124; x_wconf 90' lang='lat' dir='ltr'><em>illae</em></span> <span class='ocrx_word' id='word_1_160' title='bbox 2452 2064 2986 2146; x_wconf 77' lang='lat' dir='ltr'><em>determinationes,</em></span> <span class='ocrx_word' id='word_1_161' title='bbox 3030 2065 3121 2125; x_wconf 88' lang='lat' dir='ltr'><em>ad</em></span> <span class='ocrx_word' id='word_1_162' title='bbox 3162 2084 3312 2143; x_wconf 84' lang='lat' dir='ltr'><em>quas</em></span> 
     </span>
     <span class='ocr_line' id='line_1_16' title="bbox 377 2155 3312 2255; baseline -0.001 -36"><span class='ocrx_word' id='word_1_163' title='bbox 377 2178 453 2220; x_wconf 85' lang='lat' dir='ltr'><em>ex</em></span> <span class='ocrx_word' id='word_1_164' title='bbox 521 2160 770 2219; x_wconf 89' lang='lat' dir='ltr'><em>immotis</em></span> <span class='ocrx_word' id='word_1_165' title='bbox 823 2157 1136 2236; x_wconf 70' lang='lat' dir='ltr'><em>principiis</em></span> <span class='ocrx_word' id='word_1_166' title='bbox 1195 2156 1688 2233; x_wconf 75' lang='lat' dir='ltr'><em>comunibasque</em></span> <span class='ocrx_word' id='word_1_167' title='bbox 1729 2156 2186 2216; x_wconf 83' lang='lat' dir='ltr'><em>conclusionibus</em></span> <span class='ocrx_word' id='word_1_168' title='bbox 2211 2156 2564 2255; x_wconf 82' lang='lat' dir='ltr'><em>proceditur</em></span> <span class='ocrx_word' id='word_1_169' title='bbox 2608 2155 2915 2217; x_wconf 88' lang='lat' dir='ltr'><em>secundum</em></span> <span class='ocrx_word' id='word_1_170' title='bbox 2959 2157 3187 2218; x_wconf 89' lang='lat' dir='ltr'><em>modum</em></span> <span class='ocrx_word' id='word_1_171' title='bbox 3232 2158 3312 2217; x_wconf 71' lang='grc' dir='ltr'><em>ὁ·</em></span> 
     </span>
    </p>
   </div>
   <div class='ocr_carea' id='block_1_6' title="bbox 377 2247 2089 2395">
    <p class='ocr_par' dir='ltr' id='par_1_8' title="bbox 377 2247 2089 2395">
     <span class='ocr_line' id='line_1_17' title="bbox 377 2247 2089 2395; baseline -0.002 -84"><span class='ocrx_word' id='word_1_172' title='bbox 377 2250 754 2311; x_wconf 88' lang='lat' dir='ltr'><em>conditionem</em></span> <span class='ocrx_word' id='word_1_173' title='bbox 799 2266 999 2309; x_wconf 89' lang='lat' dir='ltr'><em>eorum</em></span> <span class='ocrx_word' id='word_1_174' title='bbox 1043 2266 1192 2327; x_wconf 86' lang='lat' dir='ltr'><em>quae</em></span> <span class='ocrx_word' id='word_1_175' title='bbox 1235 2248 1478 2308; x_wconf 84' lang='lat' dir='ltr'><em>subsunt</em></span> <span class='ocrx_word' id='word_1_176' title='bbox 1516 2247 1881 2393; x_wconf 42' lang='lat' dir='ltr'><em>deffgf}</em></span> <span class='ocrx_word' id='word_1_177' title='bbox 1897 2248 2089 2395; x_wconf 53' lang='lat' dir='ltr'><em>Iligis.</em></span> 
     </span>
    </p>
   </div>
   <div class='ocr_carea' id='block_1_7' title="bbox 375 2414 3310 2873">
    <p class='ocr_par' dir='ltr' id='par_1_9' title="bbox 375 2414 3310 2683">
     <span class='ocr_line' id='line_1_18' title="bbox 467 2414 3310 2504; baseline -0.001 -22"><span class='ocrx_word' id='word_1_178' title='bbox 467 2420 724 2483; x_wconf 84' lang='lat' dir='ltr'><em>Subsunt</em></span> <span class='ocrx_word' id='word_1_179' title='bbox 775 2426 966 2481; x_wconf 88' lang='lat' dir='ltr'><em>autem</em></span> <span class='ocrx_word' id='word_1_180' title='bbox 1009 2420 1372 2481; x_wconf 87' lang='lat' dir='ltr'><em>ordinationi</em></span> <span class='ocrx_word' id='word_1_181' title='bbox 1408 2420 1558 2496; x_wconf 73' lang='lat' dir='ltr'><em>legis·</em></span> <span class='ocrx_word' id='word_1_182' title='bbox 1581 2428 1912 2500; x_wconf 84' lang='lat' dir='ltr'><em>personae,</em></span> <span class='ocrx_word' id='word_1_183' title='bbox 1959 2436 2061 2480; x_wconf 90' lang='lat' dir='ltr'><em>res</em></span> <span class='ocrx_word' id='word_1_184' title='bbox 2078 2464 2097 2498; x_wconf 85' lang='lat'>,</span> <span class='ocrx_word' id='word_1_185' title='bbox 2144 2414 2375 2502; x_wconf 83' lang='lat' dir='ltr'><em>(quibus</em></span> <span class='ocrx_word' id='word_1_186' title='bbox 2418 2422 2672 2481; x_wconf 82' lang='lat' dir='ltr'><em>actiones</em></span> <span class='ocrx_word' id='word_1_187' title='bbox 2723 2415 3171 2504; x_wconf 84' lang='lat' dir='ltr'><em>complectimur)</em></span> <span class='ocrx_word' id='word_1_188' title='bbox 3202 2418 3310 2481; x_wconf 54' lang='grc' dir='ltr'><em>’ἃ</em></span> 
     </span>
     <span class='ocr_line' id='line_1_19' title="bbox 376 2511 3310 2592; baseline -0.001 -18"><span class='ocrx_word' id='word_1_189' title='bbox 376 2514 879 2574; x_wconf 75' lang='lat' dir='ltr'><em>circumstantiae.-</em></span> <span class='ocrx_word' id='word_1_190' title='bbox 943 2530 1197 2589; x_wconf 84' lang='lat' dir='ltr'><em>quarum</em></span> <span class='ocrx_word' id='word_1_191' title='bbox 1257 2511 1574 2572; x_wconf 40' lang='lat' dir='ltr'><em>condisstuni</em></span> <span class='ocrx_word' id='word_1_192' title='bbox 1627 2514 1721 2571; x_wconf 91' lang='lat' dir='ltr'><em>ius</em></span> <span class='ocrx_word' id='word_1_193' title='bbox 1771 2511 2240 2572; x_wconf 88' lang='lat' dir='ltr'><em>accommodatur</em></span> <span class='ocrx_word' id='word_1_194' title='bbox 2280 2512 2408 2588; x_wconf 81' lang='lat' dir='ltr'><em>lege</em></span> <span class='ocrx_word' id='word_1_195' title='bbox 2419 2554 2440 2584; x_wconf 90' lang='lat'>‚</span> <span class='ocrx_word' id='word_1_196' title='bbox 2488 2513 2762 2592; x_wconf 80' lang='lat' dir='ltr'><em>fiuntque</em></span> <span class='ocrx_word' id='word_1_197' title='bbox 2808 2514 3310 2574; x_wconf 84' lang='lat' dir='ltr'><em>determinationes</em></span> 
     </span>
     <span class='ocr_line' id='line_1_20' title="bbox 375 2601 3221 2683; baseline -0 -17"><span class='ocrx_word' id='word_1_198' title='bbox 375 2605 615 2666; x_wconf 83' lang='lat' dir='ltr'><em>iubendo</em></span> <span class='ocrx_word' id='word_1_199' title='bbox 657 2603 1012 2682; x_wconf 74' lang='lat' dir='ltr'><em>vetandoque</em></span> <span class='ocrx_word' id='word_1_200' title='bbox 1028 2649 1048 2683; x_wconf 83' lang='lat'>,</span> <span class='ocrx_word' id='word_1_201' title='bbox 1091 2602 1452 2663; x_wconf 86' lang='lat' dir='ltr'><em>munerando</em></span> <span class='ocrx_word' id='word_1_202' title='bbox 1499 2603 1578 2664; x_wconf 61' lang='grc' dir='ltr'><em>ἐν</em></span> <span class='ocrx_word' id='word_1_203' title='bbox 1613 2601 1912 2682; x_wconf 76' lang='lat' dir='ltr'><em>pmu&#39;endo</em></span> <span class='ocrx_word' id='word_1_204' title='bbox 1925 2646 1946 2674; x_wconf 90' lang='lat'>‚</span> <span class='ocrx_word' id='word_1_205' title='bbox 1994 2609 2168 2682; x_wconf 85' lang='lat' dir='ltr'><em>atque</em></span> <span class='ocrx_word' id='word_1_206' title='bbox 2194 2604 2607 2683; x_wconf 86' lang='lat' dir='ltr'><em>permittendo.</em></span> <span class='ocrx_word' id='word_1_207' title='bbox 3214 2641 3221 2650; x_wconf 92' lang='lat'><em>-</em></span> 
     </span>
    </p>

    <p class='ocr_par' dir='ltr' id='par_1_10' title="bbox 488 2705 3307 2873">
     <span class='ocr_line' id='line_1_21' title="bbox 488 2705 3307 2873; baseline 0 -21"><span class='ocrx_word' id='word_1_208' title='bbox 488 2793 561 2852; x_wconf 88' lang='lat' dir='ltr'><em>Vt</em></span> <span class='ocrx_word' id='word_1_209' title='bbox 621 2798 810 2852; x_wconf 87' lang='lat' dir='ltr'><em>autem</em></span> <span class='ocrx_word' id='word_1_210' title='bbox 869 2790 1072 2852; x_wconf 86' lang='lat' dir='ltr'><em>modus</em></span> <span class='ocrx_word' id='word_1_211' title='bbox 1122 2791 1201 2852; x_wconf 62' lang='grc' dir='ltr'><em>ἐν</em></span> <span class='ocrx_word' id='word_1_212' title='bbox 1244 2791 1494 2852; x_wconf 71' lang='lat' dir='ltr'><em>conditio</em></span> <span class='ocrx_word' id='word_1_213' title='bbox 1549 2705 1956 2868; x_wconf 44' lang='lat' dir='ltr'><em>eorujttuxqgcelze1</em></span> <span class='ocrx_word' id='word_1_214' title='bbox 1974 2707 2237 2853; x_wconf 61' lang='lat' dir='ltr'><em>Isubsunt</em></span> <span class='ocrx_word' id='word_1_215' title='bbox 2276 2792 2398 2868; x_wconf 81' lang='lat' dir='ltr'><em>legi</em></span> <span class='ocrx_word' id='word_1_216' title='bbox 2414 2837 2433 2873; x_wconf 87' lang='lat'>‚</span> <span class='ocrx_word' id='word_1_217' title='bbox 2492 2795 2577 2854; x_wconf 84' lang='lat' dir='ltr'><em>sic</em></span> <span class='ocrx_word' id='word_1_218' title='bbox 2630 2795 2725 2854; x_wconf 82' lang='lat' dir='ltr'><em>ius</em></span> <span class='ocrx_word' id='word_1_219' title='bbox 2770 2791 3307 2854; x_wconf 85' lang='lat' dir='ltr'><em>determinationum</em></span> 
     </span>
    </p>
   </div>
   <div class='ocr_carea' id='block_1_8' title="bbox 377 2883 1940 3028">
    <p class='ocr_par' dir='ltr' id='par_1_11' title="bbox 377 2883 1940 3028">
     <span class='ocr_line' id='line_1_22' title="bbox 377 2883 1940 3028; baseline -0.003 -83"><span class='ocrx_word' id='word_1_220' title='bbox 377 2885 594 2964; x_wconf 87' lang='lat' dir='ltr'><em>duplex</em></span> <span class='ocrx_word' id='word_1_221' title='bbox 607 2903 630 2944; x_wconf 91' lang='lat'><em>.·</em></span> <span class='ocrx_word' id='word_1_222' title='bbox 675 2901 967 2945; x_wconf 88' lang='lat' dir='ltr'><em>commune</em></span> <span class='ocrx_word' id='word_1_223' title='bbox 984 2927 1004 2963; x_wconf 82' lang='lat'><strong>,</strong></span> <span class='ocrx_word' id='word_1_224' title='bbox 1049 2883 1130 2944; x_wconf 72' lang='grc' dir='ltr'><em>ὁ·</em></span> <span class='ocrx_word' id='word_1_225' title='bbox 1173 2883 1501 2958; x_wconf 75' lang='lat' dir='ltr'><em>singulare.</em></span> <span class='ocrx_word' id='word_1_226' title='bbox 1721 2969 1782 3028; x_wconf 76' lang='lat' dir='ltr'><strong>X</strong></span> <span class='ocrx_word' id='word_1_227' title='bbox 1799 2969 1860 3028; x_wconf 80' lang='lat' dir='ltr'><strong>X</strong></span> <span class='ocrx_word' id='word_1_228' title='bbox 1879 2969 1940 3028; x_wconf 76' lang='lat' dir='ltr'><strong>v</strong></span> 
     </span>
    </p>
   </div>
   <div class='ocr_carea' id='block_1_9' title="bbox 372 3053 3308 3843">
    <p class='ocr_par' dir='ltr' id='par_1_12' title="bbox 373 3053 3308 3316">
     <span class='ocr_line' id='line_1_23' title="bbox 474 3053 3305 3134; baseline -0 -19"><span class='ocrx_word' id='word_1_229' title='bbox 474 3055 798 3116; x_wconf 88' lang='lat' dir='ltr'><em>Communis</em></span> <span class='ocrx_word' id='word_1_230' title='bbox 865 3055 1067 3114; x_wconf 89' lang='lat' dir='ltr'><em>modus</em></span> <span class='ocrx_word' id='word_1_231' title='bbox 1133 3054 1214 3115; x_wconf 72' lang='grc' dir='ltr'><em>ὁ·</em></span> <span class='ocrx_word' id='word_1_232' title='bbox 1271 3053 1518 3114; x_wconf 88' lang='lat' dir='ltr'><em>conditio</em></span> <span class='ocrx_word' id='word_1_233' title='bbox 1562 3061 1963 3134; x_wconf 88' lang='lat' dir='ltr'><em>personarum</em></span> <span class='ocrx_word' id='word_1_234' title='bbox 2006 3058 2127 3131; x_wconf 88' lang='lat' dir='ltr'><em>est,</em></span> <span class='ocrx_word' id='word_1_235' title='bbox 2179 3055 2299 3132; x_wconf 78' lang='lat' dir='ltr'><em>qua</em></span> <span class='ocrx_word' id='word_1_236' title='bbox 2344 3055 2793 3116; x_wconf 88' lang='lat' dir='ltr'><em>considerantur</em></span> <span class='ocrx_word' id='word_1_237' title='bbox 2839 3061 2906 3116; x_wconf 88' lang='lat' dir='ltr'><em>vt</em></span> <span class='ocrx_word' id='word_1_238' title='bbox 2944 3055 3198 3115; x_wconf 77' lang='lat' dir='ltr'><em>homines</em></span> <span class='ocrx_word' id='word_1_239' title='bbox 3240 3056 3305 3114; x_wconf 92' lang='lat' dir='ltr'><em>in</em></span> 
     </span>
     <span class='ocr_line' id='line_1_24' title="bbox 373 3145 3308 3225; baseline -0.001 -18"><span class='ocrx_word' id='word_1_240' title='bbox 373 3166 578 3208; x_wconf 88' lang='lat' dir='ltr'><em>rerum</em></span> <span class='ocrx_word' id='word_1_241' title='bbox 621 3151 849 3206; x_wconf 85' lang='lat' dir='ltr'><em>natura</em></span> <span class='ocrx_word' id='word_1_242' title='bbox 889 3165 965 3206; x_wconf 80' lang='lat' dir='ltr'><em>ex</em></span> <span class='ocrx_word' id='word_1_243' title='bbox 1001 3147 1288 3206; x_wconf 86' lang='lat' dir='ltr'><em>communi</em></span> <span class='ocrx_word' id='word_1_244' title='bbox 1335 3145 1414 3206; x_wconf 62' lang='grc' dir='ltr'><em>ἐν</em></span> <span class='ocrx_word' id='word_1_245' title='bbox 1456 3146 1715 3206; x_wconf 79' lang='lat' dir='ltr'><em>humana</em></span> <span class='ocrx_word' id='word_1_246' title='bbox 1758 3147 1921 3220; x_wconf 82' lang='lat' dir='ltr'><em>lege:</em></span> <span class='ocrx_word' id='word_1_247' title='bbox 1966 3145 2295 3222; x_wconf 66' lang='lat' dir='ltr'><em>singularis</em></span> <span class='ocrx_word' id='word_1_248' title='bbox 2309 3189 2330 3218; x_wconf 87' lang='lat'><em>,</em></span> <span class='ocrx_word' id='word_1_249' title='bbox 2364 3149 2485 3224; x_wconf 76' lang='lat' dir='ltr'><em>qua</em></span> <span class='ocrx_word' id='word_1_250' title='bbox 2506 3147 2955 3208; x_wconf 84' lang='lat' dir='ltr'><em>considerantur</em></span> <span class='ocrx_word' id='word_1_251' title='bbox 2977 3152 3044 3208; x_wconf 84' lang='lat' dir='ltr'><em>vt</em></span> <span class='ocrx_word' id='word_1_252' title='bbox 3058 3146 3273 3207; x_wconf 88' lang='lat' dir='ltr'><em>Iudaei</em></span> <span class='ocrx_word' id='word_1_253' title='bbox 3289 3190 3308 3225; x_wconf 80' lang='lat'>,</span> 
     </span>
     <span class='ocr_line' id='line_1_25' title="bbox 375 3235 2789 3316; baseline 0.002 -16"><span class='ocrx_word' id='word_1_254' title='bbox 375 3241 570 3300; x_wconf 70' lang='lat' dir='ltr'><em>vocati</em></span> <span class='ocrx_word' id='word_1_255' title='bbox 609 3239 673 3298; x_wconf 89' lang='lat' dir='ltr'><em>in</em></span> <span class='ocrx_word' id='word_1_256' title='bbox 703 3235 891 3314; x_wconf 86' lang='lat' dir='ltr'><em>sedus</em></span> <span class='ocrx_word' id='word_1_257' title='bbox 907 3281 926 3316; x_wconf 88' lang='lat'>,</span> <span class='ocrx_word' id='word_1_258' title='bbox 957 3239 1379 3316; x_wconf 87' lang='lat' dir='ltr'><em>promissiones</em></span> <span class='ocrx_word' id='word_1_259' title='bbox 1395 3281 1414 3316; x_wconf 88' lang='lat'>,</span> <span class='ocrx_word' id='word_1_260' title='bbox 1459 3240 1762 3298; x_wconf 85' lang='lat' dir='ltr'><em>veritatem</em></span> <span class='ocrx_word' id='word_1_261' title='bbox 1776 3281 1797 3309; x_wconf 89' lang='lat'><em>,</em></span> <span class='ocrx_word' id='word_1_262' title='bbox 1843 3237 2105 3296; x_wconf 89' lang='lat' dir='ltr'><em>ordinem</em></span> <span class='ocrx_word' id='word_1_263' title='bbox 2124 3281 2143 3316; x_wconf 88' lang='lat'>,</span> <span class='ocrx_word' id='word_1_264' title='bbox 2188 3238 2267 3297; x_wconf 62' lang='grc' dir='ltr'><em>δι’</em></span> <span class='ocrx_word' id='word_1_265' title='bbox 2308 3239 2487 3314; x_wconf 74' lang='lat' dir='ltr'><em>signa</em></span> <span class='ocrx_word' id='word_1_266' title='bbox 2521 3239 2789 3314; x_wconf 68' lang='lat' dir='ltr'><em>gratiae.</em></span> 
     </span>
    </p>

    <p class='ocr_par' dir='ltr' id='par_1_13' title="bbox 372 3323 3307 3673">
     <span class='ocr_line' id='line_1_26' title="bbox 455 3323 3307 3488; baseline 0 -18"><span class='ocrx_word' id='word_1_267' title='bbox 455 3409 804 3470; x_wconf 66' lang='lat' dir='ltr'><em>*Communis</em></span> <span class='ocrx_word' id='word_1_268' title='bbox 847 3427 1052 3468; x_wconf 92' lang='lat' dir='ltr'><em>rerum</em></span> <span class='ocrx_word' id='word_1_269' title='bbox 1110 3409 1312 3470; x_wconf 88' lang='lat' dir='ltr'><em>modus</em></span> <span class='ocrx_word' id='word_1_270' title='bbox 1331 3453 1349 3487; x_wconf 81' lang='grc'><em>,</em></span> <span class='ocrx_word' id='word_1_271' title='bbox 1405 3413 1594 3488; x_wconf 86' lang='lat' dir='ltr'><em>prout</em></span> <span class='ocrx_word' id='word_1_272' title='bbox 1631 3323 2005 3470; x_wconf 46' lang='lat' dir='ltr'><em>coffingtelr</em></span> <span class='ocrx_word' id='word_1_273' title='bbox 2041 3415 2182 3469; x_wconf 89' lang='lat' dir='ltr'><em>sunt</em></span> <span class='ocrx_word' id='word_1_274' title='bbox 2222 3411 2285 3468; x_wconf 85' lang='lat' dir='ltr'><em>in</em></span> <span class='ocrx_word' id='word_1_275' title='bbox 2329 3427 2437 3469; x_wconf 85' lang='lat' dir='ltr'><em>vsu</em></span> <span class='ocrx_word' id='word_1_276' title='bbox 2479 3410 2770 3469; x_wconf 75' lang='lat' dir='ltr'><em>hominum</em></span> <span class='ocrx_word' id='word_1_277' title='bbox 2814 3414 2987 3488; x_wconf 87' lang='lat' dir='ltr'><em>atque</em></span> <span class='ocrx_word' id='word_1_278' title='bbox 3029 3418 3307 3487; x_wconf 87' lang='lat' dir='ltr'><em>occupan-</em></span> 
     </span>
     <span class='ocr_line' id='line_1_27' title="bbox 374 3499 3307 3580; baseline 0 -20"><span class='ocrx_word' id='word_1_279' title='bbox 374 3507 479 3561; x_wconf 86' lang='lat' dir='ltr'><em>tur</em></span> <span class='ocrx_word' id='word_1_280' title='bbox 492 3519 516 3560; x_wconf 90' lang='lat'><em>.·</em></span> <span class='ocrx_word' id='word_1_281' title='bbox 568 3501 931 3576; x_wconf 78' lang='lat' dir='ltr'><em>singularis,</em></span> <span class='ocrx_word' id='word_1_282' title='bbox 986 3506 1173 3578; x_wconf 85' lang='lat' dir='ltr'><em>prout</em></span> <span class='ocrx_word' id='word_1_283' title='bbox 1228 3500 1316 3560; x_wconf 90' lang='lat' dir='ltr'><em>ad</em></span> <span class='ocrx_word' id='word_1_284' title='bbox 1359 3501 1724 3575; x_wconf 78' lang='lat' dir='ltr'><em>singularem</em></span> <span class='ocrx_word' id='word_1_285' title='bbox 1766 3505 2095 3580; x_wconf 87' lang='lat' dir='ltr'><em>praeterea</em></span> <span class='ocrx_word' id='word_1_286' title='bbox 2142 3499 2381 3577; x_wconf 87' lang='lat' dir='ltr'><em>federis</em></span> <span class='ocrx_word' id='word_1_287' title='bbox 2398 3545 2416 3580; x_wconf 91' lang='lat'>‚</span> <span class='ocrx_word' id='word_1_288' title='bbox 2454 3501 2914 3580; x_wconf 69' lang='lat' dir='ltr'><em>promissionum</em></span> <span class='ocrx_word' id='word_1_289' title='bbox 2932 3545 2952 3578; x_wconf 82' lang='lat'>‚</span> <span class='ocrx_word' id='word_1_290' title='bbox 2998 3502 3267 3561; x_wconf 63' lang='lat' dir='ltr'><em>veritates</em></span> <span class='ocrx_word' id='word_1_291' title='bbox 3288 3544 3307 3578; x_wconf 85' lang='lat'>,</span> 
     </span>
     <span class='ocr_line' id='line_1_28' title="bbox 372 3590 3225 3673; baseline 0.001 -21"><span class='ocrx_word' id='word_1_292' title='bbox 372 3591 601 3654; x_wconf 70' lang='lat' dir='ltr'><em>ordinis</em></span> <span class='ocrx_word' id='word_1_293' title='bbox 617 3636 636 3672; x_wconf 88' lang='lat'>‚</span> <span class='ocrx_word' id='word_1_294' title='bbox 679 3590 1200 3670; x_wconf 73' lang='lat' dir='ltr'><em>federatorumque</em></span> <span class='ocrx_word' id='word_1_295' title='bbox 1241 3610 1404 3653; x_wconf 85' lang='lat' dir='ltr'><em>vsum</em></span> <span class='ocrx_word' id='word_1_296' title='bbox 1449 3598 1559 3651; x_wconf 89' lang='lat' dir='ltr'><em>aut</em></span> <span class='ocrx_word' id='word_1_297' title='bbox 1597 3592 2081 3673; x_wconf 58' lang='lat' dir='ltr'><em>sigvmficationem</em></span> <span class='ocrx_word' id='word_1_298' title='bbox 2122 3591 2469 3652; x_wconf 74' lang='lat' dir='ltr'><em>adhibentur</em></span> <span class='ocrx_word' id='word_1_299' title='bbox 2514 3611 2589 3653; x_wconf 81' lang='lat' dir='ltr'><em>ex</em></span> <span class='ocrx_word' id='word_1_300' title='bbox 2629 3593 2988 3654; x_wconf 87' lang='lat' dir='ltr'><em>institutione</em></span> <span class='ocrx_word' id='word_1_301' title='bbox 3030 3591 3173 3654; x_wconf 87' lang='lat' dir='ltr'><em>Dei.</em></span> <span class='ocrx_word' id='word_1_302' title='bbox 3218 3637 3225 3644; x_wconf 81' lang='lat'><em>-</em></span> 
     </span>
    </p>

    <p class='ocr_par' dir='ltr' id='par_1_14' title="bbox 463 3677 3305 3843">
     <span class='ocr_line' id='line_1_29' title="bbox 463 3677 3305 3843; baseline -0.001 -19"><span class='ocrx_word' id='word_1_303' title='bbox 463 3763 670 3824; x_wconf 86' lang='lat' dir='ltr'><em>Itidem</em></span> <span class='ocrx_word' id='word_1_304' title='bbox 730 3763 1304 3823; x_wconf 84' lang='lat' dir='ltr'><em>circumstantiarum</em></span> <span class='ocrx_word' id='word_1_305' title='bbox 1319 3781 1342 3822; x_wconf 91' lang='grc'><em>.·</em></span> <span class='ocrx_word' id='word_1_306' title='bbox 1403 3762 1608 3842; x_wconf 85' lang='lat' dir='ltr'><em>quibus</em></span> <span class='ocrx_word' id='word_1_307' title='bbox 1635 3677 1943 3843; x_wconf 41' lang='lat' dir='ltr'><em>picria}</em></span> <span class='ocrx_word' id='word_1_308' title='bbox 1961 3678 2058 3824; x_wconf 53' lang='lat'>14:9⁶</span> <span class='ocrx_word' id='word_1_309' title='bbox 2100 3781 2199 3824; x_wconf 90' lang='lat' dir='ltr'><em>res</em></span> <span class='ocrx_word' id='word_1_310' title='bbox 2243 3765 2421 3839; x_wconf 83' lang='lat' dir='ltr'><em>quasi</em></span> <span class='ocrx_word' id='word_1_311' title='bbox 2456 3765 2786 3825; x_wconf 85' lang='lat' dir='ltr'><em>vestiuntur</em></span> <span class='ocrx_word' id='word_1_312' title='bbox 2814 3771 2943 3842; x_wconf 88' lang='lat' dir='ltr'><em>pro</em></span> <span class='ocrx_word' id='word_1_313' title='bbox 2985 3762 3305 3824; x_wconf 85' lang='lat' dir='ltr'><em>conditione</em></span> 
     </span>
    </p>
   </div>
   <div class='ocr_carea' id='block_1_10' title="bbox 370 3845 3312 4551">
    <p class='ocr_par' dir='ltr' id='par_1_15' title="bbox 370 3845 2011 3936">
     <span class='ocr_line' id='line_1_30' title="bbox 370 3845 2011 3936; baseline 0.001 -21"><span class='ocrx_word' id='word_1_314' title='bbox 370 3856 638 3935; x_wconf 81' lang='lat' dir='ltr'><em>ipsarum</em></span> <span class='ocrx_word' id='word_1_315' title='bbox 678 3855 840 3914; x_wconf 88' lang='lat' dir='ltr'><em>reali</em></span> <span class='ocrx_word' id='word_1_316' title='bbox 879 3845 977 3936; x_wconf 86' lang='lat' dir='ltr'><em>(vt</em></span> <span class='ocrx_word' id='word_1_317' title='bbox 1011 3858 1247 3929; x_wconf 81' lang='lat' dir='ltr'><em>vocant)</em></span> <span class='ocrx_word' id='word_1_318' title='bbox 1292 3860 1403 3915; x_wconf 87' lang='lat' dir='ltr'><em>aut</em></span> <span class='ocrx_word' id='word_1_319' title='bbox 1442 3856 1706 3914; x_wconf 88' lang='lat' dir='ltr'><em>instituto</em></span> <span class='ocrx_word' id='word_1_320' title='bbox 1749 3857 2011 3930; x_wconf 73' lang='lat' dir='ltr'><em>gratiae.</em></span> 
     </span>
    </p>

    <p class='ocr_par' dir='ltr' id='par_1_16' title="bbox 373 3941 3312 4282">
     <span class='ocr_line' id='line_1_31' title="bbox 462 3941 3312 4115; baseline 0 -30"><span class='ocrx_word' id='word_1_321' title='bbox 462 4026 564 4086; x_wconf 88' lang='lat' dir='ltr'><em>De</em></span> <span class='ocrx_word' id='word_1_322' title='bbox 607 4025 700 4085; x_wconf 76' lang='lat' dir='ltr'><em>leis</em></span> <span class='ocrx_word' id='word_1_323' title='bbox 743 4043 888 4099; x_wconf 83' lang='lat' dir='ltr'><em>ergo</em></span> <span class='ocrx_word' id='word_1_324' title='bbox 931 4025 1189 4086; x_wconf 81' lang='lat' dir='ltr'><em>omnibus</em></span> <span class='ocrx_word' id='word_1_325' title='bbox 1232 3941 1961 4105; x_wconf 37' lang='lat' dir='ltr'><em>&amp;immttsssxjgnldlv</em></span> <span class='ocrx_word' id='word_1_326' title='bbox 1975 3941 2137 4115; x_wconf 34' lang='lat' dir='ltr'><em>kam</em></span> <span class='ocrx_word' id='word_1_327' title='bbox 2181 4025 2451 4085; x_wconf 80' lang='lat' dir='ltr'><em>humanis</em></span> <span class='ocrx_word' id='word_1_328' title='bbox 2494 4027 2713 4101; x_wconf 82' lang='lat' dir='ltr'><em>legibus</em></span> <span class='ocrx_word' id='word_1_329' title='bbox 2758 4045 2833 4085; x_wconf 86' lang='lat' dir='ltr'><em>ex</em></span> <span class='ocrx_word' id='word_1_330' title='bbox 2876 4027 3160 4085; x_wconf 83' lang='lat' dir='ltr'><em>communi</em></span> <span class='ocrx_word' id='word_1_331' title='bbox 3201 4033 3312 4085; x_wconf 90' lang='lat' dir='ltr'><em>aut</em></span> 
     </span>
     <span class='ocr_line' id='line_1_32' title="bbox 373 4117 3307 4198; baseline -0.001 -20"><span class='ocrx_word' id='word_1_332' title='bbox 373 4117 680 4193; x_wconf 79' lang='lat' dir='ltr'><em>singulari</em></span> <span class='ocrx_word' id='word_1_333' title='bbox 717 4118 882 4187; x_wconf 91' lang='lat' dir='ltr'><em>iure,</em></span> <span class='ocrx_word' id='word_1_334' title='bbox 929 4121 1050 4175; x_wconf 88' lang='lat' dir='ltr'><em>tum</em></span> <span class='ocrx_word' id='word_1_335' title='bbox 1095 4117 1314 4190; x_wconf 83' lang='lat' dir='ltr'><em>legibus</em></span> <span class='ocrx_word' id='word_1_336' title='bbox 1365 4117 1560 4177; x_wconf 81' lang='lat' dir='ltr'><em>Mosis</em></span> <span class='ocrx_word' id='word_1_337' title='bbox 1573 4135 1601 4190; x_wconf 91' lang='lat'><em>,·</em></span> <span class='ocrx_word' id='word_1_338' title='bbox 1645 4118 2019 4186; x_wconf 84' lang='lat' dir='ltr'><em>communiter</em></span> <span class='ocrx_word' id='word_1_339' title='bbox 2058 4125 2173 4196; x_wconf 82' lang='lat' dir='ltr'><em>pro</em></span> <span class='ocrx_word' id='word_1_340' title='bbox 2212 4122 2466 4177; x_wconf 87' lang='lat' dir='ltr'><em>naturae</em></span> <span class='ocrx_word' id='word_1_341' title='bbox 2504 4117 2704 4198; x_wconf 88' lang='lat' dir='ltr'><em>modo,</em></span> <span class='ocrx_word' id='word_1_342' title='bbox 2732 4117 2809 4177; x_wconf 65' lang='grc' dir='ltr'><em>ὁ·</em></span> <span class='ocrx_word' id='word_1_343' title='bbox 2840 4118 3307 4196; x_wconf 88' lang='lat' dir='ltr'><em>particulariter</em></span> 
     </span>
     <span class='ocr_line' id='line_1_33' title="bbox 373 4207 1396 4282; baseline 0.001 -12"><span class='ocrx_word' id='word_1_344' title='bbox 373 4229 448 4270; x_wconf 83' lang='lat' dir='ltr'><em>ex</em></span> <span class='ocrx_word' id='word_1_345' title='bbox 493 4209 756 4269; x_wconf 90' lang='lat' dir='ltr'><em>instituto</em></span> <span class='ocrx_word' id='word_1_346' title='bbox 789 4207 1038 4282; x_wconf 82' lang='lat' dir='ltr'><em>gratiae</em></span> <span class='ocrx_word' id='word_1_347' title='bbox 1077 4207 1396 4272; x_wconf 81' lang='lat' dir='ltr'><em>mutabiles.</em></span> 
     </span>
    </p>

    <p class='ocr_par' dir='ltr' id='par_1_17' title="bbox 472 4293 3312 4458">
     <span class='ocr_line' id='line_1_34' title="bbox 472 4293 3312 4458; baseline 0 -19"><span class='ocrx_word' id='word_1_348' title='bbox 472 4379 562 4439; x_wconf 85' lang='lat' dir='ltr'><em>Ac</em></span> <span class='ocrx_word' id='word_1_349' title='bbox 630 4377 825 4439; x_wconf 86' lang='lat' dir='ltr'><em>Mosis</em></span> <span class='ocrx_word' id='word_1_350' title='bbox 882 4377 1110 4456; x_wconf 80' lang='lat' dir='ltr'><em>quidem</em></span> <span class='ocrx_word' id='word_1_351' title='bbox 1165 4379 1320 4453; x_wconf 83' lang='lat' dir='ltr'><em>leges</em></span> <span class='ocrx_word' id='word_1_352' title='bbox 1383 4293 1758 4458; x_wconf 49' lang='lat' dir='ltr'><em>quaecunqu}</em></span> <span class='ocrx_word' id='word_1_353' title='bbox 1777 4293 1981 4440; x_wconf 59' lang='lat' dir='ltr'><em>Xiulr}</em></span> <span class='ocrx_word' id='word_1_354' title='bbox 2022 4383 2333 4442; x_wconf 88' lang='lat' dir='ltr'><em>communis</em></span> <span class='ocrx_word' id='word_1_355' title='bbox 2384 4387 2553 4458; x_wconf 79' lang='lat' dir='ltr'><em>sunt,</em></span> <span class='ocrx_word' id='word_1_356' title='bbox 2600 4386 2711 4440; x_wconf 90' lang='lat' dir='ltr'><em>aut</em></span> <span class='ocrx_word' id='word_1_357' title='bbox 2746 4381 2981 4440; x_wconf 85' lang='lat' dir='ltr'><em>ratione</em></span> <span class='ocrx_word' id='word_1_358' title='bbox 3024 4383 3312 4454; x_wconf 84' lang='lat' dir='ltr'><em>communi</em></span> 
     </span>
    </p>

    <p class='ocr_par' dir='ltr' id='par_1_18' title="bbox 3004 4472 3304 4551">
     <span class='ocr_line' id='line_1_35' title="bbox 3004 4472 3304 4551; baseline -0.003 -20"><span class='ocrx_word' id='word_1_359' title='bbox 3004 4472 3267 4546; x_wconf 64' lang='lat' dir='ltr'><em>obligant</em></span> <span class='ocrx_word' id='word_1_360' title='bbox 3286 4517 3304 4551; x_wconf 81' lang='lat'>,</span> 
     </span>
    </p>
   </div>
  </div>
 </body>
</html>
