3923 4875
565 370 680 423 214
1505 367 1830 410 Tuuszs
1887 365 2541 412 THtOLoolcnm.

558 527 703 606 legis
724 575 740 596 ,
781 546 964 603 quam
985 527 1310 588 obtrudunt
1329 525 1552 588 iudicio
1571 526 1714 604 Dei,
1735 529 1814 590 ad
1855 525 2353 588 reconciliationis
2372 531 2428 590 &
2446 528 2601 590 vitae
2620 539 2893 591 aeternae
2912 533 3476 610 consequutionem.

562 611 653 668 Ex
671 605 677 614 “
693 609 852 668 hisce
893 607 1132 668 rationis
1170 607 1472 686 principiis
1511 619 1791 686 sequutae
1830 620 1966 668 sunt
2004 607 2451 688 conclusiones,
2470 625 2624 688 quae
2642 610 2949 672 continent
2968 611 3289 690 ipsissimos
3311 615 3477 692 regni

561 689 849 765 Pontificij
903 707 1118 750 neruos
1140 734 1157 769 ,
1215 688 1430 767 quibus
1481 689 1684 767 gladio
1737 688 1985 767 Spiritus
2040 688 2315 750 resecatis
2335 735 2351 768 ,
2404 709 2621 768 magna
2672 689 2810 750 inde
2876 690 3098 752 luxatio
3141 693 3201 752 in
3242 694 3481 772 reliquis

561 768 987 856 superstitionis
1047 769 1326 830 membris
1383 779 1820 846 consequntur-a
1879 780 1989 830 est.
2048 771 2140 828 Ex
2179 768 2431 847 propriis
2472 770 2646 848 igitur
2684 771 3083 833 fundamentis
3124 774 3478 852 explicanda

567 851 808 924 veritas,
861 869 1016 928 quae
1074 862 1164 910 est
1221 849 1310 910 sui
1370 851 1427 908 δι
1487 849 1618 909 falsi
1657 848 1868 926 index,
1912 860 1975 908 vt
2007 849 2181 910 huius
2217 849 2463 910 Articuli
2500 850 2723 928 puritas
2762 861 2994 912 semoto
3038 855 3177 914 fuco
3218 857 3476 932 patefiat.

639 943 700 990 '2.
785 931 874 989 Ex
937 929 1284 990 definitione
1336 933 1478 990 vero
1546 929 1833 1007 nominiS,
1875 929 2041 989 cuius
2080 929 2393 1007 explicatio
2434 929 2533 990 hic
2575 933 2826 991 multum
2870 943 3157 1014 praestat,
3182 937 3477 996 Vocabuli

565 1011 925 1088 (iustificare)
985 1015 1320 1086 πολυσημια
1359 1011 1625 1070 tollenda
1677 1021 1782 1070 est.
1854 1011 1922 1068 In
1966 1010 2255 1088 scriptura
2298 1029 2423 1070 non
2464 1011 2779 1089 reperitur,
2822 1012 2964 1072 alias
3002 1031 3114 1091 pro
3155 1031 3375 1092 augere
3412 1015 3475 1076 in

566 1091 782 1151 iustitia
823 1109 1016 1151 nouae
1055 1089 1458 1166 obedientiae,
1518 1089 1636 1148 iam
1669 1108 1776 1167 per
1815 1088 2095 1167 Spiritum
2136 1091 2193 1150 S.
2228 1090 2471 1150 iniusae.
2514 1095 2661 1182 Apo.
2710 1111 2801 1151 22.
2850 1111 2937 1152 11.
3000 1093 3121 1170 Qui
3163 1095 3347 1156 iustus
3386 1107 3475 1156 est

559 1171 900 1232 iustificetur
937 1172 1164 1231 adhuc:
1210 1187 1333 1247 quo
1373 1187 1548 1230 sensu
1581 1189 1816 1246 semper
1848 1170 2345 1248 praesupponitur
2380 1180 2631 1250 gratuita
2672 1180 2915 1249 propter
2945 1173 3245 1234 Christum
3265 1195 3475 1254 accep-

562 1251 736 1328 tatio,
797 1263 1080 1329 tanquam
1139 1251 1612 1310 fundamentum.
1669 1251 1977 1310 Interdum
2036 1251 2221 1310 modo
2286 1250 2537 1328 forensi,
2588 1268 2727 1312 cum
2786 1251 3007 1330 duplici
3044 1263 3245 1315 tamen
3282 1255 3474 1316 diuer-

561 1331 748 1392 sitate.
818 1352 868 1394 1.
931 1332 1088 1392 enim
1149 1329 1438 1410 significat
1479 1341 1822 1390 accusatum
1875 1333 1932 1390 &
1972 1330 2032 1389 in
2086 1328 2308 1390 iudicio
2348 1331 2673 1391 deductum
2712 1333 3024 1394 absoluere
3064 1334 3147 1394 ab
3186 1334 3479 1396 intentato

557 1411 834 1491 crimine,
895 1431 972 1472 ne
1011 1409 1360 1470 iudicialiter
1397 1410 1869 1484 condemnetur,
1931 1412 1987 1470 δι
2028 1411 2409 1488 pronuntiare
2451 1413 2810 1472 absolutum.
2854 1415 2994 1474 ΕΜ.
3044 1433 3093 1474 1.
3140 1433 3234 1492 23.
3276 1417 3471 1477 Exod.

563 1513 594 1552 2
599 1513 657 1570 3.
720 1497 780 1553 8.
842 1512 895 1552 2.
945 1492 1200 1552 tribuere
1239 1490 1478 1550 laudem
1493 1535 1508 1562 ‚
1549 1488 1981 1568 testimonium,
2022 1491 2078 1550 &
2112 1490 2438 1567 praemium
2472 1491 2724 1551 iustitiae
2740 1535 2757 1569 ,
2798 1508 2953 1568 quae
3002 1492 3167 1554 iustis
3207 1498 3261 1555 δε
3304 1496 3473 1556 inno·

559 1573 832 1634 centibus
861 1573 1221 1647 debentur,
1288 1589 1340 1631 1.
1380 1573 1530 1646 Reg.
1572 1573 1627 1629 8.
1670 1589 1767 1646 31.
1809 1571 2145 1648 Vtrumque
2185 1569 2579 1648 significatum
2622 1588 2791 1632 vsum
2828 1573 3007 1632 habet
3038 1573 3096 1633 in
3142 1573 3253 1634 illis
3292 1574 3471 1652 scrip—

561 1666 726 1714 turae
789 1651 973 1730 locis,
1033 1651 1094 1709 in
1157 1649 1374 1729 quibus
1428 1650 1616 1728 agitur
1677 1651 1754 1709 de
1812 1651 1932 1710 hoc
1992 1649 2237 1728 negotio
2254 1696 2271 1729 ,
2324 1650 2503 1728 idque
2566 1669 2671 1728 per
2729 1651 2977 1712 modum
3038 1672 3353 1730 processus
3416 1657 3472 1715 δι

561 1745 728 1794 actus
789 1731 1105 1806 iudicialis,
1167 1729 1226 1790 in
1289 1749 1412 1807 quo
1476 1742 1811 1790 accusatam
1827 1777 1844 1808 ,
1903 1731 2271 1808 conuictam,
2323 1733 2379 1792 δι
2419 1741 2693 1791 aeternae
2734 1731 3103 1793 damnationi
3142 1735 3471 1795 subiectam

566 1812 896 1892 peccatoris
955 1810 1376 1872 conscientiam
1391 1857 1407 1890 ,
1469 1811 1633 1871 Deus
1690 1815 1728 1870 a
1786 1811 1904 1871 lata
1967 1812 2259 1872 sententia
2296 1809 2590 1890 absoluit,
2632 1815 2687 1872 δι
2726 1821 2971 1890 propter
3026 1833 3373 1891 sponsorem
3412 1815 3475 1874 in

556 1893 806 1972 gratiam
863 1891 1098 1968 recipit,
1159 1890 1504 1950 adiudicans
1565 1890 1990 1952 haereditatem
2052 1891 2206 1951 vitae
2268 1902 2559 1956 aeternae.
2601 1893 2731 1951 Nec
2772 1894 2865 1952 vel
2907 1911 3060 1953 sono
3096 1903 3327 1954 tantum
3371 1895 3471 1954 ad-

559 1973 912 2034 mittendum
953 1983 1043 2031 est
1085 1973 1347 2047 Etymon
1388 1969 1835 2031 Pontificiorum
1877 1990 1950 2031 ex
1990 1971 2373 2048 Philosophia
2413 1971 2691 2049 petitum,
2732 1971 2809 2031 de
2850 1972 3197 2050 expulsione
3238 1972 3469 2052 peccati

554 2051 912 2114 inhaerentis
975 2071 1080 2129 per
1139 2051 1558 2111 succedentem
1605 2050 1834 2111 virtutis
1877 2051 2261 2122 infusionem,
2303 2053 2587 2112 reclamat
2614 2050 2775 2111 enim
2814 2053 3092 2130 Apostoli
3132 2054 3465 2134 oppositio:

557 2137 671 2193 Ro.
715 2137 771 2193 8.
814 2151 909 2208 32.
953 2151 1064 2192 nec
1105 2134 1246 2207 (hoc
1290 2148 1465 2190 sensu
1505 2131 1790 2207 admisso)
1833 2133 1911 2190 ab
1953 2131 2261 2213 ἀντιλογίᾳ
2296 2131 2697 2192 vindicaretur
2731 2130 2956 2192 dictum
2986 2133 3295 2211 sapientis,
3331 2137 3471 2197 Pro.

569 2233 656 2290 ¹7·
709 2229 796 2290 15.
835 2212 974 2290 quia
1015 2230 1136 2272 non
1194 2222 1347 2272 esset
1385 2209 1752 2272 abominatio
1787 2229 1993 2270 coram
2034 2213 2195 2289 De0,
2236 2212 2285 2273 si
2326 2212 2497 2271 iudex
2534 2211 2770 2289 iniquus
2804 2211 3175 2274 iustificando
3195 2214 3473 2292 impium,

557 2293 895 2354 infunderet
933 2291 1046 2370 ipsi
1087 2291 1428 2368 qualitatem
1471 2290 1736 2352 iustitiae.
1794 2293 1862 2350 In
1904 2291 2019 2350 hac
2062 2300 2258 2350 autem
2300 2291 2573 2352 doctrina
2612 2309 2767 2370 quac
2804 2293 2983 2370 longe
3018 2309 3196 2370 supra
3232 2313 3473 2354 omnem

559 2373 804 2434 rationis
857 2383 1248 2451 conspectum
1291 2371 1486 2450 posita
1526 2382 1642 2449 est,
1683 2371 1983 2432 vocabula
2004 2417 2019 2448 ,
2055 2387 2177 2431 non
2218 2391 2293 2431 ex
2333 2370 2664 2432 Aristotelis
2705 2371 2983 2449 Physica,
3024 2373 3129 2433 sed
3168 2373 3473 2434 idiotismo

559 2456 897 2533 Scripturae
945 2452 1224 2531 peculiari
1262 2452 1516 2533 petenda
1553 2464 1719 2527 sunt,
1753 2464 1816 2511 vt
1857 2471 1930 2511 ex
1949 2470 2169 2511 vocum
2192 2452 2531 2513 diuersitate
2550 2470 2745 2513 rerum
2768 2454 3156 2531 repugnantia
3174 2466 3477 2533 appareat.

639 2556 696 2613 3.
779 2534 941 2595 Sicut
997 2533 1171 2611 igitur
1229 2533 1449 2611 duplex
1501 2544 1590 2593 est
1649 2530 1963 2610 promissio
2004 2530 2255 2593 iustitiae
2294 2535 2349 2593 &
2388 2531 2620 2610 salutiS,
2654 2552 2771 2592 vna
2810 2534 2869 2594 in
2910 2534 3153 2594 foedere
3191 2552 3471 2613 operum,

555 2634 674 2695 qua
733 2615 1106 2693 agnoscimus
1167 2614 1362 2673 Deum
1424 2630 1553 2673 esse
1611 2614 1838 2673 bonum
1855 2658 1872 2687 ,
1913 2612 2020 2672 sed
2060 2612 2129 2672 iis
2170 2611 2271 2690 qui
2310 2613 2427 2691 legi
2466 2611 2857 2673 satisfaciunt:
2903 2616 3087 2674 altera
3128 2614 3189 2674 in
3230 2616 3471 2675 foedere

555 2696 807 2775 gratiae,
867 2694 1034 2754 cuius
1075 2692 1341 2755 conditio
1381 2704 1546 2752 extra
1586 2712 1698 2753 nos
1741 2691 1802 2751 in
1842 2691 2083 2752 Christo
2124 2691 2442 2771 reperitur:
2490 2692 2569 2753 ita
2610 2693 2829 2772 duplex
2870 2704 2959 2754 est
2998 2696 3317 2771 applicatio
3356 2698 3469 2755 ius·

559 2777 718 2837 titiae
734 2822 752 2853 ,
813 2792 966 2852 quae
1029 2774 1242 2835 ‘licitur
1299 2772 1657 2834 iustificatiO.
1722 2772 1918 2832 Prima
1976 2774 2217 2850 legalis,
2272 2788 2428 2849 quae
2479 2772 2747 2833 redditur
2786 2775 2961 2851 plane
2997 2776 3160 2834 nulla
3175 2820 3192 2852 ,
3228 2794 3351 2835 non
3394 2794 3469 2835 ex

565 2856 708 2918 vitio
769 2854 913 2933 legis
975 2854 1140 2914 cuius
1177 2852 1599 2931 promissiones
1637 2870 1752 2913 nec
1793 2862 1927 2913 sunt
1966 2851 2228 2911 incertae
2274 2872 2385 2912 nec
2425 2852 2661 2917 fallaces
2676 2898 2694 2930 ,
2738 2852 2842 2913 sed
2884 2863 3127 2931 propter
3164 2853 3470 2915 infirmita·

564 2948 682 2998 tem
737 2933 964 3013 carniS,
1003 2938 1174 2993 Rom.
1219 2938 1276 2994 8.
1312 2952 1368 3009 3.
1419 2935 1558 2993 Gal.
1600 2952 1659 3009 3.
1701 2950 1790 3007 17.
1831 2932 1967 2991 Alia
2006 2932 2374 3009 Euangelica
2414 2948 2535 3009 qua
2572 2934 2736 2993 Deus
2781 2933 3083 2993 hominem
3124 2952 3301 2995 sensu
3334 2952 3473 3011 pec-

555 3016 671 3077 cati
733 3027 1255 3093 expauescentem,
1317 3016 1502 3075 Matt.
1563 3032 1654 3073 11.
1709 3016 1801 3073 28.
1843 3015 1898 3073 δι
1937 3012 2017 3072 ad
2056 3013 2303 3089 gratiam
2343 3012 2819 3092 confugientem,
2860 3015 2988 3074 sola
3027 3014 3466 3094 φιλανθρωπίᾳ,

569 3100 680 3157 Tit.
746 3114 803 3171 3.
861 3114 919 3169 4.
979 3092 1238 3155 remissis
1280 3091 1569 3173 peccatis,
1608 3092 1824 3153 iustum
1841 3138 1856 3169 ,
1899 3096 1935 3150 a
1974 3091 2357 3153 damnatione
2402 3092 2685 3167 liberum,
2726 3096 2781 3153 81
2822 3092 2976 3154 vitae
3016 3102 3286 3153 aeternae
3328 3096 3463 3155 hae·

555 3176 759 3236 redem
803 3185 1034 3243 reputat
1048 3222 1065 3253 ,
1105 3184 1346 3253 propter
1388 3172 1836 3251 imputationem
1875 3170 2133 3232 iustitiae
2173 3172 2389 3234 Christi
2423 3191 2561 3232 vera
2594 3174 2711 3232 fide
2732 3174 3181 3251 apprehensam.
3226 3174 3472 3235 Breuius

557 3254 960 3318 Oecumenius
1020 3258 1083 3314 in
1141 3274 1198 3331 3.
1259 3255 1400 3335 Epi.
1459 3255 1548 3313 ad
1579 3254 1748 3312 Rom.
1791 3260 1878 3312 est
1912 3252 2201 3313 absolutio
2240 3255 2319 3313 ὁ·
2356 3253 2625 3313 liberatio
2670 3255 2710 3309 ὰ
2744 3256 3005 3332 peccatis
3046 3255 3086 3311 ὰ
3128 3254 3336 3330 quibus
3378 3258 3474 3315 lex

559 3341 691 3418 {psa
733 3338 1036 3396 absoluere
1073 3354 1174 3394 nec
1211 3336 1398 3395 voluit
1433 3352 1533 3393 nec
1569 3335 1772 3409 potuit.
1817 3332 1911 3391 De
1950 3332 2067 3391 hac
2108 3332 2231 3412 agit
2270 3350 2549 3411 praesens
2588 3331 2939 3394 institutum.

636 3438 690 3490 4.
775 3414 900 3477 Etsi
953 3420 1096 3477 vero
1157 3432 1340 3491 opera
1397 3411 1700 3475 Trinitatis
1741 3413 1820 3473 ad
1859 3422 2027 3475 extra
2063 3424 2198 3473 sunt
2234 3412 2491 3475 indiuisa
2510 3458 2527 3491 ,
2570 3422 2635 3473 vt
2674 3423 2802 3473 tota
2843 3413 3041 3475 salutis
3084 3410 3295 3487 series,
3344 3431 3470 3474 non

556 3496 749 3557 minus
809 3494 910 3555 vni
969 3513 1257 3573 personae
1297 3496 1476 3572 quam
1511 3492 1679 3553 alteri
1720 3493 1782 3553 in
1821 3492 2079 3553 solidum
2122 3494 2325 3555 referri
2366 3493 2609 3571 debeat,
2649 3512 2722 3553 ex
2762 3493 2974 3555 ordine
3016 3504 3217 3553 tamen
3264 3510 3470 3555 causa·

561 3596 690 3637 rum
725 3574 906 3655 patris
946 3574 1132 3655 gratia
1170 3576 1225 3633 8z
1267 3572 1671 3633 misericordia
1709 3570 2021 3651 impulsiua
2061 3574 2454 3655 προηγουμένη
2488 3572 2701 3633 dicitur
2722 3619 2739 3651 ,
2773 3590 2910 3635 cum
2942 3572 3171 3633 ratione
3200 3574 3477 3639 εὐδοκίας

557 3676 671 3718 nos
713 3652 1200 3735 praedestinantis
1239 3652 1299 3713 in
1339 3652 1723 3731 adoptionem
1761 3651 2051 3730 filiorum,
2090 3652 2247 3729 ΕΜ.
2296 3672 2349 3712 1.
2393 3671 2449 3726 4.
2491 3669 2610 3729 qua
2648 3670 2770 3713 non
2813 3664 2899 3713 est
2938 3652 3207 3731 superior
3250 3668 3430 3711 causa
3449 3696 3469 3730 ,

557 3752 683 3800 tum
726 3736 952 3797 ratione
991 3732 1378 3796 ordinationis
1417 3732 1552 3812 filij,
1598 3742 1662 3791 vt
1701 3742 1854 3794 esset
1893 3730 2135 3791 victima
2172 3732 2229 3789 &
2267 3732 2624 3809 propitiatio.
2672 3752 2723 3793 2.
2787 3734 2877 3793 Ti.
2924 3754 2975 3793 1.
3018 3753 3075 3811 9.
3096 3732 3471 3809 aliorumque

561 3818 893 3879 mediorum
953 3816 1030 3875 ad
1081 3814 1505 3893 perfectionem
1548 3812 1786 3891 gratiosi
1827 3812 2023 3891 operis
2063 3811 2515 3891 redemptionis,
2558 3822 2685 3873 tum
2718 3812 2975 3905 denique
3020 3812 3247 3873 ratione
3286 3811 3472 3889 appli-

561 3898 811 3959 cationis
867 3896 1135 3972 beneficij
1199 3893 1374 3955 nobis
1439 3896 1476 3953 a
1515 3892 1638 3953 filio
1675 3892 1852 3972 parti,
1893 3892 2145 3953 idoneos
2186 3911 2297 3951 nos
2340 3893 2593 3952 reddens
2638 3894 2715 3953 ad
2754 3891 3265 3971 participationem
3300 3890 3475 3951 sortis

561 3990 934 4039 sanctorum:
983 3980 1103 4037 Col.
1153 3996 1200 4035 1.
1245 3994 1333 4034 12.
1375 3974 1756 4050 efficiensque
1793 3983 1858 4032 vt
1895 3970 2163 4032 Christus
2204 3972 2279 4033 sit
2317 3972 2493 4032 nobis
2532 3972 2747 4033 iustitia
2767 3974 2822 4031 81
2842 3974 3107 4051 perfecta
3124 3970 3475 4049 redemptiO.

572 4080 618 4119 1.
689 4063 821 4117 Cor.
874 4078 922 4117 1.
962 4076 1058 4133 30.
1102 4058 1402 4133 Respectu
1435 4054 1634 4130 itaque
1675 4071 1886 4113 causae
1926 4051 2263 4129 efficientiS,
2308 4072 2489 4112 omne
2528 4051 2780 4113 iustitiae
2819 4052 3273 4113 fundamentum
3310 4060 3477 4110 extra

561 4158 672 4199 nos
737 4138 800 4198 in
859 4135 1184 4197 intentione
1243 4133 1414 4212 primi
1472 4132 1720 4210 Agentis
1781 4136 1870 4209 (vt
1932 4131 2194 4210 loquitur
2252 4132 2519 4192 Thomas
2576 4134 2675 4193 lib.
2724 4150 2776 4192 1.
2821 4152 2868 4191 c.
2934 4152 3030 4207 44.
3091 4134 3229 4192 adu.
3280 4132 3475 4205 Gent.)

563 4222 628 4297 (f.
671 4220 844 4293 1688)
897 4218 1014 4276 hoc
1055 4226 1144 4276 est
1183 4214 1242 4274 in
1285 4213 1397 4273 Dei
1437 4212 1685 4291 gratiae,
1725 4212 1991 4290 ponitur,
2034 4230 2189 4289 quae
2226 4214 2355 4272 sola
2408 4213 2707 4275 remittens
2750 4224 3030 4290 peccata,
3089 4214 3217 4273 sola
3256 4209 3477 4288 pariter

565 4298 867 4374 iustificat,
910 4302 1048 4355 cum
1086 4298 1237 4355 haec
1279 4294 1402 4353 duo
1430 4292 1885 4371 aequipollentia
1922 4292 2099 4353 faciat
2137 4295 2481 4370 Apostolus.
2530 4296 2657 4353 Act.
2708 4311 2798 4368 13.
2841 4297 2939 4370 38.

651 4396 704 4456 5.
787 4378 868 4437 Vt
907 4379 1090 4453 porro
1123 4383 1412 4451 cognatae
1454 4384 1590 4433 sunt
1629 4373 1800 4433 vnius
1840 4372 2005 4433 vocis
2044 4370 2526 4451 significationes,
2564 4372 2906 4451 praesertim
2933 4376 2971 4433 a
3008 4390 3187 4432 causa
3206 4371 3284 4432 ad
3302 4371 3473 4431 effec-

3316 4460 3472 4530 tum,
