3923 4875
1333 339 1661 388 THRSES
1718 337 2366 388 Tnnotoo1calr.
3178 341 3288 387 201

398 507 470 568 iis
529 504 633 584 qui
684 515 821 566 sunt
868 503 931 565 in
984 503 1220 566 Christo
1276 507 1449 566 Iesu:
1498 506 1751 566 Roman.
1790 507 1846 564 8.
1896 523 1947 564 1.
2009 504 2206 584 Huic,
2246 521 2384 565 cum
2419 505 2592 566 Patre
2629 505 2687 565 δι
2729 503 2946 586 Spiritu
2986 507 3205 568 Sancto
3246 507 3320 568 sit

397 591 527 648 laus
540 631 559 665 ,
599 587 795 648 honos
834 586 891 645 δι
930 583 1119 663 gloria
1159 584 1218 645 in
1260 603 1439 646 omne
1476 601 1712 647 aeuum.
1772 587 1988 647 Amen.

908 963 1103 1024 XXX.
1183 961 1317 1021 DE
1376 959 2302 1022 RESVRRECTIONE
2361 960 2826 1020 CHRISTI.

1651 1143 1980 1202 Trusrs
2037 1143 2086 1202 Ι.

492 1333 539 1374 ι.
623 1313 765 1374 Cvu
808 1312 931 1373 duo
968 1313 1117 1374 fides
1154 1313 1216 1373 in
1268 1308 1506 1372 Christo
1546 1309 1872 1372 mediatore
1907 1309 2232 1392 intueatur,
2275 1333 2326 1375 1.
2367 1319 2754 1393 ταπείνωσιν,
2791 1314 3118 1376 secundum
3137 1332 3321 1392 quam

402 1394 531 1472 ipse
571 1392 732 1454 Patri
770 1409 881 1454 suo
922 1395 1237 1471 ὁμοούσιος
1276 1411 1341 1454 se
1378 1389 1623 1470 abiecit,
1661 1392 1854 1451 forma
1886 1389 2044 1451 serui
2064 1403 2340 1471 accepta,
2359 1393 2634 1471 adeoque
2651 1395 2808 1456 Patri
2828 1393 3114 1456 obediens
3134 1396 3324 1454 factus

404 1483 495 1534 est
532 1489 717 1550 vsque
755 1473 833 1533 ad
873 1483 1129 1534 mortem
1167 1471 1389 1532 crucis:
1440 1472 1697 1549 Philipp.
1742 1491 1795 1532 2.
1837 1488 1893 1547 7.
1938 1490 2028 1531 11.
2072 1471 2477 1552 ὕπερύψωσιν,
2521 1475 2848 1536 secundum
2888 1492 3066 1552 quam
3107 1475 3323 1552 glorifi-

404 1565 571 1614 catus
628 1557 685 1614 &
734 1561 975 1614 euectus
1031 1561 1122 1612 est
1156 1551 1219 1612 in
1262 1569 1558 1612 summam
1597 1549 2048 1630 sublimitatem,
2085 1553 2414 1612 secundum
2453 1571 2766 1630 personam
2807 1553 3196 1634 personaliter
3209 1600 3226 1633 ,
3266 1556 3323 1614 δι

404 1643 677 1694 naturam
736 1642 1045 1709 Vtramque
1103 1651 1217 1710 pro
1272 1632 1461 1692 modo
1498 1629 1714 1710 ipsius,
1752 1630 1915 1690 Phil.
1958 1650 2014 1692 2.
2053 1652 2111 1708 9.
2150 1633 2373 1712 Ephes.
2419 1652 2470 1694 1.
2514 1653 2584 1692 21
2604 1680 2622 1713 ,
2663 1636 2834 1696 Ordo
2875 1633 3135 1713 symboli
3172 1653 3323 1712 pos-

405 1716 580 1793 tulat,
634 1722 700 1774 vt
738 1713 817 1774 de
854 1711 1213 1773 exaltatione
1251 1711 1433 1790 ipsius
1469 1709 1751 1790 deinceps
1788 1729 2062 1788 agamus:
2104 1710 2270 1772 cuius
2313 1731 2450 1790 pars
2489 1713 2680 1790 prima
2719 1727 2809 1777 est
2848 1713 3068 1777 Christi
3105 1715 3324 1775 Resur-

406 1793 593 1856 rectio
610 1839 629 1872 ,
668 1796 725 1854 δι
764 1791 988 1870 primus
1026 1791 1196 1870 quasi
1238 1791 1511 1854 introitus
1546 1791 1729 1852 totius
1768 1800 2242 1869 consequuturae
2283 1791 2522 1870 gloriae.

488 1894 542 1934 2.
624 1875 875 1950 Surgere
912 1871 1259 1933 Latinorum
1274 1917 1293 1952 ,
1332 1873 1701 1934 Graecorum
1740 1871 1883 1932 item
1922 1871 2254 1940 ἂνιςασθαι
2286 1872 2341 1930 &
2371 1873 2790 1936 Hebraeorum
2811 1877 2972 1936 Kum
2987 1917 3008 1954 ,
3025 1873 3104 1934 de
3132 1873 3324 1935 iacen-

404 1952 563 2014 tibus
602 1973 675 2014 ex
713 1971 929 2013 somno
968 1963 1320 2030 vsurpantur
1358 1950 1707 2030 plurimum3
1742 1951 2249 2028 quemadmodum
2282 1953 2339 2012 δι
2359 1953 2628 2014 suscitari
2648 1955 3000 2036 ὂγείρσσθαι
3015 2000 3032 2034 ,
3053 1954 3108 2014 δι
3130 1956 3324 2015 iakats

406 2033 731 2094 Hebraeis:
771 2041 979 2110 postea
1016 2037 1161 2094 vero
1200 2034 1349 2093 haec
1388 2030 1620 2110 omnia,
1662 2029 1917 2092 maxime
1957 2041 2160 2091 tamen
2199 2049 2530 2111 resurgere,
2573 2037 2698 2092 κατ’
2741 2039 2981 2113 ἐξοχὴ,
3014 2033 3324 2111 quomodo

406 2114 463 2172 δι
516 2114 815 2175 Schacabh
872 2114 1033 2190 apud
1092 2113 1407 2174 Hebraeos
1458 2113 1815 2172 occumbere
1874 2111 1929 2170 δι
1985 2110 2354 2191 obdormire,
2405 2114 2530 2172 κατ’
2573 2111 2940 2191 ἐυφημισμόν
2955 2157 2970 2188 ,
3009 2133 3120 2192 pro
3163 2113 3316 2174 mori

408 2193 629 2271 posita,
691 2195 767 2254 de
818 2211 889 2255 ea
935 2192 1363 2255 resurrectione
1414 2191 1475 2252 in
1514 2190 1797 2252 Ecclesiis
1836 2189 2183 2252 Christianis
2223 2191 2582 2254 familiariter
2619 2192 2740 2252 dici
2776 2205 3130 2271 coeperunt,
3168 2211 3322 2286 quae

410 2275 441 2348 ,ἦ
484 2274 775 2343 ardenae
816 2275 885 2334 32
933 2283 1145 2353 νεκρῶν
1184 2272 1417 2334 dicitur.
1475 2273 1649 2333 Haec
1708 2281 1906 2332 autem
1967 2270 2320 2333 resurrectio
2381 2272 2539 2333 varie
2579 2269 2640 2331 in
2675 2271 2976 2350 scripturis
3013 2272 3328 2352 accipitur,

410 2355 595 2414 modo
651 2371 763 2430 pro
816 2351 1249 2414 resurreetione
1288 2351 1604 2432 spirituali,
1648 2369 1801 2429 quae
1840 2350 2190 2412 resurrectio
2239 2351 2431 2429 prima
2470 2351 2715 2432 dicitur,
2752 2353 2938 2492 Αζοε.
2983 2373 3076 2414 2ο.
3121 2369 3178 2432 5.
3217 2363 3330 2414 est-

411 2450 529 2510 que
566 2433 793 2493 tantum
836 2431 1129 2493 fidelium:
1173 2433 1359 2496 modo
1398 2452 1509 2511 pro
1550 2429 1982 2495 resurrectione
2021 2449 2342 2511 corporum
2358 2478 2377 2513 ,
2419 2450 2573 2511 quae
2609 2431 2670 2492 in
2705 2451 2788 2493 no
2835 2431 2881 2493 is
2911 2434 3172 2495 secunda
3191 2432 3335 2495 dici-

408 2524 537 2575 tur:
578 2520 765 2591 eaque
800 2523 905 2574 aut
943 2512 1163 2575 Christi
1204 2524 1294 2575 est
1332 2511 1711 2593 primogeniti
1750 2532 1823 2573 ex
1864 2512 2146 2591 mortuis,
2192 2514 2408 2574 Coloss.
2455 2533 2508 2575 1.
2556 2516 2647 2572 18.
2687 2523 2791 2573 aut
2828 2513 3165 2591 hominum,
3205 2525 3333 2575 tum

414 2592 779 2673 particularis
817 2610 1146 2671 paucorum
1186 2593 1247 2653 in
1286 2594 1403 2655 hac
1442 2592 1597 2673 vita3
1635 2610 1757 2671 quo
1798 2592 1877 2653 de
1905 2610 2124 2684 genere
2162 2603 2302 2654 ante
2327 2610 2567 2673 passum
2588 2592 2888 2653 Christum
2909 2604 3044 2655 sunt
3063 2596 3336 2673 exempla

410 2684 660 2735 sexttum
700 2672 1041 2735 vniuersalis
1080 2672 1349 2734 omnium
1362 2720 1379 2754 ,
1420 2692 1571 2750 quae
1611 2672 1673 2733 in
1712 2669 2038 2733 nouissimo
2080 2672 2286 2733 mundi
2324 2671 2738 2735 declarabitur.
2776 2674 2992 2735 Ioann.
3027 2689 3084 2752 5.
3107 2693 3202 2750 29.
3241 2674 3336 2734 De

408 2751 873 2893 resmectiffisse
895 2752 1113 2814 Christi
1162 2770 1323 2815 nunc
1378 2752 1607 2833 agimus
1624 2798 1641 2833 ,
1681 2751 1743 2813 in
1784 2769 1902 2829 qua
1939 2750 2205 2813 fidelium
2243 2763 2490 2833 vtraque
2532 2751 2878 2814 resurrectio
2917 2770 3089 2815 suum
3129 2753 3334 2814 funda·

412 2842 678 2895 mentum
873 2842 917 2893 t.

496 2932 553 2991 3.
634 2914 803 2973 Haec
854 2911 1031 2991 igitur
1086 2914 1439 2974 resurrectio
1489 2911 1739 2992 Christi,
1780 2920 1867 2972 est
1880 2956 1899 2991 ,
1938 2927 2059 2988 qua
2098 2911 2366 2973 Chi-isms
2377 2958 2398 2989 ,
2441 2912 2638 2973 anima
2675 2930 2782 2990 per
2821 2912 3084 2975 diuinam
3125 2921 3332 2991 poten-

410 2992 553 3053 tiam
594 2993 660 3053 in
700 3009 917 3071 corpus
958 2992 1273 3072 redeunte,
1312 2993 1641 3054 secundum
1680 2990 2108 3053 humanitatem
2148 2992 2512 3055 reuiuiscens
2525 3038 2543 3071 ,
2583 2991 2757 3053 tertio
2790 2991 2888 3054 die
2921 2996 2957 3055 e
2989 2993 3304 3072 sepulchro
3317 3038 3335 3071 ,

416 3073 705 3151 depositis
748 3072 941 3133 carnis
980 3072 1413 3135 infirmitatibus
1428 3118 1446 3153 ,
1486 3072 1745 3152 gloriose
1784 3069 1990 3141 exiuit,
2021 3072 2080 3131 ὅτ.
2115 3090 2220 3149 per
2252 3072 2642 3152 quadraginta
2668 3071 2794 3133 dies
2811 3072 2912 3135 hic
2931 3083 3338 3134 commoratus

412 3164 503 3215 est
516 3197 534 3232 ,
589 3152 785 3213 donec
835 3151 898 3213 in
958 3154 1197 3213 coelum
1255 3154 1636 3244 ascenderet,
1673 3163 1739 3213 vt
1778 3153 2013 3231 plenam
2054 3154 2110 3213 δι
2151 3151 2556 3214 omnimodam
2598 3169 2763 3213 suam
2804 3152 2882 3214 de
2920 3164 3113 3214 morte
3151 3152 3336 3215 victo-

418 3233 566 3293 riam
606 3232 779 3294 nobis
821 3230 1188 3312 obsignaret,
1227 3234 1284 3292 δι
1322 3242 1815 3295 resurrectionem
1854 3241 2120 3293 nostram
2158 3242 2468 3312 Vtramque
2509 3232 2568 3293 in
2609 3251 2738 3294 sese
2775 3231 3030 3295 initiaret
3043 3280 3062 3315 ,
3082 3234 3144 3294 in
3163 3231 3338 3294 nobis

419 3312 705 3391 deinceps
746 3330 855 3373 suo
894 3322 1169 3391 tempore
1209 3312 1651 3391 perficiendam.

496 3413 552 3467 4.
635 3394 833 3455 Partes
884 3390 1062 3471 igitur
1116 3392 1557 3455 resurrectionis
1606 3391 1825 3453 Christi
1866 3390 2018 3451 duae
2058 3390 2340 3454 constitui
2381 3401 2628 3471 possunt
2641 3438 2660 3473 ,
2697 3391 2888 3471 prima
2927 3403 3016 3454 est
3055 3402 3220 3453 actus
3257 3391 3340 3452 in-

416 3471 601 3551 terni,
652 3482 796 3551 puta
834 3471 1153 3533 viuificatio
1168 3517 1185 3549 ,
1236 3474 1434 3534 anima
1474 3471 1533 3533 in
1575 3488 1793 3551 corpus
1832 3472 2118 3532 redeunte
2163 3472 2218 3531 δι
2259 3491 2513 3552 corpore
2551 3492 2625 3533 ex
2663 3472 2894 3534 animae
2934 3472 3153 3534 vnione
3191 3472 3338 3533 reui-

418 3552 705 3613 uiscente.
724 3552 1025 3613 ‘Secunda
1064 3562 1152 3613 est
1190 3562 1355 3615 actus
1396 3553 1653 3631 externi,
1696 3562 1838 3631 puta
1876 3552 2068 3612 exitus
2106 3556 2140 3613 e
2183 3553 2528 3632 sepulchm,
2567 3554 2622 3613 δι
2663 3569 2817 3630 quae
2855 3564 3196 3631 sequuntur.
3256 3552 3340 3611 Vt

418 3632 576 3693 enim
618 3644 885 3694 mortuus
930 3634 1120 3693 fuerat
1160 3634 1217 3693 δι
1257 3636 1549 3712 sepultus,
1590 3631 1673 3693 ita
1710 3630 1920 3693 reuixit
1959 3633 2016 3690 &
2061 3634 2095 3691 e
2135 3634 2449 3711 sepulchro
2491 3631 2699 3711 exiuit,
2719 3633 3041 3694 obstaculis
3062 3632 3339 3694 omnibus

415 3713 495 3773 ad
554 3712 739 3791 ipsius
794 3722 1005 3773 nutum
1062 3712 1414 3776 cedentibus
1431 3758 1449 3793 ,
1508 3710 1805 3790 etiamque
1866 3720 2055 3771 terrae
2103 3723 2272 3773 motu
2325 3712 2587 3774 sublatis.
2647 3715 2849 3774 Math.
2895 3716 2988 3775 28.
3043 3732 3096 3773 2.
3157 3713 3340 3771 Hunc

416 3802 667 3869 sequuta
715 3803 805 3853 est
842 3791 1237 3853 commoratio
1278 3792 1340 3854 in
1380 3792 1547 3854 terris
1584 3810 1693 3871 per
1733 3812 1831 3867 40.
1872 3791 2027 3852 dies:
2082 3810 2205 3871 quo
2243 3792 2597 3855 intermedio
2637 3803 2908 3870 tempore
2921 3838 2940 3871 ,
2979 3808 3338 3869 quamquam

419 3872 657 3933 humilis
696 3872 893 3933 adhuc
931 3871 1292 3934 conditionis
1330 3890 1437 3934 sua
1478 3872 1735 3951 quadam
1776 3882 2122 3950 argumenta
2159 3872 2368 3949 dabat,
2405 3871 2552 3933 nihil
2589 3882 2789 3933 tamen
2808 3873 3034 3933 futurae
3055 3888 3342 3932 resurrec-

422 3952 573 4013 tioni
634 3952 896 4014 fidelium
936 3952 1133 4032 ipsum
1172 3952 1661 4031 praeiudicauisse
1698 3952 2027 4031 putandum
2077 3962 2182 4013 est.
2241 3952 2448 4014 Voluit
2489 3952 2645 4013 enim
2689 3952 2958 4013 Christus
2971 3996 2992 4032 ,
3030 3960 3207 4030 provt
3244 3968 3340 4025 40.

420 4032 657 4093 dierum
698 4050 947 4094 numero
988 4050 1161 4095 suum
1201 4032 1261 4093 in
1302 4034 1470 4095 terris
1509 4049 1721 4095 munus
1760 4031 2028 4093 Domino
2069 4041 2547 4111 consecrauerat,
2585 4031 2667 4093 ita
2706 4030 3076 4111 idemipsum
3095 4032 3342 4091 honeste

422 4111 731 4191 deponere
747 4158 765 4191 ,
803 4115 860 4174 δι
900 4132 995 4186 4ο.
1038 4112 1167 4173 dies
1204 4112 1501 4174 initiandis
1542 4112 1843 4191 discipulis
1882 4114 1937 4173 δι
1981 4109 2040 4171 in
2083 4112 2396 4174 vocatione
2437 4130 2543 4172 sua
2581 4112 2950 4173 instituendis
2989 4110 3264 4185 tribuere.

512 4210 567 4270 5.
650 4195 849 4270 Atque
886 4194 1047 4253 hanc
1086 4193 1580 4255 resurrectionem
1621 4210 1788 4253 suam
1828 4190 2026 4252 multis
2067 4196 2402 4272 τεκμηρίοις
2443 4192 2884 4270 comprobauit:
2941 4194 3149 4253 Actor.
3195 4211 3243 4251 1.
3286 4208 3345 4267 3.

434 4274 574 4331 cum
611 4272 769 4333 enim
807 4271 997 4334 videri
1036 4273 1320 4352 potuisset
1354 4277 1393 4333 a
1430 4282 1623 4335 morte
1663 4282 2000 4351 superatus,
2040 4290 2193 4349 quae
2234 4276 2289 4332 δι
2324 4270 2582 4333 animam
2617 4270 2768 4333 illius
2805 4276 2842 4332 a
2869 4290 3122 4352 corpore
3155 4270 3342 4331 seiun-

448 4364 613 4413 xerat
654 4352 709 4413 &
750 4370 967 4431 corpus
1005 4354 1273 4415 exanime
1311 4354 1373 4414 in
1410 4352 1785 4432 sepulchrum
1814 4351 2106 4492 ab6iecerat
2122 4398 2140 4431 ,
2159 4350 2646 4414 resurrectionem
2663 4369 2832 4415 suam
2851 4352 3019 4415 omni
3035 4367 3346 4431 argumen-

1838 4450 1869 4492 2
3147 4442 3348 4492 torum
