3923 4875
1384 365 1713 416 'rursus
1773 365 2422 418 rnaotooman.
3239 369 3351 434 ²9⁷

438 550 548 610 per
586 546 793 594 seruos
822 530 967 611 Dei,
1006 531 1263 594 dictante
1302 529 1359 592 δι
1396 541 1713 611 praeeunte
1750 529 1970 611 Spiritu
2007 531 2162 594 illius
2175 578 2194 613 ,
2231 543 2534 611 tamquam
2573 531 2867 593 actuarios
2905 532 3000 594 vel
3033 531 3356 595 tabularios

441 611 715 690 publicos
754 613 873 674 Dei
912 615 967 674 δι
1005 611 1313 674 Ecclesiae
1326 657 1343 690 ,
1390 622 1481 674 est
1520 611 1755 690 scriptis
1791 613 2222 691 consignatum.

530 709 617 770 ις.
700 693 873 754 Haec
914 703 1113 754 autem
1154 691 1359 752 omnia
1393 696 1431 753 a
1462 711 1527 753 se
1565 693 1835 771 profecta
1886 711 2016 754 esse
2059 695 2223 754 Deus
2261 690 2600 754 certissimis
2637 690 3146 754 testificationibus
3185 711 3347 754 com-

438 771 719 852 probauit
734 817 751 852 ,
788 773 1005 851 partim
1045 771 1385 852 ordinariis,
1424 779 1759 851 partimque
1798 772 2294 834 extraordinariis.

527 855 615 913 16.
695 853 1217 913 Eoestaordinaria
1278 851 1721 930 singularesque
1778 855 2205 944 testtficationes
2261 855 2356 914 vel
2403 853 2572 932 signa
2633 853 2818 914 dussm
2857 863 2996 914 sunt
3035 869 3352 932 generum:

440 931 591 993 aliae
630 930 791 994 enim
830 943 969 994 sunt
1006 936 1169 994 mere
1208 932 1600 1013 symbolicae,
1640 931 1789 994 aliae
1830 942 2009 994 eham
2049 933 2432 1012 energeticae.

528 1027 621 1087 17.
701 1013 1055 1083 symbolicae
1090 1015 1329 1073 fuerunt
1370 1031 1504 1090 eae,
1544 1011 1760 1090 quibus
1779 1013 2160 1074 solummodo
2181 1011 2570 1092 praesentiam
2591 1029 2759 1074 suam
2777 1011 3154 1074 confirmauit
3172 1014 3357 1092 Deus,

442 1102 509 1153 vt
552 1093 739 1153 verbo
780 1094 1099 1154 haberetur
1134 1092 1285 1154 fides
1300 1137 1318 1173 ,
1356 1093 1414 1153 δι
1455 1092 1567 1155 sibi
1606 1093 1951 1154 reuerentia.
1991 1096 2084 1154 Ita
2122 1093 2232 1154 fuit
2274 1095 2456 1154 rubus
2493 1093 2726 1154 ardens.
2772 1095 2962 1154 Eoeod.
3004 1112 3064 1170 3.

528 1175 620 1234 18.
698 1173 1055 1264 Energetfka
1104 1175 1277 1264 vero,
1329 1189 1515 1265 qun-m
1563 1182 1675 1266 aut·
1717 1171 1988 1234 homines
2027 1172 2190 1252 ipsos
2228 1169 2424 1266 affecit
2461 1183 2694 1234 exserta
2729 1173 2791 1234 in
2829 1172 2972 1264 ipsis
3011 1171 3358 1264 operatione

440 1267 548 1391 ῗὲἒ
562 1253 2173 1425 iutffit‘emss‘mflfflssffffikgffffiapssffi,mssa
2206 1254 3360 1424 ffififfa‘ffiasslfflffissgzessffi}

443 1427 561 1488 que
578 1456 597 1491 ,
634 1413 947 1491 tenebrae,
1006 1415 1062 1474 δι
1102 1411 1314 1474 similia
1353 1414 1543 1473 multa
1579 1414 1737 1473 sacta
1774 1412 1837 1472 in
1872 1412 2171 1474 euidentia
2219 1413 2464 1492 Spiritus
2478 1457 2498 1492 ,
2549 1414 2606 1473 &
2644 1412 2952 1492 designata
2989 1431 3050 1472 m
3092 1428 3360 1474 omnium

445 1489 635 1552 oculis
672 1491 1100 1570 potentissime.
1141 1495 1335 1554 Marc.
1382 1495 1475 1552 16.
1520 1511 1615 1571 29.
1654 1493 1879 1554 Matth.
1924 1511 2018 1569 27.
2061 1510 2160 1573 45.
2202 1495 2280 1554 ἂν
2314 1509 2410 1570 51.

446 1653 485 1712 ὲ
522 1589 659 1712 Boe-o
702 1571 1077 1664 'ordinariae
1112 1571 1553 1634 testificationes
1590 1571 1740 1634 aliae
1782 1572 1957 1634 certis
1997 1573 2364 1652 temporibus
2405 1573 2612 1652 datae,
2643 1571 2794 1634 aliae
2810 1571 2890 1632 ad
2907 1571 3362 1651 perpetuitatem

698 1661 997 1712 Institutae
1037 1663 1190 1713 sunt.

526 1749 621 1793 20.
702 1731 801 1791 Ad
860 1732 1313 1810 perpetuitatem
1372 1741 1511 1792 sunt
1570 1741 1718 1793 tres:
1776 1749 1893 1793 vna
1946 1749 2130 1825 quam
2169 1734 2334 1793 Deus
2373 1731 2532 1793 intus
2571 1731 2842 1811 exhibet,
2881 1731 3131 1810 Spiritus
3170 1732 3360 1793 sancti

443 1809 787 1872 affirmatio:
846 1812 1059 1888 altera,
1118 1829 1299 1890 quam
1346 1811 1488 1873 foris
1548 1811 1789 1874 exhibet
1846 1813 2026 1872 nobis
2041 1859 2059 1892 ,
2119 1811 2398 1874 nimirum
2453 1822 2732 1893 euentus,
2793 1829 2916 1889 quo
2955 1812 3134 1874 fidem
3190 1829 3362 1874 suam

442 1889 771 1984 Dominus,
810 1890 873 1951 id
912 1901 1001 1953 est
1014 1938 1033 1974 ,
1076 1891 1376 1953 dictorum
1416 1893 1831 1971 factorumque
1871 1891 2266 1955 constantiam
2285 1892 2344 1952 8ῑ
2365 1891 2670 1954 veritatem
2689 1892 2924 1955 asseritt
2955 1892 3160 1972 tertia,
3180 1911 3362 1970 quam

442 1973 481 2032 a
520 1970 695 2032 nobis
750 1978 1003 2049 imperat
1061 1971 1357 2052 exlu'beri,
1412 1991 1553 2034 nem
1691 1983 1898 2034 sancta
1936 1973 2246 2036 Ecclesiae
2307 1971 2628 2065 professi03
2687 1972 2944 2052 denique
2982 1983 3112 2034 tum
3152 1991 3363 2036 omnes

448 2047 731 2192 actioffiiss
764 2060 1011 2192 augme
1066 2051 1131 2113 in
1171 2051 1473 2114 Ecclesiae
1512 2071 1555 2114 o
1598 2051 1923 2114 seruandae
1960 2072 2036 2114 ex
2075 2063 2443 2133 praesmpto
2483 2051 2608 2114 eius
2626 2098 2644 2132 ,
2685 2063 2814 2116 tum
2852 2052 3264 2133 perpessiones
3301 2053 3362 2113 in

446 2147 605 2190 mem
922 2173 941 2193 .

526 2229 623 2272 21.
701 2212 797 2271 Ac
834 2227 1049 2272 omnes
1088 2211 1331 2290 quidem
1370 2212 1483 2272 hae
1518 2211 2002 2274 testificationum
2029 2213 2258 2293 species
2279 2211 2454 2274 simul
2473 2223 2933 2292 concurrerunt,
2951 2229 3075 2291 quo
3095 2222 3366 2290 tempore

444 2289 609 2351 Deus
649 2292 875 2371 Legem
914 2293 1142 2370 populo
1183 2308 1294 2354 suo
1332 2291 1604 2372 tradidit3
1644 2295 1701 2354 &
1740 2294 1978 2354 Mosem
2017 2296 2245 2374 populo
2283 2311 2409 2354 non
2451 2293 2646 2353 solum
2691 2303 3022 2372 annuente,
3061 2291 3166 2354 sed
3186 2290 3366 2352 etiam

446 2369 745 2511 flgcggltante
758 2417 777 2452 ,
835 2368 1333 2513 publicumEoeesdse
1390 2371 1743 2513 tabglarium
1818 2372 2004 2434 voluit
2061 2376 2119 2436 δι
2178 2388 2562 2464 communem
2617 2371 3080 2434 interuentorem
3137 2387 3247 2433 suo
3310 2373 3367 2433 δι

604 2470 761 2513 esrae
798 2470 1061 2513 nomme.
1206 2473 1243 2514 o
1282 2496 1300 2513 .
1339 2472 1366 2511 1
1417 2497 1431 2512 .
1595 2473 1691 2515 2ο.

530 2548 623 2591 22.
708 2532 883 2609 Quae
920 2550 1015 2592 res
1053 2531 1302 2594 omnino
1341 2472 1453 2593 figit
1490 2530 1850 2613 necessaria,
1890 2542 1955 2595 vt
1995 2533 2171 2615 Legis
2209 2538 2248 2594 a
2286 2535 2461 2595 Mose
2499 2530 2906 2610 praesentibus
2943 2530 3206 2612 partibus
3226 2550 3368 2593 con-

446 2608 699 2689 scriptae
738 2610 1063 2675 sanciretur
1102 2611 1165 2673 in
1203 2610 1609 2691 posteritatem
1626 2611 1909 2675 autoritas
1923 2658 1941 2694 ,
1981 2614 2038 2673 &
2057 2614 2392 2676 communis
2410 2631 2606 2675 canon
2627 2629 2968 2675 sermonum
2989 2612 3369 2692 scriptorum-

450 2706 571 2767 que
615 2690 887 2753 omnium
925 2690 1209 2771 deinceps
1246 2691 1537 2754 existeret.

533 2787 629 2846 23.
713 2769 1111 2849 Sequentibus
1162 2775 1306 2833 vero
1366 2770 1735 2853 temporibus
1802 2773 1882 2834 ad
1942 2772 2422 2852 deportationem
2494 2788 2683 2851 vsque
2737 2771 3166 2849 Babylonicam
3251 2772 3367 2833 hae

448 2848 889 2913 testificationes
950 2850 1295 2913 exstiterunt
1347 2871 1487 2913 arca
1536 2852 1655 2913 Dei
1703 2856 1759 2915 &
1810 2852 2002 2914 nubes
2061 2872 2136 2915 ex
2195 2870 2314 2932 qua
2376 2854 2558 2915 dabat
2597 2870 2882 2931 responsa
2920 2854 3109 2931 Deus,
3149 2818 3370 2930 Ephod

449 2946 585 2990 cum
628 2930 801 2991 Vrim
841 2932 898 2991 &
936 2930 1285 2993 Thummim
1300 2977 1318 3011 ,
1358 2932 1594 3024 Legalis
1632 2950 1860 3011 canon,
1900 2934 1957 2994 δι
1998 2935 2266 2995 Examen
2307 2932 2577 3012 Synedrij
2611 2931 3013 2994 Ecclesiastici
3055 2952 3128 2993 ex
3168 2932 3368 2993 Sacer-

447 3007 689 3070 dotibus
729 3012 786 3071 &
826 3011 1137 3089 Prophetis
1176 3012 1516 3073 constituti:
1550 3011 1789 3090 ·quibus
1841 3013 2040 3075 modis
2077 3014 2330 3093 probata
2369 3015 2425 3074 ἅτ
2463 3012 2797 3092 approbata
2848 3022 2984 3073 sunt
3020 3028 3372 3090 quaecumq.

446 3086 721 3151 homines
760 3090 875 3151 Dei
914 3091 1109 3153 verbis
1150 3091 1306 3153 illius
1344 3091 1619 3153 dixerunt
1638 3093 2114 3173 scripseruntque
2128 3138 2146 3174 ,
2187 3096 2244 3155 δι
2263 3093 2326 3155 in
2345 3095 2686 3155 thesaurum
2707 3091 3010 3153 Ecclesiae
3025 3091 3342 3170 importata
3355 3136 3373 3171 ,

450 3169 615 3231 velut
655 3170 873 3231 canoni
912 3187 1021 3232 suo
1058 3170 1493 3234 conuenientia.

531 3266 629 3323 24·
710 3250 831 3311 Sed
870 3264 1054 3328 quum
1096 3251 1237 3313 inde
1274 3254 1312 3311 a
1353 3261 1625 3331 tempore
1664 3251 2092 3332 deportationis
2131 3254 2364 3315 sublata
2381 3271 2522 3315 arca
2535 3296 2554 3329 ,
2591 3252 2692 3312 illa
2711 3252 2830 3312 Dei
2855 3250 3048 3331 gloria
3064 3249 3374 3332 abluisset,

448 3327 617 3404 quod
675 3330 987 3393 Iechezkel
1048 3332 1535 3411 prophetauerat,
1588 3352 1643 3394 c.
1708 3352 1735 3391 1
1750 3352 1800 3393 1.
1852 3332 1909 3392 δι
1967 3334 2133 3412 signa
2174 3333 2344 3394 Vrim
2398 3334 2455 3392 δι
2494 3330 2840 3392 Thummim
2898 3330 3237 3423 periissent3
3273 3331 3374 3392 ina

446 3407 747 3471 ordinaria
809 3411 933 3473 duo
972 3422 1453 3489 permanserunt:
1496 3430 1691 3473 canon
1730 3411 1911 3491 Legis
1924 3456 1945 3491 ,
1984 3422 2267 3490 tanquam
2308 3411 2561 3475 foederis
2601 3412 2924 3472 authentici
2960 3430 3034 3471 ex
3075 3428 3373 3473 consensu

452 3488 709 3565 partium
750 3490 1087 3570 perscripti,
1128 3490 1447 3569 Prophetia
1486 3493 1553 3568 (f.
1600 3495 1777 3571 1759)
1814 3497 2068 3570 rumque
2105 3514 2182 3554 ex
2213 3491 2550 3555 testimonio
2582 3490 2700 3551 Dei
2733 3492 2788 3551 δι
2819 3490 2996 3571 Legis
3026 3490 3089 3552 in
3107 3491 3375 3553 Ecclesia

451 3579 826 3646 receptarum
842 3615 860 3651 ,
900 3572 957 3631 &
997 3570 1325 3650 legitimum
1362 3590 1613 3633 examen
1652 3571 1949 3652 Synedrij3
1990 3592 2144 3651 quae
2181 3573 2322 3635 iuris
2361 3574 2621 3649 fuerunt,
2662 3588 2801 3631 cum
2839 3573 2972 3651 lege
2991 3590 3008 3649 3
3027 3588 3179 3648 quae
3202 3571 3373 3650 facti,

452 3662 593 3707 curn
642 3648 891 3713 veritate
947 3652 1004 3711 &
1055 3653 1504 3729 complemento
1558 3670 1668 3713 suo
1709 3652 2110 3730 comparantis
2125 3698 2143 3733 ,
2195 3652 2480 3733 signaque
2519 3650 2799 3713 adiuncta
2837 3670 2912 3713 ex
2949 3650 3158 3713 iisdem
3197 3652 3375 3712 rebus

452 3725 831 3791 diiudicantis
870 3730 1199 3793 secundum
1240 3732 1484 3810 Legem.
1522 3733 1705 3793 Dent.
1749 3750 1842 3808 13.
1891 3751 1942 3791 1.

450 3824 671 3949 ...ξ
708 3808 1057 3953 aa
1080 3809 2590 3955 ωξξξξξξξξεξξξξξξξξ
2765 3810 2918 3954 affl
2931 3810 3375 3953 ’ξξξξξ

452 3966 695 4029 suerunt
736 3909 1151 4050 depositas&
1187 3935 1247 4031 in
1288 3936 1642 4049 perpetuun’i
1676 3910 1805 4033 {im
1842 3912 2243 4034 autbelixticam
2283 3970 2632 4034 obtinerent.
2725 3936 2746 3971 ⁹
2839 3910 2960 3971 pen
3214 4048 3229 4061 ·
3257 4048 3270 4061 ι

541 4048 635 4109 26.
716 4050 783 4109 In
824 4060 1167 4130 temporum
1206 4062 1405 4111 autem
1446 4050 1839 4129 plenitudine,
1880 4050 2006 4113 siue
2047 4052 2139 4114 his
2180 4050 2546 4133 temporibus
2584 4050 2804 4111 vltimis
2835 4052 3000 4113 Deus
3037 4068 3144 4129 per
3161 4049 3374 4110 Filium

372 4164 381 4171 -
454 4143 568 4187 nos
610 4128 950 4206 alloquutus
1010 4140 1100 4192 est
1160 4129 1347 4209 gratia
1387 4131 1443 4191 ὅτ
1484 4130 1727 4192 veritate
1764 4133 2004 4209 plenum
2020 4176 2045 4224 2
2081 4134 2159 4193 de
2197 4149 2320 4212 quo
2361 4130 2774 4193 antecedentes
2815 4130 3148 4210 Scripturae
3183 4129 3374 4207 perhi-

457 4208 713 4269 buerant
754 4210 1187 4287 testimonium,
1228 4210 1283 4271 &
1324 4210 1421 4271 ille
1461 4210 1949 4273 antecedentibus
1988 4210 2246 4273 vicissim
2286 4210 2628 4273 testificatus
2665 4221 2772 4273 est.
2813 4212 2972 4273 Heb.
3000 4230 3052 4272 r.
3077 4211 3173 4271 Io.
3205 4228 3256 4271 r.
3285 4228 3376 4283 14.

456 4288 591 4348 Act.
641 4306 699 4364 3.
746 4292 836 4349 18.
882 4292 960 4352 ἐν
998 4310 1115 4368 seq.
1157 4291 1235 4351 ἐν
1280 4308 1370 4350 10.
1404 4310 1503 4368 43.
1540 4292 1635 4353 Io.
1676 4306 1733 4369 5.
1774 4309 1875 4368 39.

534 4382 629 4441 27.
716 4370 811 4431 Ac
864 4370 993 4447 Filii
1030 4369 1273 4447 quidem
1314 4388 1511 4433 sermo
1550 4381 1642 4432 est
1682 4388 1876 4431 canon
1911 4369 2252 4509 {criptum
2293 4370 2472 4433 totius
2512 4371 2568 4431 &
2605 4382 2846 4433 nostrae
2881 4370 3021 4435 fidei
3038 4368 3380 4461 constantis-

1870 4468 1907 4526 3
3167 4464 3376 4509 simus:
