3923 4875
601 307 712 377 276
1543 319 1875 360 Tur-:sas
1929 317 2585 362 Tnuonocrcar..

595 501 703 558 pro
745 481 1006 558 peccatis
1053 483 1274 556 reliqua
1317 480 1390 539 sit
1429 481 1655 552 hostia,
1699 482 1891 539 Hebr.
1943 501 2033 540 10.
2080 483 2171 540 26.
2212 485 2393 556 quam
2424 479 2603 556 impie
2638 500 2709 540 ea
2740 481 2798 539 in
2821 481 3039 540 Missae
3060 479 3229 539 altari
3250 476 3522 538 iteratur?

597 573 699 620 aut
739 561 896 621 enim
939 561 1228 621 sacrificio
1289 560 1508 651 Christi
1565 562 1746 620 semel
1810 580 1916 636 pro
1961 559 2136 620 nobis
2192 561 2253 620 in
2305 578 2485 620 cruce
2528 570 2769 636 peracto
2789 607 2804 638 ,
2846 571 3120 620 aeternae
3162 559 3522 636 purgationis

599 652 858 719 potestas
899 641 1115 701 defuit:
1178 651 1280 700 aut
1321 640 1369 700 si
1407 639 1602 716 affuit,
1661 641 1900 700 vnicum
1939 640 2151 700 seculis
2192 640 2473 700 omnibus
2510 641 2753 719 sufficit,
2796 661 2927 701 eam
2970 643 3111 699 vero
3158 639 3273 702 fide
3314 639 3517 714 nobis,

594 741 716 781 non
761 721 940 782 missa
981 720 1376 798 applicamus
1428 723 1628 780 Galat.
1677 741 1728 778 2.
1781 722 1870 778 16.
1915 741 1991 780 20
2036 723 2111 811 &j
2150 729 2266 781 toto
2308 741 2365 796 3.
2408 732 2538 800 cap.

673 805 729 860 8.
825 804 1049 877 Tertio,
1091 802 1238 861 dum
1283 819 1504 861 nouam
1549 811 1933 877 peccatorum
1976 800 2241 876 veniam,
2284 803 2429 861 dum
2470 818 2695 860 nouum
2740 810 2800 860 vt
2840 800 3063 878 gratiae
3092 800 3173 860 ita
3194 802 3249 859 &
3272 799 3519 860 iustitiae

595 881 1013 958 adipiscendae
1053 883 1300 972 modum
1341 881 1630 958 promittit
1667 881 1880 957 Missa,
1923 891 2177 942 mortem
2220 881 2439 942 Christi
2462 901 2535 941 ex
2554 881 2861 941 hominum
2885 880 3173 940 memoria
3194 896 3519 956 excussam,

597 963 821 1040 sepelit.
863 964 1171 1021 Praeterea
1231 961 1280 1021 si
1341 963 1604 1021 oblatam
1661 962 1912 1022 hostiam
1968 961 2137 1022 caedi
2178 981 2249 1021 ac
2290 961 2583 1022 immolari
2629 972 2864 1038 oportet
2905 971 2967 1021 vt
3006 962 3333 1038 sacrificeS,
3374 971 3520 1038 quot

597 1041 787 1102 vbiuis
827 1041 1046 1102 Missae
1087 1041 1424 1118 recitantur,
1465 1041 1642 1102 toties
1683 1051 1772 1101 tot
1811 1041 1958 1102 locis
2004 1043 2155 1102 mori
2176 1041 2479 1103 Christum
2498 1060 2741 1102 necesse
2761 1053 2867 1102 est.
2910 1043 2990 1100 At
3014 1041 3157 1118 quid
3179 1051 3269 1100 est
3288 1041 3517 1100 vnicam

595 1122 814 1183 Christi
857 1133 1108 1182 mortem
1151 1131 1503 1199 extenuare,
1565 1123 1613 1182 si
1654 1124 1774 1182 hoc
1813 1142 1936 1182 non
1978 1119 2096 1182 est?
2160 1122 2261 1182 Sin
2314 1141 2431 1181 vna
2471 1121 2713 1200 sufficit,
2772 1139 3055 1214 quorsum
3094 1120 3196 1180 illa
3235 1121 3297 1180 in
3338 1121 3523 1181 Missa

595 1198 901 1279 repetitio?
961 1204 1074 1278 At,
1135 1201 1439 1278 inquiunt,
1499 1201 1684 1262 Missa
1743 1203 2116 1262 incruentum
2168 1200 2519 1262 sacrificium
2560 1214 2683 1278 251,
2744 1221 2867 1294 non
2908 1201 3108 1278 itaque
3147 1201 3205 1260 in
3249 1220 3321 1260 ea
3362 1221 3519 1262 mors

597 1282 814 1344 Christi
875 1283 1132 1356 iteratur,
1193 1299 1346 1358 quae
1408 1301 1530 1342 non
1591 1281 1704 1342 nisi
1759 1293 2003 1342 cruenta
2056 1295 2163 1344 est.
2207 1285 2431 1342 Verum
2470 1284 2591 1342 hoc
2629 1247 2803 1342 nimis
2842 1282 3008 1341 futile
3048 1291 3164 1341 251.
3207 1283 3516 1357 quomodo

591 1362 749 1424 enim
789 1363 1202 1422 satisfactorias
1243 1362 1458 1422 Missas
1500 1361 1698 1424 dicere
1737 1364 1991 1440 audent,
2032 1363 2081 1424 si
2124 1363 2410 1424 sacrificia
2442 1373 2578 1423 sunt
2598 1359 2926 1438 ἀναίματαὲ
2950 1363 3093 1422 (11112
3114 1361 3273 1421 enim
3296 1365 3517 1438 absque

595 1443 896 1534 sanguinis
939 1443 1224 1502 effusione
1265 1441 1672 1502 remissionem
1711 1443 1837 1503 fieri
1879 1455 2057 1522 negat
2096 1445 2455 1536 ApostoluS,
2496 1443 2692 1502 Ilebr.
2734 1461 2793 1517 9.
2838 1463 2931 1502 22.
2973 1443 3219 1502 Missam
3252 1453 3354 1502 aut
3386 1461 3518 1519 pro·

601 1522 962 1601 pitiatorium
1005 1521 1369 1582 Sacrificium
1413 1541 1536 1582 non
1577 1542 1736 1602 esse3
1777 1535 1880 1582 aut
1919 1523 1965 1582 si
2006 1535 2121 1603 est,
2162 1526 2541 1614 incruentum
2578 1540 2707 1582 esse
2746 1524 3038 1582 fateantur
3077 1540 3320 1582 necesse
3363 1533 3467 1582 est.

673 1624 731 1678 9.
823 1604 1090 1678 Quarto,
1133 1604 1192 1662 S.
1236 1603 1475 1662 Coenae
1517 1623 1679 1663 mera
1717 1603 2056 1680 profanatio
2097 1615 2215 1664 est:
2260 1603 2406 1680 quid
2448 1602 2611 1662 enim
2650 1600 2871 1662 Missa?
2926 1607 3064 1680 Ipsa
3104 1621 3213 1680 pro
3254 1603 3513 1678 peccatis

595 1683 781 1743 indies
823 1683 996 1742 offert
1035 1684 1190 1743 De0.
1233 1682 1379 1759 quid
1421 1684 1479 1743 S.
1520 1625 1767 1744 Coenap?
1808 1683 2018 1744 vnicae
2058 1683 2281 1745 Christi
2320 1681 2641 1744 oblationis
2681 1683 2937 1742 fructum
2970 1685 3026 1742 81
3060 1681 3517 1759 applicationem

603 1763 846 1839 requirit
884 1765 922 1822 2
959 1765 1116 1822 Deo.
1158 1766 1250 1823 112
1285 1763 1435 1822 11222
1473 1762 1649 1841 petit,
1701 1765 1867 1854 quod
1907 1763 2007 1824 illa
2048 1765 2179 1824 dat:
2242 1766 2390 1824 haec
2429 1779 2599 1824 suum
2640 1760 2768 1839 ipsa
2806 1763 3071 1823 officium
3111 1763 3381 1842 exhibet3
3422 1763 3515 1822 illa

601 1842 818 1903 Christi
857 1841 1104 1920 gratiam
1145 1863 1250 1919 per
1291 1842 1572 1920 Spiritum
1614 1843 1870 1920 requirit
1915 1845 2125 1904 Coena
2162 1848 2359 1904 Deum
2400 1845 2761 1904 beneuolum
2810 1863 2881 1902 ac
2922 1843 3245 1921 gratiosum
3285 1845 3513 1902 Patrem

595 1921 891 2013 agnoscit,
951 1940 1130 1998 quem
1172 1924 1354 1982 Missa
1411 1924 1744 1984 debitorem
1787 1941 1958 1984 suum
2000 1923 2155 1984 facit.
2218 1929 2287 1984 In
2330 1924 2429 1984 illa
2468 1923 2735 1983 Christus
2776 1926 2812 1982 a
2852 1926 2986 1984 Deo
3028 1923 3204 1983 nobis
3244 1925 3514 2000 offertur,

601 2002 660 2061 in
725 2004 836 2061 hac
878 2001 1144 2062 Christus
1203 2007 1241 2062 a
1302 2003 1654 2063 Sacrificulis
1713 2005 1845 2063 Deo
1907 2006 2171 2064 offertur.
2230 2004 2415 2065 Missa
2468 2002 2655 2080 repeti
2694 2004 2819 2063 vult
2859 2003 3125 2102 quotidie
3164 2003 3511 2064 sacrificium

600 2083 775 2159 illud,
819 2081 984 2140 cuius
1027 2083 1210 2142 semel
1249 2083 1467 2159 oblati,
1507 2103 1762 2161 neque
1744 2083 1997 2160 amplius
2036 2085 2353 2161 offerendi.
2399 2085 2458 2144 S.
2496 2085 2703 2144 Coena
2742 2087 3105 2160 μνημόσυνον
3146 2093 3252 2142 251.
3304 2085 3511 2142 Τ1225-

599 2126 1085 2222 substantiatione
1125 2161 1382 2238 denique
1423 2164 1642 2242 posita,
1683 2164 1866 2224 Missa
1901 2165 2200 2226 Christum
2236 2145 2409 2226 coe‘lo
2430 2163 2631 2241 eripit,
2670 2161 2773 2222 vbi
2794 2165 2873 2221 ad
2892 2164 3161 2223 dextram
3182 2163 3299 2222 Dei
3318 2165 3514 2242 sedet,

593 2261 666 2301 ac
711 2259 1018 2303 mansurus
1059 2253 1148 2302 est
1185 2243 1262 2302 ad
1303 2253 1629 2304 extremum
1669 2243 1979 2323 iudicium,
2020 2247 2348 2305 secundum
2388 2243 2663 2305 articulos
2712 2240 2871 2302 fidei.

685 2343 776 2382 10.
857 2323 958 2382 Ad
1009 2323 1160 2382 haec
1219 2323 1464 2384 Missam
1525 2341 1690 2384 suam
1751 2343 1874 2384 non
1925 2325 2291 2386 sumentibus
2332 2324 2511 2385 etiam
2550 2320 2911 2400 quibuslibet
2948 2323 3267 2402 prodesse,
3311 2333 3517 2384 contra

594 2405 806 2463 Sacras
845 2401 1043 2464 literas
1083 2403 1396 2464 affirmant.
1449 2405 1552 2465 Ait
1591 2406 1950 2483 Apostolus,
2001 2427 2052 2467 1.
2098 2407 2365 2467 Corinth.
2416 2425 2442 2464 1
2457 2426 2507 2465 1.
2554 2425 2650 2483 29.
2692 2401 2931 2481 indigne
2972 2403 3215 2465 edentes
3238 2403 3515 2464 condem-

593 2482 896 2543 nationem
935 2482 1047 2543 sibi
1085 2502 1210 2545 non
1251 2483 1377 2543 21115
1419 2485 1622 2546 2(121·2·
1609 2530 1624 2561 ,
1667 2504 2035 2563 consequens
2076 2506 2221 2565 ergo
2262 2486 2441 2581 digne
2478 2486 2727 2545 edentes
2758 2482 3006 2561 gratiam
3028 2484 3141 2545 sibi
3160 2484 3299 2545 solis
3320 2486 3513 2545 edere.

597 2565 748 2640 Quis
795 2564 994 2641 itaque
1045 2565 1293 2624 mortuis
1332 2582 1539 2625 eorum
1582 2562 1838 2626 fructus?
1897 2586 1969 2626 ac
2022 2569 2161 2627 cum
2199 2569 2297 2627 vel
2336 2568 2397 2627 in
2438 2566 2631 2626 sinum
2672 2565 2951 2624 Abrahae
2990 2565 3188 2625 statim
3226 2566 3307 2625 ab
3349 2564 3515 2624 obitu

595 2643 982 2722 recipiantur,
1021 2646 1166 2705 Luc.
1217 2647 1306 2703 16.
1352 2665 1446 2706 22.
1503 2655 1694 2723 eoque
1732 2646 1916 2707 Missa
1955 2664 2109 2724 opus
2160 2666 2285 2707 non
2324 2648 2615 2725 habeant3
2660 2648 2749 2706 vel
2790 2645 2869 2703 ad
2909 2657 3151 2706 aeterna
3189 2654 3514 2723 tormenta,

595 2734 787 2801 eoque
828 2724 1010 2783 Missa
1069 2723 1256 2785 iuuari
1313 2737 1643 2802 nequeant,
1706 2726 1836 2804 quis
1896 2746 2008 2803 pro
2071 2727 2363 2789 defunctis
2403 2726 2621 2787 Missae
2662 2744 2800 2786 vsus
2846 2736 2968 2800 251,
3008 2724 3118 2785 nisi
3160 2724 3515 2785 euacuandis

601 2804 828 2865 creduli
861 2803 1082 2882 popelli
1121 2804 1449 2865 crumenis?

683 2906 708 2942 1
723 2906 772 2944 1.
866 2886 1113 2961 Quinto,
1152 2884 1334 2944 Missa
1373 2888 1510 2945 vere
1551 2885 1922 2964 sacrilegium
1963 2896 2078 2960 est,
2120 2886 2489 2948 dimidiatam
2530 2888 2798 2948 Coenam
2838 2880 3141 2945 Ecclesiae
3162 2884 3517 2963 obtrudens,

594 2964 738 3024 dum
779 2964 942 3023 laicis
982 2973 1190 3041 potum
1232 2964 1430 3055 eripit,
1470 2966 1920 3026 aduersantibus
1957 2968 2005 3027 I.
2048 2966 2412 3028 institutione
2455 2967 2701 3039 Christi,
2753 2964 3041 3042 siquidem
3080 2965 3157 3025 de
3197 2983 3270 3025 eo
3307 2983 3515 3025 omnes

594 3046 770 3104 edere
831 3064 902 3104 ac
962 3043 1169 3105 bibere
1229 3043 1422 3121 iussit,
1483 3048 1706 3107 Matth.
1751 3049 1845 3107 26.
1891 3064 1985 3121 27.
2039 3050 2247 3109 Marc.
2296 3068 2385 3121 14.
2428 3068 2459 3106 2
2470 3068 2521 3123 3
2562 3051 2639 3107 II.
2680 3046 2964 3121 Ratione,
3006 3044 3299 3122 siquidem
3341 3055 3517 3123 potus

591 3124 760 3215 effusi
801 3142 912 3201 pro
953 3142 1016 3184 se
1061 3124 1276 3185 Christi
1317 3123 1618 3203 sanguinis
1660 3126 1965 3203 quibusuis
2008 3138 2361 3188 testamento
2404 3140 2527 3203 est,
2567 3146 2693 3189 non
2732 3126 2925 3187 minus
2962 3128 3143 3203 quam
3184 3124 3353 3202 panis
3386 3144 3513 3184 cor-

594 3204 756 3281 poris
797 3223 908 3281 pro
948 3224 1012 3264 se
1055 3204 1291 3265 mortui.
1332 3205 1546 3283 quibus
1586 3206 1783 3283 itaque
1823 3226 1917 3267 res
1955 3208 2110 3285 signi
2148 3207 2461 3287 competit,
2504 3224 2613 3268 cur
2644 3207 2937 3268 adimatur
2958 3202 3235 3296 signum?
3266 3207 3377 3265 111.
3396 3207 3515 3263 An-

593 3282 859 3360 tiquitate
919 3284 1196 3361 denique.
1258 3286 1718 3362 chrysostomus
1776 3304 1958 3347 vnum
2022 3307 2238 3366 panem
2294 3292 2349 3349 &
2388 3254 2651 3352 calicem
2677 3286 2953 3348 omnibus
2994 3284 3365 3363 propositum
3402 3284 3514 3362 211,

595 3371 805 3441 resque
843 3364 950 3424 has
992 3376 1113 3425 tam
1154 3366 1308 3427 laico
1349 3369 1530 3443 quam
1571 3367 1866 3427 sacerdoti
1909 3386 2257 3429 communes
2298 3388 2452 3460 2252,
2492 3370 2723 3429 Homil.
2770 3371 2860 3427 18.
2896 3369 2959 3426 in
2986 3386 3037 3426 1.
3058 3368 3145 3425 ad
3162 3366 3516 3426 Corinthios.

595 3445 740 3505 112111
773 3444 1125 3505 sacrificium
1167 3444 1578 3537 quotidianum
1618 3449 1832 3507 frustra
1873 3448 2028 3520 fieri,
2070 3448 2120 3508 si
2157 3468 2334 3508 nemo
2376 3449 2452 3508 sit
2490 3448 2592 3525 qui
2634 3446 3067 3508 communicet.
3102 3456 3161 3505 21
3181 3445 3285 3523 qui
3304 3444 3515 3523 dignus

597 3544 721 3585 non
764 3535 854 3585 est
891 3524 1120 3585 hostiae
1159 3525 1612 3602 communione,
1654 3544 1792 3588 eum
1833 3546 1948 3588 nec
1988 3528 2291 3589 Ecclesiae
2334 3528 2611 3620 precibus
2644 3528 2888 3601 dignum
2908 3545 3064 3586 esse:
3086 3528 3319 3585 Hamil.
3344 3541 3439 3603 51.
3460 3528 3514 3585 &

594 3607 690 3667 61.
729 3608 816 3664 ad
834 3608 1044 3697 popul
1099 3606 1307 3697 Quem
1367 3610 1616 3668 abusum
1678 3610 1816 3667 cum
1859 3607 2259 3686 superioribus
2319 3610 2529 3669 seculis
2570 3608 2827 3684 irrepere
2867 3606 3093 3667 videret
3132 3606 3381 3666 Carolus
3418 3606 3513 3665 1112

595 3687 874 3763 Magnus,
929 3684 1292 3747 strictissima
1343 3689 1476 3764 lege
1515 3685 1700 3747 vetuit
1714 3732 1730 3763 ,
1772 3688 1938 3763 quasi
1978 3688 2323 3749 Canonibus
2363 3687 2723 3779 Apostolicis
2738 3733 2755 3763 ,
2797 3688 3091 3763 Nicaen0,
3133 3684 3515 3763 pluribusque
3575 3760 3581 3767 ·

592 3765 871 3825 Conciliis
909 3763 1306 3828 interdictum.
1345 3769 1444 3828 lib.
1490 3787 1540 3827 1.
1590 3770 1820 3827 Oonsa't.
1863 3779 1995 3848 cap.
2036 3771 2093 3829 6.
2136 3772 2233 3829 66.
2276 3772 2353 3828 (ἓν
2401 3788 2529 3845 132.
2574 3767 2669 3828 Sic
2704 3770 2981 3829 Clemens
3016 3770 3324 3826 Romanus
3356 3776 3516 3825 tanta

594 3844 655 3904 in
695 3846 864 3905 altari
904 3848 1282 3925 holocausta,
1325 3858 1548 3923 quanta
1587 3848 1694 3907 toti
1735 3849 1960 3925 populo
2000 3850 2081 3908 ad
2112 3848 2593 3909 communionem
2615 3847 2939 3921 sufficiant,
2960 3846 3158 3907 offerri
3178 3848 3323 3905 vult.
3344 3848 3515 3924 Epi}-

590 3928 710 3984 τοία
749 3928 1020 3985 secunda.
1061 3927 1227 3986 Hinc
1269 3927 1559 4005 estquod
1603 3928 1662 3987 in
1700 3930 1982 3988 Romano
2025 3930 2232 3989 ordine
2274 3929 2458 4006 (iuxta
2498 3946 2677 4005 quem
2719 3926 2862 3988 olim
2896 3929 3211 3987 Missarum
3232 3925 3517 3985 solemnia

587 4004 1014 4082 recitabantur)
1058 4006 1532 4069 Archidiaconus
1573 4019 1764 4069 tantas
1805 4008 1975 4085 panis
2016 4009 2255 4085 vinique
2296 4010 2656 4081 oblationes,
2698 4018 2953 4085 quantae
2992 4004 3223 4085 possint
3242 4004 3515 4066 vniuerso

587 4087 816 4177 populo
857 4087 1194 4148 satisfacere
1207 4130 1225 4163 ,
1265 4106 1443 4164 super
1481 4091 1660 4149 altare
1699 4108 1924 4166 ponere
1965 4089 2215 4149 dicatur.
2256 4088 2431 4149 Vnde
2476 4092 2790 4166 RabanuS,
2832 4089 2984 4147 libro
3024 4088 3297 4161 secundo,
3336 4088 3518 4161 capite

593 4167 890 4241 trigesimo
917 4170 1141 4245 primo.
1183 4168 1444 4259 Quando
1485 4168 1751 4261 (inquit)
1766 4169 2033 4229 officium
2072 4170 2289 4231 Missae
2326 4169 2546 4247 agitur,
2588 4188 2659 4229 ea
2697 4180 2823 4228 tum
2864 4168 3013 4228 hora
3051 4166 3255 4226 fideles
3294 4164 3515 4241 quique

599 4246 1044 4306 Sacramentum
1106 4247 1374 4324 corporis
1431 4250 1486 4307 &
1551 4248 1844 4326 sanguinis
1918 4248 2137 4311 Christi
2204 4249 2551 4327 percipiunt.
2628 4250 2875 4309 Seruant
2932 4247 3079 4307 illud
3138 4244 3511 4306 Moscouitae

597 4324 954 4405 etiamnum,
991 4346 1064 4386 ac
1101 4327 1366 4405 plerique
1408 4328 1768 4411 orientales,
1812 4341 1937 4390 tum
1978 4330 2154 4391 etiam
2194 4330 2255 4390 in
2294 4348 2483 4408 regno
2504 4329 2836 4407 Presbyteri
2852 4326 3117 4405 Ioannis,
3145 4328 3510 4467 l{kliartxanatobex

3106 4426 3143 4468 o
3292 4426 3395 4469 om
3440 4423 3507 4468 115
