3923 4875
1390 329 1715 374 rnnsss
1778 327 2432 373 τιιιιοιοσιοιιιι.
3262 331 3376 390 307

448 495 603 554 Nam
644 491 901 570 primum
940 507 1225 585 negamus
1264 493 1529 572 periisse.
1571 494 1627 552 δι
1666 509 1950 570 quorsum
1993 490 2370 552 instauratio?
2411 491 2707 568 secundo,
2753 511 3039 570 negamus
3077 511 3376 570 quaecun-

449 591 567 650 que
609 573 731 632 siue
770 569 847 631 de
886 571 1103 646 Esdra,
1144 572 1271 634 siue
1310 574 1387 635 de
1426 573 1715 650 Synedrio
1757 591 1976 664 magno
2017 574 2381 646 fabulantur,
2415 573 2632 631 litteras
2653 584 2755 631 aut
2775 583 2994 650 puncta
3014 587 3120 632 aut
3141 573 3378 651 quiduis

448 653 607 712 aliud
660 653 737 712 ab
790 651 875 713 eis
928 671 1133 712 recusa
1182 671 1341 714 esse·
1396 665 1699 731 postremo
1739 651 1935 729 siquid
1977 654 2198 712 factum
2241 657 2330 728 (vt
2368 657 2480 730 est)
2525 671 2596 711 ea
2637 655 2769 732 lege
2807 653 3026 713 factum
3068 652 3378 716 asserimus

448 751 603 810 quae
641 731 795 792 thesi
834 748 932 810 35.
972 731 1081 792 fuit
1120 733 1409 810 exposita.

526 832 625 886 41.
704 814 912 889 Itaque
970 811 1305 888 Scripturae
1369 832 1665 874 canonem
1713 815 1853 876 fidei
1902 812 2272 906 analogiam,
2331 823 2532 872 vetera
2588 813 2947 890 exemplaria
2987 813 3108 873 fide
3147 814 3378 903 optima

448 891 867 970 diligentiaque
909 894 1317 970 contulerunt,
1358 910 1511 971 quae
1550 897 1856 955 exstabant
1897 893 1958 952 in
2003 894 2270 953 manibus
2311 891 2578 970 piorum,
2615 910 2737 952 non
2779 893 2857 952 ab
2899 891 3040 969 ipsis
3061 893 3374 956 fabricata.

448 974 503 1033 δι
544 972 739 1049 siquid
778 973 1097 1032 intulerunt
1136 971 1357 1034 iudicio
1396 991 1535 1052 su0,
1574 973 1847 1052 religiose
1887 973 2180 1033 dederunt
2224 991 2496 1050 operam,
2531 991 2605 1033 ne
2627 971 2966 1032 inderetur
2950 991 3012 1032 m
3031 984 3373 1036 contextum

448 1070 710 1112 sacrum·
754 1053 862 1113 sed
900 1053 964 1112 id
1004 1062 1196 1112 totum
1234 1055 1479 1114 seorsim
1520 1053 1975 1115 adnotauerunt.

516 1153 625 1224 ’42.
708 1134 1097 1192 Sancroavn
1158 1135 1397 1193 Patrum
1446 1133 1763 1194 sententias
1812 1134 1909 1212 pie
1971 1133 2026 1192 δι
2086 1135 2286 1192 sancte
2339 1129 2528 1191 dictas
2574 1131 2652 1191 de
2693 1133 2812 1192 hoc
2852 1144 3208 1210 argumento
3249 1153 3372 1196 non

446 1212 741 1274 reiicimus
796 1209 937 1290 ipsi.
998 1213 1104 1272 sed
1157 1233 1256 1273 eas
1306 1215 1459 1274 male
1508 1213 1815 1274 adducunt
1866 1217 1923 1274 δι
1975 1212 2464 1290 interpretantur,
2517 1211 2860 1289 quicunque
2914 1213 2991 1272 de
3033 1213 3134 1273 illa
3173 1213 3376 1276 diuina

446 1293 877 1370 Scripturarum
918 1291 1265 1352 auctoritate
1304 1294 1625 1373 derogant,
1668 1306 1729 1353 vt
1768 1303 2050 1371 arrogent
2093 1292 2393 1352 Ecclesiae
2434 1307 2574 1351 suae
2615 1293 2678 1367 (f.
2729 1294 2926 1368 1767).

528 1393 626 1448 43.
706 1371 1140 1432 Auctoritatem
1194 1373 1350 1433 enim
1392 1375 1726 1452 Scripturae
1768 1377 1846 1435 ab
1884 1371 2239 1434 auctoritate
2283 1370 2584 1432 Ecclesiae
2627 1373 3052 1433 confirmarunt
3090 1373 3336 1451 quidem
3354 1421 3372 1452 ,

446 1453 553 1514 sed
620 1451 905 1530 religiose.
966 1451 1201 1530 Religio
1262 1465 1459 1514 autem
1512 1472 1651 1513 vera
1704 1454 1907 1532 exigit,
1957 1465 2022 1512 vt
2060 1453 2272 1530 triplex
2312 1451 2508 1512 cautio
2549 1451 2901 1513 adhibeatur
2941 1451 3001 1512 in
3044 1455 3163 1514 hoc
3206 1472 3375 1532 argu-

448 1544 784 1594 mentorum
862 1551 1058 1592 encre.

528 1633 625 1686 44.
708 1553 899 1672 Pringia
940 1623 1058 1686 est,
1100 1614 1303 1674 Patres
1343 1614 1420 1673 de
1459 1613 1807 1674 secundaria
1846 1614 1945 1674 illa
1986 1612 2336 1673 auctoritate
2380 1609 2631 1672 sensisse
2663 1614 2718 1673 δι
2739 1611 2982 1692 dixisse,
3003 1629 3183 1690 quam
3215 1615 3364 1675 thes.

452 1715 506 1772 5.
548 1695 605 1752 δι
642 1691 1022 1768 sequentibus
1063 1703 1198 1752 ante
1240 1693 1631 1754 distinximus.

528 1790 625 1850 45.
708 1772 1017 1847 Secunda,
1076 1791 1209 1834 eam
1258 1773 1827 1851 argumentationem
1877 1791 2000 1832 non
2055 1781 2178 1831 tam
2229 1769 2568 1832 adhibuisse
2621 1772 2780 1848 apud
2821 1770 2954 1849 pios
2992 1775 3048 1832 δι
3090 1791 3372 1851 germana

446 1851 749 1914 Ecclesiae
794 1854 1063 1912 membra
1102 1857 1263 1928 (nam
1304 1855 1463 1930 apud
1504 1853 1617 1913 hos
1656 1853 1839 1931 pluris
1881 1864 1969 1913 est
2012 1851 2126 1913 Dei
2166 1855 2346 1942 quarn
2388 1851 2728 1943 Ecclesiae,
2767 1851 2830 1912 id
2861 1863 2950 1912 est
2971 1853 3170 1913 diuina
3190 1858 3369 1930 quam

447 1935 739 2008 humana,
778 1930 1005 1992 infinita
1043 1937 1225 2010 quam
1266 1932 1454 1993 finita.
1497 1945 1733 1994 aeterna
1772 1937 1953 2010 quam
1999 1932 2385 2009 temporaria,
2405 1930 2636 1991 interna
2658 1930 2904 2007 Spiritus
2925 1936 3107 2025 quam
3129 1944 3370 1994 externa

446 2013 603 2104 visus
665 2011 907 2072 humani
966 2013 1305 2090 auctoritas)
1349 2013 1454 2074 sed
1508 2013 1669 2091 apud
1718 2012 2083 2092 haereticOS,
2137 2011 2372 2072 diuinae
2421 2011 2785 2072 auctoritatis
2827 2012 3090 2091 nesciOS,
3133 2013 3210 2074 de
3249 2031 3368 2092 qua

444 2093 677 2172 piorum
719 2104 948 2152 mentes
986 2094 1120 2154 luce
1158 2096 1213 2154 81
1255 2093 1759 2153 demonstratione
1798 2091 2050 2172 Spiritus
2090 2093 2536 2152 confirmantur.

524 2175 620 2246 46.
702 2171 936 2249 Tertia,
1000 2191 1077 2232 ne
1134 2173 1253 2233 hoc
1312 2172 1555 2250 quidem
1615 2191 1848 2249 semper
1906 2173 2274 2233 documento
2337 2169 2666 2231 haereticos
2727 2172 3020 2250 refellere,
3076 2173 3184 2234 sed
3237 2183 3362 2234 tum

443 2252 731 2326 maxime,
793 2269 977 2327 quum
1030 2251 1115 2312 illi
1167 2265 1378 2314 contra
1431 2253 1831 2314 obtenderunt
1882 2254 2204 2313 humanam
2261 2251 2670 2312 auctoritatem
2723 2251 3014 2330 aliquam,
3061 2263 3120 2312 vt
3158 2253 3362 2314 fucum

442 2334 707 2394 facerent
746 2331 1188 2424 ignorantibus,
1228 2334 1407 2410 longe
1449 2332 1733 2394 maiorem
1775 2332 2188 2393 auctoritatem
2231 2335 2268 2390 a
2309 2330 2428 2392 suis
2469 2330 2736 2408 partibus
2775 2331 3206 2393 demonstrare.

522 2431 621 2490 47.
702 2411 910 2489 Inique
950 2411 1127 2491 igitur
1166 2413 1389 2475 faciunt
1426 2412 1531 2491 qui
1566 2431 1871 2475 sermones
1910 2417 1947 2473 a
1989 2411 2258 2473 Patribus
2299 2413 2376 2473 de
2415 2409 2766 2472 auctoritate
2807 2411 3114 2473 Ecclesiae
3153 2429 3360 2473 secun-

445 2494 589 2554 dum
630 2492 901 2553 ordinem
940 2492 1149 2571 ipsius,
1190 2506 1459 2571 respectu
1499 2494 1931 2555 haereticorum
1974 2494 2030 2552 δι
2072 2494 2250 2554 falsae
2289 2492 2526 2553 illorum
2565 2491 2934 2552 auctoritatis
2973 2493 3366 2567 enunciatos,

443 2574 529 2635 sic
567 2575 763 2665 palam
801 2573 1139 2645 venditant,
1196 2586 1263 2634 vt
1302 2574 1352 2633 si
1390 2574 1467 2653 pij
1514 2576 1717 2634 Patres
1757 2574 2082 2652 plenariam
2137 2572 2548 2634 auctoritatem
2591 2571 2896 2633 Ecclesiae
2938 2572 3177 2651 proprie
3220 2574 3360 2633 sim-

446 2652 793 2732 pliciterque
830 2652 1185 2719 tribuissent.

524 2737 619 2806 48.
702 2736 831 2792 Nos
888 2738 1031 2793 vere
1092 2752 1205 2794 nec
1267 2734 1597 2794 secundum
1662 2736 1886 2811 Patres,
1948 2752 2062 2793 nec
2111 2734 2442 2793 secundum
2493 2732 2802 2791 veritatem
2854 2732 2968 2791 Dei
3028 2732 3364 2794 auctoritati

444 2813 747 2874 Ecclesiae
787 2813 848 2873 in
888 2832 1024 2873 eum
1064 2814 1311 2874 modum
1350 2813 1600 2874 subiecti
1640 2831 1878 2873 sumus:
1943 2814 2048 2873 sed
2099 2814 2232 2874 Deo
2284 2812 2453 2890 quod
2501 2822 2591 2872 est
2634 2810 2780 2889 Dei,
2845 2812 3149 2873 Ecclesiae
3197 2814 3364 2890 quod

442 2905 534 2954 est
572 2892 778 2971 ipsiuS,
818 2892 1091 2971 religiose
1130 2894 1524 2971 ordinateque
1562 2891 1891 2954 tribuimus.

958 3362 1087 3420 DE
1145 3360 1585 3421 CANONE
1644 3360 2066 3420 SACRAE
2125 3359 2851 3421 SCRIPTURAE.

1692 3562 2021 3621 Tnasrs
2081 3564 2128 3621 Ι.

524 3758 693 3833 Qvae
735 3758 1021 3833 scriptura
1053 3776 1161 3835 per
1199 3775 1263 3817 se
1296 3756 1559 3817 diuinam
1592 3754 2007 3815 auctoritatem
2043 3754 2307 3832 obtinet,
2349 3754 2559 3815 eadem
2579 3773 2688 3833 per
2711 3774 2776 3816 se
2799 3756 2927 3815 sola
2947 3764 3038 3815 est
3061 3754 3368 3815 Canonica

442 3834 502 3895 in
544 3837 809 3897 Ecclesia
849 3836 997 3913 Dei,
1038 3846 1101 3897 vt
1144 3836 1257 3897 Dei
1298 3834 1550 3897 viuentis
1590 3834 1801 3896 domo,

528 3936 579 3975 2.
663 3918 821 3977 Nam
860 3917 985 3977 eius
1025 3926 1115 3978 est
1152 3916 1335 3977 solius
1379 3935 1705 3986 canonem..
1746 3914 1807 3975 id
1846 3926 1972 3993 est,
2015 3916 2280 3993 regulam
2322 3914 2738 3992 praestituere,
2781 3914 2956 3991 dare,
2997 3914 3054 3973 δι
3099 3914 3251 3974 tueri
3293 3915 3358 3975 in

440 3996 739 4070 Ecclesia,
780 3996 883 4073 qui
923 4008 1132 4057 auctor
1172 4008 1293 4075 est,
1334 3996 1763 4073 dominusque,
1806 3998 1861 4057 δι
1901 4006 2170 4056 seruator
2213 3995 2522 4057 Ecclesiae
2565 4012 2724 4055 suae.

524 4096 578 4151 3.
662 4078 971 4137 Canonem
1028 4078 1393 4156 appellamus
1454 4075 1859 4151 verissimam,
1912 4075 2338 4151 certissimam,
2398 4074 2906 4166 rectissimamque
2967 4074 3236 4151 regulam
3305 4078 3360 4135 δι

444 4157 689 4215 modum
734 4157 793 4215 in
843 4156 959 4217 fide
1004 4157 1387 4234 moribusque
1428 4154 1731 4217 Ecclesiae
1776 4154 1889 4215 Dei
1932 4156 2352 4233 praescriptam
2404 4153 2714 4233 diuinituS,
2775 4154 2838 4214 id
2881 4164 3002 4231 est,
3063 4152 3369 4231 sapientis·

446 4236 625 4311 sime,
669 4236 1009 4315 iustissime,
1054 4241 1109 4297 δι
1148 4235 1588 4296 immutabiliter
1628 4236 1706 4295 ad
1740 4235 1994 4312 gloriam
2033 4235 2150 4295 Dei
2190 4239 2244 4296 δι
2285 4238 2532 4295 salutem
2573 4246 2856 4295 nostram.

526 4337 580 4389 4.
664 4316 771 4377 Est
811 4315 983 4395 igitur
1025 4318 1237 4377 Canon
1280 4316 1341 4377 in
1382 4315 1649 4377 Ecclesia
1686 4314 1831 4377 nihil
1860 4315 2021 4375 aliud
2057 4318 2238 4393 quam
2277 4316 2524 4377 verbum
2544 4316 2687 4393 Dei,
2735 4313 2901 4375 cuius
2923 4316 3114 4375 forma
3135 4312 3366 4453 intclma

3123 4412 3222 4472 qui
3270 4414 3365 4453 em
