3923 4875
1455 350 1561 397 ns
1620 352 1836 397 νειιιι
1900 352 2440 399 τιιιεοιοαιᾼ.
3337 354 3406 415 71

483 514 689 591 hamt,
729 514 849 589 quo
890 530 1004 571 nec
1043 513 1320 573 facultate
1361 524 1637 591 naturae,
1677 534 1790 575 nec
1827 525 1950 574 arte
1990 517 2278 593 humana,
2316 534 2426 576 nec
2460 520 2545 575 rei
2578 524 2810 574 creatae
2828 514 2999 573 vllius
3020 514 3373 577 adiumentis
3395 564 3413 596 ,

481 602 678 673 potest
718 608 1045 669 assurgere.
1087 594 1406 669 Propterea
1445 612 1684 655 necesse
1723 594 1862 673 fuit,
1903 605 2005 654 aut
2044 594 2348 655 hominem
2388 594 2581 672 ipsum
2615 592 2967 683 investigare
2999 595 3195 654 modis
3214 597 3403 657 omni-

487 675 632 751 buS,
693 670 937 733 sicunde
998 670 1152 731 viam
1215 672 1624 764 rationemque
1683 674 1826 734 boni
1880 674 2044 733 istius
2094 674 2363 735 obtinere
2421 684 2651 752 posset,
2690 682 2791 733 aut
2831 674 2957 733 eius
2999 674 3101 750 qui
3140 680 3415 738 conferre

487 762 686 831 potest
723 750 1018 811 beneficio
1059 752 1138 810 ad
1177 752 1582 831 cognitionem
1623 753 2275 831 apprehensionemque
2317 753 2445 813 viae
2484 753 2639 814 illius
2680 752 2954 831 perduci,
2997 771 3116 829 qua
3144 774 3413 831 asseque-

485 843 648 893 retur
687 833 936 892 bonum.
977 831 1061 889 Vt
1099 840 1298 891 autem
1339 834 1522 893 homo
1560 833 1754 911 ipsum
1791 843 2101 893 auctorem
2140 833 2230 894 sui
2269 832 2425 894 illius
2460 833 2640 912 boni,
2682 834 2959 909 viamque
2999 834 3078 892 ad
3118 832 3314 913 illum,
3356 839 3412 897 δι

486 911 634 973 boni
693 908 1059 988 percipiendi
1113 910 1358 971 modum
1417 912 1640 973 viribus
1696 922 1942 973 naturae
1996 931 2165 991 suae,
2214 924 2315 973 aut
2354 923 2478 973 arte
2520 915 2635 973 vlla
2674 912 3014 973 subsidiove
3054 913 3140 973 rei
3180 926 3413 977 creatae

486 1002 907 1071 cognosceret3
948 1005 1252 1067 nunquam
1290 993 1565 1083 profecto
1607 993 1731 1053 fieri
1773 992 2089 1084 potuisset:
2132 1012 2272 1052 nam
2314 994 2623 1085 quomodo
2666 993 2899 1071 perdita
2936 991 2997 1051 in
3038 1010 3103 1053 se
3143 1006 3415 1055 creatura

489 1073 545 1131 δι
585 1072 662 1131 ab
699 1078 947 1131 auctore
987 1070 1132 1130 boni
1161 1070 1263 1130 3ιιί
1303 1070 1458 1131 iusto
1499 1072 1721 1134 iudicio
1762 1072 2126 1151 abiudicata,
2166 1072 2244 1133 ad
2284 1088 2418 1133 eum
2460 1072 2661 1133 suisset
2690 1070 3082 1167 peruentura?
3102 1076 3413 1150 quomodo

497 1169 678 1211 caeca
716 1148 913 1211 visura
953 1148 1345 1211 inuisibilem?
1385 1153 1696 1243 quomodo
1733 1163 1971 1213 mortua
2011 1154 2449 1229 apprehensura
2487 1156 2543 1213 δι
2584 1153 2919 1213 institutura
2960 1152 3112 1211 viam
3128 1198 3145 1231 ,
3188 1171 3305 1232 qua
3334 1155 3415 1215 ad

497 1232 726 1291 bonum
769 1231 961 1307 (quod
1003 1228 1244 1306 quidem
1287 1234 1425 1290 vere
1465 1231 1538 1291 sit
1581 1234 1834 1309 bonum)
1876 1243 2054 1310 queat
2094 1230 2491 1292 contendere?

589 1312 762 1369 Thes.
807 1328 901 1369 20.
973 1310 1352 1389 Quapropter
1399 1316 1778 1389 superuenire
1827 1314 2053 1372 homini
2101 1316 2360 1389 oportuit
2401 1315 2564 1372 illam
2614 1314 2989 1387 Theologiam
3034 1315 3411 1389 inspiratam,

497 1410 674 1467 quam
715 1391 791 1450 ab
833 1396 969 1449 ortu
1008 1392 1132 1449 eius
1171 1394 1680 1467 supernaturalem
1719 1395 2079 1470 appellamus
2092 1436 2108 1468 ,
2150 1393 2205 1451 &
2254 1394 2629 1468 Theologiam
2669 1395 3042 1451 reuelationis
3080 1394 3119 1449 ὰ
3144 1397 3417 1468 gratioso

497 1472 1021 1529 communicatioms
1061 1472 1243 1530 moda.
1306 1470 1588 1547 Alioquin
1629 1488 1934 1548 nunquam
1976 1472 2181 1531 fuisset
2220 1474 2508 1550 futurum,
2550 1482 2613 1531 vt
2648 1490 2815 1531 mens
2849 1470 3103 1531 hominis
3138 1491 3211 1531 ex
3240 1490 3415 1532 sensu

499 1548 640 1610 mali
695 1547 787 1609 sui
844 1566 1152 1626 emergens
1167 1594 1184 1627 ,
1239 1550 1316 1609 ad
1363 1570 1533 1629 spem
1575 1562 1799 1612 certam
1837 1551 2488 1643 apprehensionemque
2527 1550 2675 1612 boni
2714 1550 3034 1613 deueniret.
3090 1554 3412 1611 Auctorem

494 1629 693 1706 itaque
729 1627 878 1690 boni
917 1628 996 1689 ad
1035 1627 1312 1689 miserum
1351 1630 1770 1709 abiectumque
1812 1630 2116 1691 hominem
2158 1632 2421 1709 oportuit
2460 1633 2781 1710 accedere,
2823 1633 2961 1690 cum
2994 1632 3155 1690 nulla
3186 1631 3414 1693 ratione

496 1709 682 1769 homo
723 1708 980 1800 potuerit
1018 1708 1096 1769 ad
1135 1708 1300 1769 illum
1341 1712 1760 1773 conscendere.
1826 1711 2077 1771 Accedit
2113 1722 2312 1771 autem
2351 1714 2543 1791 DeuS,
2584 1677 2792 1771 auctor
2823 1710 3017 1770 omnis
3045 1710 3218 1788 boni,
3250 1711 3409 1772 varie

498 1790 577 1849 ad
617 1787 890 1849 homines
927 1806 1038 1865 pro
1070 1787 1236 1849 vario
1277 1791 1638 1868 operationis
1679 1791 1896 1852 modo.
1939 1792 2045 1851 sed
2085 1791 2135 1852 si
2173 1793 2291 1851 vlla
2332 1792 2505 1852 nobis
2526 1757 2814 1852 salutaris
2856 1802 2973 1855 est.
3012 1790 3155 1849 dum
3196 1757 3257 1850 in
3288 1793 3409 1850 hac

497 1868 618 1929 vita
657 1867 959 1946 degimus,
1000 1868 1226 1927 donum
1266 1872 1424 1930 certe
1463 1870 1840 1948 cogitationis
1881 1883 1996 1949 est,
2038 1889 2155 1949 qua
2194 1873 2424 1943 Deum,
2466 1883 2644 1949 prout
2682 1889 2881 1932 sumus
2911 1870 3023 1930 ab
3006 1890 3139 1947 ipso
3158 1870 3405 1950 cogniti,

499 1948 779 2009 discimus
816 1966 1199 2025 cognoscere.
1240 1952 1384 2010 Hoc
1421 1950 1568 2011 illud
1608 1953 1836 2012 bonum
1869 1961 1991 2029 est,
2027 1952 2191 2027 quod
2218 1954 2593 2026 Theologiam
2634 1954 2980 2029 i'nsptratam
3022 1954 3411 2029 appellamus:

495 2046 634 2088 nam
689 2026 1076 2106 inspiratione
1128 2046 1242 2089 nos
1275 2030 1633 2123 cognoscit,
1685 2034 1780 2091 vel
1825 2030 2025 2109 potius
2064 2030 2337 2108 cognitos
2376 2031 2491 2091 sibi
2530 2051 2657 2091 esse
2695 2042 2939 2091 testatur
2978 2030 3175 2108 Deus3
3214 2032 3412 2091 Theo·

495 2108 655 2187 logia
703 2112 876 2178 vero,
918 2124 1100 2185 quam
1137 2107 1383 2187 inspirat
1421 2110 1627 2189 nobis,
1647 2111 2088 2203 cognoscimus
2132 2113 2359 2187 Deum,
2402 2122 2581 2187 prout
2624 2113 2701 2170 ab
2742 2112 2873 2189 ipso
2916 2111 3129 2170 fuimus
3171 2110 3410 2189 cogniti.

496 2190 676 2248 Hanc
715 2190 856 2247 vero
896 2188 1210 2249 salutarem
1247 2188 1363 2249 Dei
1402 2156 1844 2268 inspirationem
1885 2188 2408 2268 cognitionemque
2427 2191 2923 2250 communicatam
2944 2191 3233 2251 beneficio
3256 2190 3412 2267 eiuS,

497 2272 572 2329 eo
631 2270 1006 2345 superuenire
1055 2267 1333 2347 dicimuS,
1383 2270 1522 2346 quia
1575 2289 1687 2331 nec
1727 2272 1786 2330 in
1825 2272 2034 2347 nobiS,
2076 2290 2189 2330 nec
2226 2289 2411 2347 penes
2450 2289 2587 2347 nos,
2631 2288 2743 2329 nec
2781 2288 2963 2347 penes
3002 2289 3073 2330 ea
3114 2288 3265 2347 quae
3302 2269 3411 2329 cir-

498 2357 795 2408 cumstant
855 2366 991 2426 1108,
1045 2366 1158 2407 nec
1217 2349 1278 2407 in
1339 2360 1464 2409 tota
1525 2368 1723 2411 rerum
1779 2332 2159 2411 vniuersitate
2214 2349 2569 2427 principium
2610 2353 2823 2425 vllum,
2864 2357 2967 2409 aut
3004 2368 3203 2409 semen
3249 2349 3412 2408 istius

495 2426 642 2489 boni
702 2436 928 2490 exstare
985 2439 1180 2506 potest
1237 2428 1315 2490 ad
1372 2432 1622 2492 salutem
1670 2430 1985 2492 hominum
2026 2432 2261 2510 efficax3
2302 2431 2407 2490 sed
2446 2431 2644 2489 Deum
2688 2430 2856 2489 illurn
2896 2439 3197 2490 auctorem
3237 2428 3413 2506 boni,

497 2507 600 2585 qui
659 2507 722 2567 in
781 2507 1061 2569 omnibus
1122 2518 1242 2587 est,
1301 2511 1357 2569 δι
1418 2529 1525 2586 per
1584 2512 1818 2604 omnia,
1868 2515 1924 2572 δι
1976 2527 2153 2587 supra
2193 2477 2395 2570 omnia
2436 2511 2859 2588 superfundere
2900 2511 3215 2570 salutarem
3252 2509 3415 2570 illam

497 2586 743 2666 gratiam
803 2607 1044 2649 necesse
1102 2598 1221 2668 est,
1283 2597 1534 2666 eamque
1595 2591 1734 2652 inde
1792 2591 2171 2682 superuenire
2222 2591 2428 2667 nobis3
2471 2604 2533 2650 vt
2572 2589 2869 2668 possimus
2909 2589 3153 2649 credere
3194 2586 3416 2648 dicenti

498 2668 805 2760 coelestia,
849 2667 952 2746 qui
990 2687 1067 2728 ne
1109 2679 1338 2729 terrena
1377 2671 1620 2747 quidem
1659 2671 1881 2731 dicenti
1921 2670 2327 2732 credebamus
2371 2671 2617 2748 Ortum,
2644 2680 2947 2745 naturam,
2967 2670 3215 2728 modum
3235 2669 3414 2727 totius

496 2748 669 2807 huius
707 2747 968 2826 mysterii
1009 2753 1264 2826 superne
1303 2749 1456 2810 effici
1496 2751 1786 2828 oportuit.
1848 2751 2013 2810 Hinc
2052 2749 2197 2811 illud
2238 2760 2443 2810 natum
2484 2761 2599 2821 est,
2642 2751 2807 2827 quOd
2840 2749 2995 2808 hanc
3022 2747 3414 2825 rheologiam

498 2827 872 2907 inspiratam,
927 2830 1002 2887 ab
1051 2838 1185 2886 ortu
1233 2834 1774 2906 supernaturalem;
1832 2833 1872 2888 ὰ
1924 2833 2195 2907 gratioso
2236 2833 2431 2908 modo,
2471 2832 2842 2889 reuelaliom's
2890 2830 2951 2887 T
2944 2830 3265 2904 heologzam
3307 2847 3413 2904 ap-

487 2911 868 2984 pellauimus·
927 2908 1415 3000 quandoquidem
1465 2921 1635 2988 ortu,
1687 2913 1743 2970 δι
1783 2913 1930 2984 na(f.
1982 2927 2150 2987 1397.
2154 2913 2310 2986 )tura
2362 2928 2496 2988 sua,
2537 2913 2593 2970 δι
2635 2907 3190 2969 communicationis
3228 2907 3443 2966 modo'

499 2987 868 3048 demonstrat
914 2987 1352 3068 potentissime,
1393 2989 1536 3050 nihil
1575 2990 1636 3050 in
1677 2991 1794 3051 hac
1833 3009 1898 3050 re
1935 2993 1975 3050 a
2016 2993 2148 3050 Deo
2190 3008 2312 3048 non
2352 2989 2694 3068 peruenire,
2734 2991 2790 3048 δι
2830 2988 3045 3048 virtute
3064 2986 3269 3046 diuina
3288 3007 3416 3065 per-

499 3067 618 3128 fici.
676 3068 748 3127 Id
803 3077 1000 3128 tamen
1043 3035 1483 3130 obseruan’dum
1524 3081 1640 3162 est,
1695 3087 1878 3148 quum
1917 3071 2069 3130 haec
2106 3068 2441 3146 Theologia
2482 3035 2858 3129 reuela’tionis
2898 3069 3252 3158 appellatur,
3296 3066 3415 3127 dici

503 3147 624 3204 κατ’
665 3147 907 3222 ἐξοχήν,
949 3149 1005 3206 8τ
1045 3149 1381 3226 angustiore
1421 3149 1783 3228 significatu,
1826 3154 2005 3228 quam
2045 3149 2239 3226 capite
2282 3160 2497 3210 octauo
2529 3151 2585 3208 δι
2606 3167 2771 3208 nono
2793 3148 2903 3207 fuit
2922 3145 3246 3225 proposita.
3287 3146 3417 3206 Illic

503 3227 661 3286 enim
721 3227 1118 3319 ''lheologiam
1177 3228 1554 3290 reuelationis
1611 3229 1956 3291 dicebamus
2006 3249 2169 3306 eam,
2222 3245 2402 3305 quam
2452 3231 2617 3290 Deus
2655 3227 2753 3288 hic
2791 3245 2929 3290 cum
2969 3227 3211 3287 homine
3253 3243 3417 3286 com·

499 3305 790 3384 municat,
831 3306 954 3368 siue
991 3308 1275 3387 naturali,
1317 3309 1442 3370 siue
1483 3310 1911 3388 supernaturali
1949 3309 2167 3388 gratia.
2209 3309 2334 3368 Hic
2354 3314 2495 3370 vero
2518 3309 2939 3369 reuelationem
2962 3306 3418 3384 supernaturalis

497 3385 720 3462 gratiae
759 3403 898 3446 cum
939 3399 1144 3449 natura
1183 3391 1239 3448 81
1279 3389 1453 3450 bonis
1491 3400 1736 3451 naturae
1775 3400 2221 3468 comparanteS,
2262 3391 2317 3448 δι
2360 3398 2679 3450 statuentes
2720 3405 2923 3448 earum
2963 3388 3113 3447 inter
3146 3405 3211 3446 se
3232 3404 3417 3478 oppo-

499 3463 820 3608 sitionemd
814 3466 892 3528 de
929 3469 1354 3545 supernaturali
1395 3469 1585 3530 solum
1627 3469 2017 3549 reuelatione,
2056 3472 2112 3529 δι
2154 3469 2415 3547 gratioso
2456 3470 2641 3528 modo
2683 3465 3239 3527 communicationis
3258 3465 3417 3525 insti-

503 3546 720 3606 tuimus
803 3565 976 3607 1cere.

587 3627 762 3688 Thes.
807 3647 838 3685 2
851 3646 898 3687 1.
941 3627 1063 3686 Est
1093 3636 1281 3687 autem
1328 3630 1649 3706 Theologia
1669 3633 2171 3725 supernaturalis,
2194 3631 2486 3708 sapientia
2500 3648 2703 3688 rerum
2725 3621 3063 3686 diuinarum
3079 3669 3096 3702 ,
3116 3643 3265 3701 quae
3274 3643 3417 3700 pro·

499 3708 648 3764 cedit
681 3727 756 3766 ex
779 3709 1096 3783 princepiis
1133 3711 1440 3767 secundum
1480 3729 1542 3768 se
1581 3712 1763 3784 notes,
1795 3713 2125 3786 superioris
2148 3712 2415 3769 scientiae
2446 3713 2690 3785 lumine,
2724 3725 2911 3784 supra
2929 3707 3218 3766 humanae
3238 3707 3419 3763 ratio-

499 3788 591 3844 nis
630 3788 878 3846 modum.
921 3787 1034 3846 His
1073 3787 1268 3848 verbis
1310 3799 1620 3866 sequentes
1661 3789 1906 3867 vestigia
1940 3789 2329 3866 definitionis,
2364 3805 2543 3865 quam
2566 3790 2643 3848 de
2662 3786 2911 3847 naturali
2931 3783 3271 3873 Theologia
3281 3787 3419 3843 ante

497 3865 878 3958 tradidimus,
917 3867 1122 3944 paucis
1159 3868 1554 3960 Theologiam
1595 3873 2098 3947 supernaturalem
2138 3869 2467 3929 definimus
2509 3870 2601 3926 Ac
2634 3884 2821 3946 genus
2854 3864 3097 3942 quidem
3134 3865 3189 3922 &
3214 3861 3417 3923 diffen-

496 3944 746 4005 rentiam
784 3946 958 4007 huius
991 3947 1356 4025 Theologiae
1397 3967 1470 4008 ex
1511 3949 2000 4010 antecedentibus
2041 3967 2249 4010 omnes
2290 3948 2465 4008 facile
2504 3947 2854 4024 intelligunt.
2896 3947 3004 4004 Est
3022 3943 3181 4003 enim
3202 3959 3418 4022 genus,

494 4025 818 4102 Sapzenlia.
860 4045 983 4087 non
1025 4027 1123 4087 illa
1163 4027 1406 4102 quidem
1443 4030 1798 4108 archetypa,
1839 4030 1917 4089 de
1957 4045 2075 4107 qua
2116 4027 2407 4106 principio
2440 4027 2813 4118 dicebamus,
2848 4027 3010 4101 (nam
3032 4025 3181 4083 haec
3200 4023 3413 4100 princi·

493 4103 658 4182 pium
697 4105 1028 4167 vniuersale
1063 4116 1177 4178 est,
1183 4106 1456 4199 ‚ideoque
1477 4110 1642 4167 nullo
1661 4127 1878 4187 genere
1899 4107 2181 4168 concludi
2200 4111 2421 4185 potest)
2440 4109 2547 4166 sed
2566 4071 2851 4184 sapientia
2872 4104 3197 4181 aequiuoce
3222 4102 3411 4174 dicta,

493 4203 569 4245 ex
609 4184 922 4246 vniuersali
961 4185 1066 4246 illo
1104 4185 1400 4264 principio
1444 4188 1708 4248 defluens
1738 4208 1841 4266 per
1871 4187 2173 4249 Christum
2205 4190 2434 4265 Iesum,
2454 4185 2513 4245 in
2536 4203 2657 4264 quo
2680 4205 2888 4245 omnes
2908 4183 3165 4244 thesauri
3186 4202 3415 4260 sapien-

493 4265 609 4324 tiae
642 4268 698 4326 &
726 4264 1144 4357 intelligentiae
1183 4276 1320 4326 sunt
1356 4267 1713 4328 absconditi.
1755 4267 2100 4330 Differentia
2138 4286 2246 4346 per
2265 4284 2469 4326 causas
2492 4277 2656 4326 certo
2678 4264 2887 4326 ordine
2908 4264 3249 4343 exponitur.
3272 4281 3413 4322 nam

489 4362 668 4406 causa
718 4344 980 4408 efficiens
1019 4347 1192 4407 huius
1235 4345 1606 4425 Theologiae
1645 4358 1731 4409 est
1773 4350 1939 4409 Deus
1982 4348 2299 4408 infundens
2334 4348 2658 4424 superioris
2692 4348 2853 4405 illius
2892 4344 3420 4483 scientiffiumgnflg

3229 4439 3291 4481 er
