<?xml version="1.0" encoding="UTF-8"?>
<!DOCTYPE html PUBLIC "-//W3C//DTD XHTML 1.0 Transitional//EN"
    "http://www.w3.org/TR/xhtml1/DTD/xhtml1-transitional.dtd">
<html xmlns="http://www.w3.org/1999/xhtml" xml:lang="en" lang="en">
 <head>
  <title>
</title>
<meta http-equiv="Content-Type" content="text/html;charset=utf-8" />
  <meta name='ocr-system' content='tesseract 3.04.00' />
  <meta name='ocr-capabilities' content='ocr_page ocr_carea ocr_par ocr_line ocrx_word'/>
</head>
<body>
  <div class='ocr_page' id='page_1' title='image "./dfranciscijunii00junigoog_0428.png"; bbox 0 0 3923 4875; ppageno 0'>
   <div class='ocr_carea' id='block_1_1' title="bbox 580 105 3527 3951">
    <p class='ocr_par' dir='ltr' id='par_1_1' title="bbox 595 105 3527 1556">
     <span class='ocr_line' id='line_1_1' title="bbox 604 105 3524 189; baseline 0 -17"><span class='ocrx_word' id='word_1_1' title='bbox 604 112 895 172; x_wconf 86' lang='lat' dir='ltr'>Musicam</span> <span class='ocrx_word' id='word_1_2' title='bbox 936 109 1373 172; x_wconf 66' lang='lat' dir='ltr'>excercendum</span> <span class='ocrx_word' id='word_1_3' title='bbox 1414 105 1653 172; x_wconf 76' lang='lat' dir='ltr'>ordines</span> <span class='ocrx_word' id='word_1_4' title='bbox 1691 106 1751 168; x_wconf 91' lang='lat' dir='ltr'>in</span> <span class='ocrx_word' id='word_1_5' title='bbox 1793 107 2116 170; x_wconf 82' lang='lat' dir='ltr'>ministerio</span> <span class='ocrx_word' id='word_1_6' title='bbox 2155 127 2326 171; x_wconf 82' lang='lat' dir='ltr'>sacro</span> <span class='ocrx_word' id='word_1_7' title='bbox 2365 107 2784 187; x_wconf 79' lang='lat' dir='ltr'><strong>consisterent,</strong></span> <span class='ocrx_word' id='word_1_8' title='bbox 2821 125 2946 189; x_wconf 89' lang='lat' dir='ltr'>quo</span> <span class='ocrx_word' id='word_1_9' title='bbox 2985 119 3258 188; x_wconf 89' lang='lat' dir='ltr'>tempore</span> <span class='ocrx_word' id='word_1_10' title='bbox 3290 109 3524 178; x_wconf 85' lang='lat' dir='ltr'>fiebant</span> 
     </span>
     <span class='ocr_line' id='line_1_2' title="bbox 600 186 3522 270; baseline -0.001 -16"><span class='ocrx_word' id='word_1_11' title='bbox 600 211 767 254; x_wconf 87' lang='lat' dir='ltr'>sacra</span> <span class='ocrx_word' id='word_1_12' title='bbox 806 209 1012 252; x_wconf 90' lang='lat' dir='ltr'>coram</span> <span class='ocrx_word' id='word_1_13' title='bbox 1055 188 1337 251; x_wconf 87' lang='lat' dir='ltr'>Domino.</span> <span class='ocrx_word' id='word_1_14' title='bbox 1378 187 1494 265; x_wconf 90' lang='lat' dir='ltr'>Alij</span> <span class='ocrx_word' id='word_1_15' title='bbox 1537 193 1681 250; x_wconf 80' lang='lat' dir='ltr'>vero</span> <span class='ocrx_word' id='word_1_16' title='bbox 1722 186 2019 250; x_wconf 87' lang='lat' dir='ltr'>diuersum</span> <span class='ocrx_word' id='word_1_17' title='bbox 2061 199 2291 267; x_wconf 88' lang='lat' dir='ltr'>tempus</span> <span class='ocrx_word' id='word_1_18' title='bbox 2329 187 2648 250; x_wconf 87' lang='lat' dir='ltr'>stationum</span> <span class='ocrx_word' id='word_1_19' title='bbox 2685 187 2838 250; x_wconf 88' lang='lat' dir='ltr'>illius</span> <span class='ocrx_word' id='word_1_20' title='bbox 2868 201 3130 270; x_wconf 88' lang='lat' dir='ltr'>ponunt:</span> <span class='ocrx_word' id='word_1_21' title='bbox 3151 208 3368 270; x_wconf 83' lang='lat' dir='ltr'>nempe</span> <span class='ocrx_word' id='word_1_22' title='bbox 3387 203 3522 252; x_wconf 87' lang='lat' dir='ltr'>tum</span> 
     </span>
     <span class='ocr_line' id='line_1_3' title="bbox 602 267 3527 348; baseline -0.001 -14"><span class='ocrx_word' id='word_1_23' title='bbox 602 271 839 334; x_wconf 82' lang='lat' dir='ltr'>Leuitas</span> <span class='ocrx_word' id='word_1_24' title='bbox 876 269 1171 332; x_wconf 87' lang='lat' dir='ltr'>inMusico</span> <span class='ocrx_word' id='word_1_25' title='bbox 1212 287 1395 348; x_wconf 90' lang='lat' dir='ltr'>opere</span> <span class='ocrx_word' id='word_1_26' title='bbox 1436 287 1541 346; x_wconf 88' lang='lat' dir='ltr'>per</span> <span class='ocrx_word' id='word_1_27' title='bbox 1578 285 1718 330; x_wconf 88' lang='lat' dir='ltr'>suos</span> <span class='ocrx_word' id='word_1_28' title='bbox 1758 267 1998 329; x_wconf 82' lang='lat' dir='ltr'>ordines</span> <span class='ocrx_word' id='word_1_29' title='bbox 2034 268 2218 330; x_wconf 86' lang='lat' dir='ltr'>suisse</span> <span class='ocrx_word' id='word_1_30' title='bbox 2256 279 2586 348; x_wconf 86' lang='lat' dir='ltr'>occupatos</span> <span class='ocrx_word' id='word_1_31' title='bbox 2599 313 2618 348; x_wconf 82' lang='lat'>,</span> <span class='ocrx_word' id='word_1_32' title='bbox 2657 271 2798 330; x_wconf 67' lang='lat' dir='ltr'>ci‘im</span> <span class='ocrx_word' id='word_1_33' title='bbox 2837 269 3177 332; x_wconf 70' lang='lat' dir='ltr'>sacerdotes</span> <span class='ocrx_word' id='word_1_34' title='bbox 3209 271 3267 331; x_wconf 85' lang='lat'>&amp;</span> <span class='ocrx_word' id='word_1_35' title='bbox 3307 269 3404 347; x_wconf 79' lang='lat' dir='ltr'>aiij</span> <span class='ocrx_word' id='word_1_36' title='bbox 3442 271 3527 332; x_wconf 91' lang='lat' dir='ltr'>ad</span> 
     </span>
     <span class='ocr_line' id='line_1_4' title="bbox 598 347 3522 430; baseline 0 -18"><span class='ocrx_word' id='word_1_37' title='bbox 598 353 915 414; x_wconf 89' lang='lat' dir='ltr'>lectionem</span> <span class='ocrx_word' id='word_1_38' title='bbox 966 350 1111 430; x_wconf 88' lang='lat' dir='ltr'>legis</span> <span class='ocrx_word' id='word_1_39' title='bbox 1160 353 1216 412; x_wconf 90' lang='lat'>&amp;</span> <span class='ocrx_word' id='word_1_40' title='bbox 1271 349 1682 410; x_wconf 85' lang='lat' dir='ltr'>tractationem</span> <span class='ocrx_word' id='word_1_41' title='bbox 1735 347 2071 426; x_wconf 89' lang='lat' dir='ltr'>Scripturae</span> <span class='ocrx_word' id='word_1_42' title='bbox 2123 349 2182 408; x_wconf 89' lang='lat' dir='ltr'>S.</span> <span class='ocrx_word' id='word_1_43' title='bbox 2231 349 2662 427; x_wconf 84' lang='lat' dir='ltr'>comparabant</span> <span class='ocrx_word' id='word_1_44' title='bbox 2707 368 2837 410; x_wconf 89' lang='lat' dir='ltr'>sese</span> <span class='ocrx_word' id='word_1_45' title='bbox 2853 393 2874 429; x_wconf 85' lang='lat'>‚</span> <span class='ocrx_word' id='word_1_46' title='bbox 2935 351 3522 430; x_wconf 79' lang='lat' dir='ltr'>expectabantiquue</span> 
     </span>
     <span class='ocr_line' id='line_1_5' title="bbox 601 426 3522 510; baseline -0.001 -16"><span class='ocrx_word' id='word_1_47' title='bbox 601 453 806 494; x_wconf 87' lang='lat' dir='ltr'>coram</span> <span class='ocrx_word' id='word_1_48' title='bbox 859 431 1117 510; x_wconf 68' lang='lat' dir='ltr'>populo,</span> <span class='ocrx_word' id='word_1_49' title='bbox 1177 429 1392 491; x_wconf 88' lang='lat' dir='ltr'>dicturi</span> <span class='ocrx_word' id='word_1_50' title='bbox 1440 429 1516 490; x_wconf 91' lang='lat' dir='ltr'>de</span> <span class='ocrx_word' id='word_1_51' title='bbox 1566 427 1863 490; x_wconf 86' lang='lat' dir='ltr'>Cathedra</span> <span class='ocrx_word' id='word_1_52' title='bbox 1912 426 2128 490; x_wconf 83' lang='lat' dir='ltr'>Mosis:</span> <span class='ocrx_word' id='word_1_53' title='bbox 2183 445 2363 506; x_wconf 86' lang='lat' dir='ltr'>quam</span> <span class='ocrx_word' id='word_1_54' title='bbox 2415 429 2496 490; x_wconf 90' lang='lat' dir='ltr'>ad</span> <span class='ocrx_word' id='word_1_55' title='bbox 2541 447 2668 490; x_wconf 87' lang='lat' dir='ltr'>rein</span> <span class='ocrx_word' id='word_1_56' title='bbox 2711 429 2954 492; x_wconf 84' lang='lat' dir='ltr'>historia</span> <span class='ocrx_word' id='word_1_57' title='bbox 2993 430 3316 492; x_wconf 86' lang='lat' dir='ltr'>Nehemiae</span> <span class='ocrx_word' id='word_1_58' title='bbox 3356 451 3416 509; x_wconf 87' lang='lat'>9.</span> <span class='ocrx_word' id='word_1_59' title='bbox 3457 453 3522 506; x_wconf 72' lang='lat'>4.</span> 
     </span>
     <span class='ocr_line' id='line_1_6' title="bbox 600 507 3523 590; baseline -0 -17"><span class='ocrx_word' id='word_1_60' title='bbox 600 513 939 574; x_wconf 89' lang='lat' dir='ltr'>abutuntur.</span> <span class='ocrx_word' id='word_1_61' title='bbox 1006 511 1125 572; x_wconf 87' lang='lat' dir='ltr'>Sed</span> <span class='ocrx_word' id='word_1_62' title='bbox 1178 530 1291 571; x_wconf 91' lang='lat' dir='ltr'>nec</span> <span class='ocrx_word' id='word_1_63' title='bbox 1343 511 1567 571; x_wconf 81' lang='lat' dir='ltr'>factum</span> <span class='ocrx_word' id='word_1_64' title='bbox 1613 508 1761 570; x_wconf 89' lang='lat' dir='ltr'>illud</span> <span class='ocrx_word' id='word_1_65' title='bbox 1776 554 1791 580; x_wconf 91' lang='lat'><strong>,</strong></span> <span class='ocrx_word' id='word_1_66' title='bbox 1848 527 1987 570; x_wconf 88' lang='lat' dir='ltr'>meo</span> <span class='ocrx_word' id='word_1_67' title='bbox 2050 507 2268 570; x_wconf 85' lang='lat' dir='ltr'>iudicio</span> <span class='ocrx_word' id='word_1_68' title='bbox 2283 554 2300 588; x_wconf 87' lang='lat'>‚</span> <span class='ocrx_word' id='word_1_69' title='bbox 2354 510 2692 571; x_wconf 86' lang='lat' dir='ltr'>confirmari</span> <span class='ocrx_word' id='word_1_70' title='bbox 2743 520 2974 590; x_wconf 86' lang='lat' dir='ltr'>potest,</span> <span class='ocrx_word' id='word_1_71' title='bbox 3027 529 3141 570; x_wconf 91' lang='lat' dir='ltr'>nec</span> <span class='ocrx_word' id='word_1_72' title='bbox 3183 509 3523 572; x_wconf 87' lang='lat' dir='ltr'>testimonia</span> 
     </span>
     <span class='ocr_line' id='line_1_7' title="bbox 602 587 3518 670; baseline 0 -17"><span class='ocrx_word' id='word_1_73' title='bbox 602 611 756 670; x_wconf 91' lang='lat' dir='ltr'>quae</span> <span class='ocrx_word' id='word_1_74' title='bbox 806 591 1165 664; x_wconf 85' lang='lat' dir='ltr'>adferuntur,</span> <span class='ocrx_word' id='word_1_75' title='bbox 1218 608 1356 652; x_wconf 91' lang='lat' dir='ltr'>cum</span> <span class='ocrx_word' id='word_1_76' title='bbox 1402 591 1515 651; x_wconf 83' lang='lat' dir='ltr'>hac</span> <span class='ocrx_word' id='word_1_77' title='bbox 1564 588 1900 650; x_wconf 78' lang='lat' dir='ltr'>narratione</span> <span class='ocrx_word' id='word_1_78' title='bbox 1941 587 2084 650; x_wconf 85' lang='lat' dir='ltr'>facti</span> <span class='ocrx_word' id='word_1_79' title='bbox 2122 589 2475 651; x_wconf 89' lang='lat' dir='ltr'>consentire.</span> <span class='ocrx_word' id='word_1_80' title='bbox 2517 592 2671 651; x_wconf 86' lang='lat' dir='ltr'>Nam</span> <span class='ocrx_word' id='word_1_81' title='bbox 2711 591 2850 652; x_wconf 78' lang='lat' dir='ltr'>cum</span> <span class='ocrx_word' id='word_1_82' title='bbox 2893 590 3236 652; x_wconf 62' lang='lat' dir='ltr'>Leuitarum</span> <span class='ocrx_word' id='word_1_83' title='bbox 3275 591 3518 653; x_wconf 64' lang='lat' dir='ltr'>ordines</span> 
     </span>
     <span class='ocr_line' id='line_1_8' title="bbox 602 667 3522 749; baseline -0 -16"><span class='ocrx_word' id='word_1_84' title='bbox 602 674 893 735; x_wconf 89' lang='lat' dir='ltr'>Musicam</span> <span class='ocrx_word' id='word_1_85' title='bbox 934 671 1370 734; x_wconf 86' lang='lat' dir='ltr'>excercentium</span> <span class='ocrx_word' id='word_1_86' title='bbox 1409 671 1606 749; x_wconf 89' lang='lat' dir='ltr'>plures</span> <span class='ocrx_word' id='word_1_87' title='bbox 1644 670 1831 730; x_wconf 79' lang='lat' dir='ltr'>multo</span> <span class='ocrx_word' id='word_1_88' title='bbox 1866 667 2082 730; x_wconf 84' lang='lat' dir='ltr'>fuerint</span> <span class='ocrx_word' id='word_1_89' title='bbox 2095 713 2114 748; x_wconf 85' lang='lat'>,</span> <span class='ocrx_word' id='word_1_90' title='bbox 2135 679 2200 730; x_wconf 84' lang='lat' dir='ltr'>vt</span> <span class='ocrx_word' id='word_1_91' title='bbox 2217 689 2291 731; x_wconf 89' lang='lat' dir='ltr'>ex</span> <span class='ocrx_word' id='word_1_92' title='bbox 2319 690 2369 732; x_wconf 84' lang='lat' dir='ltr'>r.</span> <span class='ocrx_word' id='word_1_93' title='bbox 2394 670 2624 732; x_wconf 89' lang='lat' dir='ltr'>Chron.</span> <span class='ocrx_word' id='word_1_94' title='bbox 2651 686 2741 748; x_wconf 84' lang='lat'>15.</span> <span class='ocrx_word' id='word_1_95' title='bbox 2759 672 2967 749; x_wconf 90' lang='lat' dir='ltr'>(quem</span> <span class='ocrx_word' id='word_1_96' title='bbox 2986 673 3192 732; x_wconf 90' lang='lat' dir='ltr'>locum</span> <span class='ocrx_word' id='word_1_97' title='bbox 3211 671 3522 733; x_wconf 85' lang='lat' dir='ltr'>adducunt</span> 
     </span>
     <span class='ocr_line' id='line_1_9' title="bbox 602 749 3516 832; baseline -0.001 -16"><span class='ocrx_word' id='word_1_98' title='bbox 602 755 805 832; x_wconf 83' lang='lat' dir='ltr'>vulgo)</span> <span class='ocrx_word' id='word_1_99' title='bbox 859 754 1263 831; x_wconf 79' lang='lat' dir='ltr'>confirmatur,</span> <span class='ocrx_word' id='word_1_100' title='bbox 1316 755 1371 812; x_wconf 77' lang='grc' dir='ltr'>δι</span> <span class='ocrx_word' id='word_1_101' title='bbox 1424 749 1754 812; x_wconf 78' lang='lat' dir='ltr'>secundum</span> <span class='ocrx_word' id='word_1_102' title='bbox 1812 761 2044 828; x_wconf 82' lang='lat' dir='ltr'>portas,</span> <span class='ocrx_word' id='word_1_103' title='bbox 2093 769 2167 811; x_wconf 85' lang='lat' dir='ltr'>ac</span> <span class='ocrx_word' id='word_1_104' title='bbox 2217 767 2340 810; x_wconf 91' lang='lat' dir='ltr'>non</span> <span class='ocrx_word' id='word_1_105' title='bbox 2393 751 2721 812; x_wconf 77' lang='lat' dir='ltr'>secundum</span> <span class='ocrx_word' id='word_1_106' title='bbox 2763 751 2980 830; x_wconf 88' lang='lat' dir='ltr'>gradus</span> <span class='ocrx_word' id='word_1_107' title='bbox 3019 749 3198 812; x_wconf 81' lang='lat' dir='ltr'>fuisse</span> <span class='ocrx_word' id='word_1_108' title='bbox 3239 752 3516 813; x_wconf 85' lang='lat' dir='ltr'>dicantur</span> 
     </span>
     <span class='ocr_line' id='line_1_10' title="bbox 600 828 3520 910; baseline -0.001 -15"><span class='ocrx_word' id='word_1_109' title='bbox 600 833 1041 896; x_wconf 76' lang='lat' dir='ltr'>distributiones</span> <span class='ocrx_word' id='word_1_110' title='bbox 1077 831 1314 892; x_wconf 88' lang='lat' dir='ltr'>illorum</span> <span class='ocrx_word' id='word_1_111' title='bbox 1352 829 1605 910; x_wconf 82' lang='lat' dir='ltr'>passim:</span> <span class='ocrx_word' id='word_1_112' title='bbox 1650 848 1773 892; x_wconf 90' lang='lat' dir='ltr'>non</span> <span class='ocrx_word' id='word_1_113' title='bbox 1811 828 1987 890; x_wconf 78' lang='lat' dir='ltr'>video</span> <span class='ocrx_word' id='word_1_114' title='bbox 2027 845 2151 907; x_wconf 91' lang='lat' dir='ltr'>quo</span> <span class='ocrx_word' id='word_1_115' title='bbox 2186 839 2364 909; x_wconf 86' lang='lat' dir='ltr'>pacto</span> <span class='ocrx_word' id='word_1_116' title='bbox 2396 849 2491 890; x_wconf 89' lang='lat' dir='ltr'>res</span> <span class='ocrx_word' id='word_1_117' title='bbox 2520 829 2668 892; x_wconf 88' lang='lat' dir='ltr'>istae</span> <span class='ocrx_word' id='word_1_118' title='bbox 2701 830 3028 894; x_wconf 85' lang='lat' dir='ltr'>differentia</span> <span class='ocrx_word' id='word_1_119' title='bbox 3061 840 3184 892; x_wconf 86' lang='lat' dir='ltr'>tam</span> <span class='ocrx_word' id='word_1_120' title='bbox 3205 831 3520 910; x_wconf 68' lang='lat' dir='ltr'>perspicua</span> 
     </span>
     <span class='ocr_line' id='line_1_11' title="bbox 598 908 3522 1004; baseline -0.001 -28"><span class='ocrx_word' id='word_1_121' title='bbox 598 915 907 978; x_wconf 81' lang='lat' dir='ltr'>distinctae</span> <span class='ocrx_word' id='word_1_122' title='bbox 946 912 1231 974; x_wconf 80' lang='lat' dir='ltr'>confundi</span> <span class='ocrx_word' id='word_1_123' title='bbox 1276 911 1524 1004; x_wconf 80' lang='lat' dir='ltr'>possint.</span> <span class='ocrx_word' id='word_1_124' title='bbox 1572 910 1758 988; x_wconf 87' lang='lat' dir='ltr'>Quod</span> <span class='ocrx_word' id='word_1_125' title='bbox 1796 920 1997 971; x_wconf 86' lang='lat' dir='ltr'>autern</span> <span class='ocrx_word' id='word_1_126' title='bbox 2035 909 2115 969; x_wconf 89' lang='lat' dir='ltr'>ad</span> <span class='ocrx_word' id='word_1_127' title='bbox 2155 908 2322 972; x_wconf 91' lang='lat' dir='ltr'>illum</span> <span class='ocrx_word' id='word_1_128' title='bbox 2361 911 2687 972; x_wconf 88' lang='lat' dir='ltr'>Nehemiae</span> <span class='ocrx_word' id='word_1_129' title='bbox 2724 913 2930 974; x_wconf 87' lang='lat' dir='ltr'>locum</span> <span class='ocrx_word' id='word_1_130' title='bbox 2943 957 2962 992; x_wconf 81' lang='lat'>,</span> <span class='ocrx_word' id='word_1_131' title='bbox 3000 921 3232 973; x_wconf 76' lang='lat' dir='ltr'>tantum</span> <span class='ocrx_word' id='word_1_132' title='bbox 3267 913 3434 974; x_wconf 70' lang='lat' dir='ltr'>abest</span> <span class='ocrx_word' id='word_1_133' title='bbox 3455 924 3522 972; x_wconf 91' lang='lat' dir='ltr'>vt</span> 
     </span>
     <span class='ocr_line' id='line_1_12' title="bbox 600 987 3514 1071; baseline -0.001 -14"><span class='ocrx_word' id='word_1_134' title='bbox 600 996 675 1057; x_wconf 91' lang='lat' dir='ltr'>de</span> <span class='ocrx_word' id='word_1_135' title='bbox 718 1015 783 1056; x_wconf 91' lang='lat' dir='ltr'>re</span> <span class='ocrx_word' id='word_1_136' title='bbox 820 993 1045 1056; x_wconf 90' lang='lat' dir='ltr'>musica</span> <span class='ocrx_word' id='word_1_137' title='bbox 1082 1011 1303 1071; x_wconf 82' lang='lat' dir='ltr'>exponi</span> <span class='ocrx_word' id='word_1_138' title='bbox 1341 991 1554 1070; x_wconf 77' lang='lat' dir='ltr'>possit,</span> <span class='ocrx_word' id='word_1_139' title='bbox 1592 991 1729 1052; x_wconf 74' lang='lat' dir='ltr'>cuin</span> <span class='ocrx_word' id='word_1_140' title='bbox 1770 987 2016 1050; x_wconf 82' lang='lat' dir='ltr'>Leuitae</span> <span class='ocrx_word' id='word_1_141' title='bbox 2055 989 2331 1068; x_wconf 84' lang='lat' dir='ltr'>occupati</span> <span class='ocrx_word' id='word_1_142' title='bbox 2369 989 2545 1052; x_wconf 83' lang='lat' dir='ltr'>fuisse</span> <span class='ocrx_word' id='word_1_143' title='bbox 2587 990 2865 1053; x_wconf 90' lang='lat' dir='ltr'>dicuntur</span> <span class='ocrx_word' id='word_1_144' title='bbox 2903 991 2966 1054; x_wconf 90' lang='lat' dir='ltr'>in</span> <span class='ocrx_word' id='word_1_145' title='bbox 2995 991 3366 1054; x_wconf 86' lang='lat' dir='ltr'>sanctissimo</span> <span class='ocrx_word' id='word_1_146' title='bbox 3408 991 3514 1053; x_wconf 90' lang='lat' dir='ltr'>illo</span> 
     </span>
     <span class='ocr_line' id='line_1_13' title="bbox 598 1069 3517 1150; baseline -0.002 -13"><span class='ocrx_word' id='word_1_147' title='bbox 598 1073 955 1150; x_wconf 76' lang='lat' dir='ltr'>ministeriu,</span> <span class='ocrx_word' id='word_1_148' title='bbox 1003 1085 1067 1134; x_wconf 86' lang='lat' dir='ltr'>vt</span> <span class='ocrx_word' id='word_1_149' title='bbox 1122 1075 1331 1134; x_wconf 80' lang='lat' dir='ltr'>contra</span> <span class='ocrx_word' id='word_1_150' title='bbox 1378 1091 1453 1134; x_wconf 89' lang='lat' dir='ltr'>ex</span> <span class='ocrx_word' id='word_1_151' title='bbox 1486 1071 1668 1150; x_wconf 87' lang='lat' dir='ltr'>ipsius</span> <span class='ocrx_word' id='word_1_152' title='bbox 1707 1069 1915 1148; x_wconf 88' lang='lat' dir='ltr'>capitis</span> <span class='ocrx_word' id='word_1_153' title='bbox 1954 1081 2306 1150; x_wconf 86' lang='lat' dir='ltr'>argumento</span> <span class='ocrx_word' id='word_1_154' title='bbox 2349 1071 2406 1130; x_wconf 78' lang='grc' dir='ltr'>δι</span> <span class='ocrx_word' id='word_1_155' title='bbox 2444 1071 2780 1134; x_wconf 79' lang='lat' dir='ltr'>narratione</span> <span class='ocrx_word' id='word_1_156' title='bbox 2832 1083 2958 1133; x_wconf 86' lang='lat' dir='ltr'>tota</span> <span class='ocrx_word' id='word_1_157' title='bbox 2998 1083 3233 1136; x_wconf 89' lang='lat' dir='ltr'>constet</span> <span class='ocrx_word' id='word_1_158' title='bbox 3273 1072 3517 1134; x_wconf 89' lang='lat' dir='ltr'>euiden-</span> 
     </span>
     <span class='ocr_line' id='line_1_14' title="bbox 596 1149 3516 1234; baseline -0.001 -17"><span class='ocrx_word' id='word_1_159' title='bbox 596 1154 817 1218; x_wconf 76' lang='lat' dir='ltr'>tissime</span> <span class='ocrx_word' id='word_1_160' title='bbox 832 1201 850 1234; x_wconf 85' lang='lat'>,</span> <span class='ocrx_word' id='word_1_161' title='bbox 890 1153 1035 1216; x_wconf 89' lang='lat' dir='ltr'>nihil</span> <span class='ocrx_word' id='word_1_162' title='bbox 1075 1165 1201 1214; x_wconf 89' lang='lat' dir='ltr'>tum</span> <span class='ocrx_word' id='word_1_163' title='bbox 1241 1153 1320 1214; x_wconf 87' lang='lat' dir='ltr'>ad</span> <span class='ocrx_word' id='word_1_164' title='bbox 1364 1151 1647 1230; x_wconf 75' lang='lat' dir='ltr'>musicam</span> <span class='ocrx_word' id='word_1_165' title='bbox 1662 1195 1680 1228; x_wconf 80' lang='grc'><em>,</em></span> <span class='ocrx_word' id='word_1_166' title='bbox 1720 1149 1828 1212; x_wconf 89' lang='lat' dir='ltr'>sed</span> <span class='ocrx_word' id='word_1_167' title='bbox 1864 1149 2068 1210; x_wconf 82' lang='lat' dir='ltr'>omnia</span> <span class='ocrx_word' id='word_1_168' title='bbox 2103 1150 2184 1211; x_wconf 88' lang='lat' dir='ltr'>ad</span> <span class='ocrx_word' id='word_1_169' title='bbox 2221 1151 2483 1212; x_wconf 87' lang='lat' dir='ltr'>flebilem</span> <span class='ocrx_word' id='word_1_170' title='bbox 2522 1153 2750 1212; x_wconf 89' lang='lat' dir='ltr'>luctum</span> <span class='ocrx_word' id='word_1_171' title='bbox 2790 1151 2967 1214; x_wconf 86' lang='lat' dir='ltr'>fuisse</span> <span class='ocrx_word' id='word_1_172' title='bbox 2987 1153 3320 1232; x_wconf 85' lang='lat' dir='ltr'>composita</span> <span class='ocrx_word' id='word_1_173' title='bbox 3334 1197 3354 1232; x_wconf 77' lang='lat'>,</span> <span class='ocrx_word' id='word_1_174' title='bbox 3374 1170 3516 1214; x_wconf 89' lang='lat' dir='ltr'>cum</span> 
     </span>
     <span class='ocr_line' id='line_1_15' title="bbox 595 1229 3520 1315; baseline -0.001 -18"><span class='ocrx_word' id='word_1_175' title='bbox 595 1237 853 1315; x_wconf 88' lang='lat' dir='ltr'>populus</span> <span class='ocrx_word' id='word_1_176' title='bbox 891 1245 1050 1295; x_wconf 88' lang='lat' dir='ltr'>totus</span> <span class='ocrx_word' id='word_1_177' title='bbox 1090 1233 1169 1294; x_wconf 88' lang='lat' dir='ltr'>ad</span> <span class='ocrx_word' id='word_1_178' title='bbox 1208 1229 1493 1293; x_wconf 85' lang='lat' dir='ltr'>ieiunium</span> <span class='ocrx_word' id='word_1_179' title='bbox 1533 1229 2036 1310; x_wconf 85' lang='lat' dir='ltr'>religiosissimum</span> <span class='ocrx_word' id='word_1_180' title='bbox 2077 1232 2134 1291; x_wconf 78' lang='grc' dir='ltr'>δι</span> <span class='ocrx_word' id='word_1_181' title='bbox 2172 1229 2600 1292; x_wconf 86' lang='lat' dir='ltr'>sanctissimam</span> <span class='ocrx_word' id='word_1_182' title='bbox 2641 1233 3079 1295; x_wconf 86' lang='lat' dir='ltr'>confessionem</span> <span class='ocrx_word' id='word_1_183' title='bbox 3119 1243 3520 1310; x_wconf 87' lang='lat' dir='ltr'>peccatorum</span> 
     </span>
     <span class='ocr_line' id='line_1_16' title="bbox 598 1309 3518 1390; baseline -0.001 -13"><span class='ocrx_word' id='word_1_184' title='bbox 598 1326 841 1377; x_wconf 88' lang='lat' dir='ltr'>vocatus</span> <span class='ocrx_word' id='word_1_185' title='bbox 899 1324 1067 1376; x_wconf 88' lang='lat' dir='ltr'>esset.</span> <span class='ocrx_word' id='word_1_186' title='bbox 1127 1315 1284 1374; x_wconf 89' lang='lat' dir='ltr'>Nam</span> <span class='ocrx_word' id='word_1_187' title='bbox 1343 1330 1481 1373; x_wconf 90' lang='lat' dir='ltr'>cum</span> <span class='ocrx_word' id='word_1_188' title='bbox 1519 1311 1582 1373; x_wconf 92' lang='lat' dir='ltr'>in</span> <span class='ocrx_word' id='word_1_189' title='bbox 1621 1311 1837 1372; x_wconf 88' lang='lat' dir='ltr'>eodem</span> <span class='ocrx_word' id='word_1_190' title='bbox 1878 1310 2250 1372; x_wconf 87' lang='lat' dir='ltr'>Psalmorum</span> <span class='ocrx_word' id='word_1_191' title='bbox 2283 1309 2439 1373; x_wconf 89' lang='lat' dir='ltr'>libro</span> <span class='ocrx_word' id='word_1_192' title='bbox 2481 1312 2686 1373; x_wconf 88' lang='lat' dir='ltr'>fideles</span> <span class='ocrx_word' id='word_1_193' title='bbox 2723 1314 3142 1390; x_wconf 81' lang='lat' dir='ltr'>pronuncient,</span> <span class='ocrx_word' id='word_1_194' title='bbox 3183 1311 3518 1390; x_wconf 84' lang='lat' dir='ltr'>Quomodo</span> 
     </span>
     <span class='ocr_line' id='line_1_17' title="bbox 596 1389 3522 1472; baseline -0.001 -15"><span class='ocrx_word' id='word_1_195' title='bbox 596 1394 888 1457; x_wconf 88' lang='lat' dir='ltr'>cantaturi</span> <span class='ocrx_word' id='word_1_196' title='bbox 924 1411 1185 1455; x_wconf 86' lang='lat' dir='ltr'>essemus</span> <span class='ocrx_word' id='word_1_197' title='bbox 1224 1391 1521 1454; x_wconf 87' lang='lat' dir='ltr'>canticum</span> <span class='ocrx_word' id='word_1_198' title='bbox 1561 1393 1820 1454; x_wconf 86' lang='lat' dir='ltr'>Iehouae</span> <span class='ocrx_word' id='word_1_199' title='bbox 1860 1389 1922 1450; x_wconf 91' lang='lat' dir='ltr'>in</span> <span class='ocrx_word' id='word_1_200' title='bbox 1960 1389 2204 1470; x_wconf 85' lang='lat' dir='ltr'>regione</span> <span class='ocrx_word' id='word_1_201' title='bbox 2243 1401 2474 1471; x_wconf 82' lang='lat' dir='ltr'>extera,</span> <span class='ocrx_word' id='word_1_202' title='bbox 2518 1391 2582 1453; x_wconf 89' lang='lat' dir='ltr'>id</span> <span class='ocrx_word' id='word_1_203' title='bbox 2621 1402 2739 1470; x_wconf 88' lang='lat' dir='ltr'>est,</span> <span class='ocrx_word' id='word_1_204' title='bbox 2777 1391 2840 1453; x_wconf 92' lang='lat' dir='ltr'>in</span> <span class='ocrx_word' id='word_1_205' title='bbox 2881 1394 3000 1454; x_wconf 89' lang='lat' dir='ltr'>hoc</span> <span class='ocrx_word' id='word_1_206' title='bbox 3037 1393 3202 1454; x_wconf 90' lang='lat' dir='ltr'>luctu</span> <span class='ocrx_word' id='word_1_207' title='bbox 3239 1392 3522 1472; x_wconf 84' lang='lat' dir='ltr'>publico:</span> 
     </span>
     <span class='ocr_line' id='line_1_18' title="bbox 595 1468 3420 1556; baseline -0.002 -18"><span class='ocrx_word' id='word_1_208' title='bbox 595 1477 727 1556; x_wconf 89' lang='lat' dir='ltr'>quis</span> <span class='ocrx_word' id='word_1_209' title='bbox 765 1487 932 1554; x_wconf 88' lang='lat' dir='ltr'>putet</span> <span class='ocrx_word' id='word_1_210' title='bbox 970 1475 1103 1536; x_wconf 91' lang='lat' dir='ltr'>illos</span> <span class='ocrx_word' id='word_1_211' title='bbox 1141 1472 1405 1535; x_wconf 90' lang='lat' dir='ltr'>eiusdem</span> <span class='ocrx_word' id='word_1_212' title='bbox 1445 1471 1677 1551; x_wconf 83' lang='lat' dir='ltr'>pietatis</span> <span class='ocrx_word' id='word_1_213' title='bbox 1716 1470 1779 1532; x_wconf 93' lang='lat' dir='ltr'>in</span> <span class='ocrx_word' id='word_1_214' title='bbox 1818 1471 2006 1531; x_wconf 86' lang='lat' dir='ltr'>altero</span> <span class='ocrx_word' id='word_1_215' title='bbox 2047 1471 2208 1532; x_wconf 90' lang='lat' dir='ltr'>luctu</span> <span class='ocrx_word' id='word_1_216' title='bbox 2223 1515 2242 1550; x_wconf 85' lang='lat'>,</span> <span class='ocrx_word' id='word_1_217' title='bbox 2281 1480 2476 1550; x_wconf 84' lang='lat' dir='ltr'>eoque</span> <span class='ocrx_word' id='word_1_218' title='bbox 2512 1470 2896 1534; x_wconf 88' lang='lat' dir='ltr'>acerbissimo</span> <span class='ocrx_word' id='word_1_219' title='bbox 2913 1519 2932 1552; x_wconf 90' lang='lat'>,</span> <span class='ocrx_word' id='word_1_220' title='bbox 2971 1472 3196 1535; x_wconf 87' lang='lat' dir='ltr'>oblitos</span> <span class='ocrx_word' id='word_1_221' title='bbox 3251 1468 3420 1536; x_wconf 70' lang='lat' dir='ltr'>esse?</span> 
     </span>
    </p>

    <p class='ocr_par' dir='ltr' id='par_1_2' title="bbox 580 1547 3520 3719">
     <span class='ocr_line' id='line_1_19' title="bbox 672 1547 3516 1646; baseline -0.002 -26"><span class='ocrx_word' id='word_1_222' title='bbox 672 1559 812 1620; x_wconf 89' lang='lat' dir='ltr'>Hac</span> <span class='ocrx_word' id='word_1_223' title='bbox 848 1556 1025 1635; x_wconf 89' lang='lat' dir='ltr'>igitur</span> <span class='ocrx_word' id='word_1_224' title='bbox 1062 1553 1540 1646; x_wconf 85' lang='lat' dir='ltr'>interpretatione</span> <span class='ocrx_word' id='word_1_225' title='bbox 1580 1549 1797 1614; x_wconf 60' lang='lat' dir='ltr'>omiss&amp;⁴</span> <span class='ocrx_word' id='word_1_226' title='bbox 1808 1595 1830 1643; x_wconf 71' lang='lat'><em>2</em></span> <span class='ocrx_word' id='word_1_227' title='bbox 1870 1559 2133 1611; x_wconf 83' lang='lat' dir='ltr'>statuunt</span> <span class='ocrx_word' id='word_1_228' title='bbox 2171 1547 2267 1628; x_wconf 90' lang='lat' dir='ltr'>alij</span> <span class='ocrx_word' id='word_1_229' title='bbox 2287 1552 2612 1614; x_wconf 87' lang='lat' dir='ltr'>adscensus</span> <span class='ocrx_word' id='word_1_230' title='bbox 2631 1553 2910 1614; x_wconf 89' lang='lat' dir='ltr'>hocloco</span> <span class='ocrx_word' id='word_1_231' title='bbox 2931 1552 3230 1614; x_wconf 89' lang='lat' dir='ltr'>denotari:</span> <span class='ocrx_word' id='word_1_232' title='bbox 3256 1569 3516 1631; x_wconf 90' lang='lat' dir='ltr'>quorum</span> 
     </span>
     <span class='ocr_line' id='line_1_20' title="bbox 595 1629 3514 1712; baseline -0.003 -10"><span class='ocrx_word' id='word_1_233' title='bbox 595 1641 987 1702; x_wconf 86' lang='lat' dir='ltr'>adscensuum</span> <span class='ocrx_word' id='word_1_234' title='bbox 1029 1633 1443 1696; x_wconf 82' lang='lat' dir='ltr'>occasionibus</span> <span class='ocrx_word' id='word_1_235' title='bbox 1484 1629 2038 1695; x_wconf 76' lang='lat' dir='ltr'>circumscribendis</span> <span class='ocrx_word' id='word_1_236' title='bbox 2077 1630 2430 1708; x_wconf 89' lang='lat' dir='ltr'>discrepant.</span> <span class='ocrx_word' id='word_1_237' title='bbox 2473 1631 2556 1692; x_wconf 90' lang='lat' dir='ltr'>Hi</span> <span class='ocrx_word' id='word_1_238' title='bbox 2597 1631 2756 1692; x_wconf 87' lang='lat' dir='ltr'>enim</span> <span class='ocrx_word' id='word_1_239' title='bbox 2789 1633 2903 1694; x_wconf 84' lang='lat' dir='ltr'>hos</span> <span class='ocrx_word' id='word_1_240' title='bbox 2925 1634 3193 1694; x_wconf 87' lang='lat' dir='ltr'>Psalmos</span> <span class='ocrx_word' id='word_1_241' title='bbox 3211 1631 3514 1712; x_wconf 82' lang='lat' dir='ltr'>pertinere</span> 
     </span>
     <span class='ocr_line' id='line_1_21' title="bbox 595 1708 3520 1799; baseline -0.003 -19"><span class='ocrx_word' id='word_1_242' title='bbox 595 1730 803 1799; x_wconf 90' lang='lat' dir='ltr'>putant</span> <span class='ocrx_word' id='word_1_243' title='bbox 839 1718 918 1778; x_wconf 89' lang='lat' dir='ltr'>ad</span> <span class='ocrx_word' id='word_1_244' title='bbox 958 1715 1055 1776; x_wconf 88' lang='lat' dir='ltr'>illa</span> <span class='ocrx_word' id='word_1_245' title='bbox 1093 1725 1364 1792; x_wconf 90' lang='lat' dir='ltr'>tempora</span> <span class='ocrx_word' id='word_1_246' title='bbox 1378 1758 1395 1784; x_wconf 83' lang='grc'>.,</span> <span class='ocrx_word' id='word_1_247' title='bbox 1435 1712 1649 1792; x_wconf 88' lang='lat' dir='ltr'>quibus</span> <span class='ocrx_word' id='word_1_248' title='bbox 1691 1709 1769 1791; x_wconf 87' lang='lat' dir='ltr'>pij</span> <span class='ocrx_word' id='word_1_249' title='bbox 1810 1708 2025 1788; x_wconf 80' lang='lat' dir='ltr'>singuli</span> <span class='ocrx_word' id='word_1_250' title='bbox 2042 1712 2076 1770; x_wconf 78' lang='lat' dir='ltr'>e</span> <span class='ocrx_word' id='word_1_251' title='bbox 2095 1709 2213 1772; x_wconf 89' lang='lat' dir='ltr'>suis</span> <span class='ocrx_word' id='word_1_252' title='bbox 2235 1711 2582 1772; x_wconf 87' lang='lat' dir='ltr'>stationibus</span> <span class='ocrx_word' id='word_1_253' title='bbox 2601 1711 3048 1774; x_wconf 83' lang='lat' dir='ltr'>adscendebant</span> <span class='ocrx_word' id='word_1_254' title='bbox 3069 1712 3520 1792; x_wconf 76' lang='lat' dir='ltr'>Hierosolyma,</span> 
     </span>
     <span class='ocr_line' id='line_1_22' title="bbox 596 1789 3516 1878; baseline -0.001 -18"><span class='ocrx_word' id='word_1_255' title='bbox 596 1797 914 1878; x_wconf 84' lang='lat' dir='ltr'>apparituri</span> <span class='ocrx_word' id='word_1_256' title='bbox 961 1793 1192 1857; x_wconf 84' lang='lat' dir='ltr'>solenni</span> <span class='ocrx_word' id='word_1_257' title='bbox 1241 1791 1424 1854; x_wconf 90' lang='lat' dir='ltr'>modo</span> <span class='ocrx_word' id='word_1_258' title='bbox 1478 1813 1683 1854; x_wconf 90' lang='lat' dir='ltr'>coram</span> <span class='ocrx_word' id='word_1_259' title='bbox 1735 1790 1883 1852; x_wconf 88' lang='lat' dir='ltr'>facie</span> <span class='ocrx_word' id='word_1_260' title='bbox 1938 1789 2216 1852; x_wconf 85' lang='lat' dir='ltr'>Domini:</span> <span class='ocrx_word' id='word_1_261' title='bbox 2262 1808 2442 1869; x_wconf 90' lang='lat' dir='ltr'>quem</span> <span class='ocrx_word' id='word_1_262' title='bbox 2481 1791 2658 1852; x_wconf 90' lang='lat' dir='ltr'>ritum</span> <span class='ocrx_word' id='word_1_263' title='bbox 2697 1793 2800 1852; x_wconf 85' lang='lat' dir='ltr'>lex</span> <span class='ocrx_word' id='word_1_264' title='bbox 2838 1792 3020 1854; x_wconf 90' lang='lat' dir='ltr'>docet</span> <span class='ocrx_word' id='word_1_265' title='bbox 3059 1791 3516 1874; x_wconf 75' lang='lat' dir='ltr'>quamplurimis</span> 
     </span>
     <span class='ocr_line' id='line_1_23' title="bbox 595 1871 3520 1964; baseline -0.002 -25"><span class='ocrx_word' id='word_1_266' title='bbox 595 1880 745 1941; x_wconf 91' lang='lat' dir='ltr'>locis</span> <span class='ocrx_word' id='word_1_267' title='bbox 761 1924 779 1950; x_wconf 78' lang='lat'>,</span> <span class='ocrx_word' id='word_1_268' title='bbox 834 1881 890 1939; x_wconf 88' lang='lat'>&amp;</span> <span class='ocrx_word' id='word_1_269' title='bbox 934 1875 1229 1953; x_wconf 88' lang='lat' dir='ltr'>Propheta</span> <span class='ocrx_word' id='word_1_270' title='bbox 1271 1875 1529 1934; x_wconf 87' lang='lat' dir='ltr'>celebrat</span> <span class='ocrx_word' id='word_1_271' title='bbox 1570 1874 1803 1934; x_wconf 87' lang='lat' dir='ltr'>Psalmo</span> <span class='ocrx_word' id='word_1_272' title='bbox 1848 1889 1945 1944; x_wconf 86' lang='lat'>42.</span> <span class='ocrx_word' id='word_1_273' title='bbox 1987 1872 2043 1931; x_wconf 73' lang='lat'>81</span> <span class='ocrx_word' id='word_1_274' title='bbox 2085 1871 2182 1944; x_wconf 87' lang='lat'>84.</span> <span class='ocrx_word' id='word_1_275' title='bbox 2223 1873 2279 1932; x_wconf 73' lang='lat'>81</span> <span class='ocrx_word' id='word_1_276' title='bbox 2326 1891 2458 1950; x_wconf 82' lang='lat'>132.</span> <span class='ocrx_word' id='word_1_277' title='bbox 2477 1876 2482 1884; x_wconf 89' lang='lat'>&#39;</span> <span class='ocrx_word' id='word_1_278' title='bbox 2501 1873 2888 1964; x_wconf 76' lang='lat' dir='ltr'>exemplaque</span> <span class='ocrx_word' id='word_1_279' title='bbox 2932 1873 3156 1935; x_wconf 86' lang='lat' dir='ltr'>docent</span> <span class='ocrx_word' id='word_1_280' title='bbox 3193 1872 3255 1934; x_wconf 89' lang='lat' dir='ltr'>in</span> <span class='ocrx_word' id='word_1_281' title='bbox 3293 1874 3520 1934; x_wconf 88' lang='lat' dir='ltr'>Vetere</span> 
     </span>
     <span class='ocr_line' id='line_1_24' title="bbox 594 1950 3514 2032; baseline -0.003 -10"><span class='ocrx_word' id='word_1_282' title='bbox 594 1963 650 2022; x_wconf 90' lang='lat'>&amp;</span> <span class='ocrx_word' id='word_1_283' title='bbox 689 1961 868 2020; x_wconf 89' lang='lat' dir='ltr'>Nouo</span> <span class='ocrx_word' id='word_1_284' title='bbox 921 1958 1302 2018; x_wconf 90' lang='lat' dir='ltr'>Testamento</span> <span class='ocrx_word' id='word_1_285' title='bbox 1356 1953 1593 2032; x_wconf 85' lang='lat' dir='ltr'>passim.</span> <span class='ocrx_word' id='word_1_286' title='bbox 1649 1951 1741 2013; x_wconf 90' lang='lat' dir='ltr'>Illi</span> <span class='ocrx_word' id='word_1_287' title='bbox 1795 1955 1937 2011; x_wconf 78' lang='lat' dir='ltr'>vero</span> <span class='ocrx_word' id='word_1_288' title='bbox 1979 1950 2057 2011; x_wconf 86' lang='lat' dir='ltr'>ad</span> <span class='ocrx_word' id='word_1_289' title='bbox 2095 1961 2331 2030; x_wconf 88' lang='lat' dir='ltr'>tempus</span> <span class='ocrx_word' id='word_1_290' title='bbox 2372 1951 2725 2013; x_wconf 80' lang='lat' dir='ltr'>reuersionis</span> <span class='ocrx_word' id='word_1_291' title='bbox 2765 1971 2840 2013; x_wconf 89' lang='lat' dir='ltr'>ex</span> <span class='ocrx_word' id='word_1_292' title='bbox 2881 1951 3207 2030; x_wconf 84' lang='lat' dir='ltr'>Babylonia</span> <span class='ocrx_word' id='word_1_293' title='bbox 3245 1952 3514 2014; x_wconf 80' lang='lat' dir='ltr'>iudicant</span> 
     </span>
     <span class='ocr_line' id='line_1_25' title="bbox 591 2030 3516 2118; baseline -0.003 -16"><span class='ocrx_word' id='word_1_294' title='bbox 591 2039 909 2118; x_wconf 86' lang='lat' dir='ltr'>pertinere:</span> <span class='ocrx_word' id='word_1_295' title='bbox 953 2037 1077 2098; x_wconf 91' lang='lat' dir='ltr'>siue</span> <span class='ocrx_word' id='word_1_296' title='bbox 1116 2044 1179 2094; x_wconf 88' lang='lat' dir='ltr'>vt</span> <span class='ocrx_word' id='word_1_297' title='bbox 1219 2034 1646 2096; x_wconf 85' lang='lat' dir='ltr'>adscendentes</span> <span class='ocrx_word' id='word_1_298' title='bbox 1680 2031 2101 2106; x_wconf 85' lang='lat' dir='ltr'>Hierosolyma</span> <span class='ocrx_word' id='word_1_299' title='bbox 2119 2051 2184 2091; x_wconf 89' lang='lat' dir='ltr'>se</span> <span class='ocrx_word' id='word_1_300' title='bbox 2205 2031 2296 2091; x_wconf 90' lang='lat' dir='ltr'>his</span> <span class='ocrx_word' id='word_1_301' title='bbox 2318 2030 2798 2093; x_wconf 88' lang='lat' dir='ltr'>meditationibus</span> <span class='ocrx_word' id='word_1_302' title='bbox 2818 2031 3038 2094; x_wconf 87' lang='lat' dir='ltr'>sanctis</span> <span class='ocrx_word' id='word_1_303' title='bbox 3056 2034 3516 2112; x_wconf 74' lang='lat' dir='ltr'>confirmarent,</span> 
     </span>
     <span class='ocr_line' id='line_1_26' title="bbox 589 2109 3514 2198; baseline -0.002 -18"><span class='ocrx_word' id='word_1_304' title='bbox 589 2119 807 2198; x_wconf 87' lang='lat' dir='ltr'>aliique</span> <span class='ocrx_word' id='word_1_305' title='bbox 860 2116 1009 2178; x_wconf 90' lang='lat' dir='ltr'>alios</span> <span class='ocrx_word' id='word_1_306' title='bbox 1056 2116 1208 2176; x_wconf 90' lang='lat' dir='ltr'>inter</span> <span class='ocrx_word' id='word_1_307' title='bbox 1255 2133 1319 2174; x_wconf 86' lang='lat' dir='ltr'>se</span> <span class='ocrx_word' id='word_1_308' title='bbox 1367 2115 1745 2176; x_wconf 89' lang='lat' dir='ltr'>hortarentur</span> <span class='ocrx_word' id='word_1_309' title='bbox 1758 2158 1775 2190; x_wconf 82' lang='grc'><em>,</em></span> <span class='ocrx_word' id='word_1_310' title='bbox 1831 2109 1955 2170; x_wconf 89' lang='lat' dir='ltr'>siue</span> <span class='ocrx_word' id='word_1_311' title='bbox 2009 2121 2074 2170; x_wconf 84' lang='lat' dir='ltr'>vt</span> <span class='ocrx_word' id='word_1_312' title='bbox 2125 2109 2486 2173; x_wconf 86' lang='lat' dir='ltr'>liberationis</span> <span class='ocrx_word' id='word_1_313' title='bbox 2526 2109 2678 2172; x_wconf 90' lang='lat' dir='ltr'>illius</span> <span class='ocrx_word' id='word_1_314' title='bbox 2720 2112 2984 2174; x_wconf 87' lang='lat' dir='ltr'>diuinam</span> <span class='ocrx_word' id='word_1_315' title='bbox 3023 2113 3375 2174; x_wconf 84' lang='lat' dir='ltr'>memoriam</span> <span class='ocrx_word' id='word_1_316' title='bbox 3417 2112 3514 2174; x_wconf 89' lang='lat' dir='ltr'>his</span> 
     </span>
     <span class='ocr_line' id='line_1_27' title="bbox 588 2191 3514 2272; baseline -0.002 -12"><span class='ocrx_word' id='word_1_317' title='bbox 588 2199 768 2262; x_wconf 88' lang='lat' dir='ltr'>sacris</span> <span class='ocrx_word' id='word_1_318' title='bbox 831 2195 1204 2259; x_wconf 88' lang='lat' dir='ltr'>cantionibus</span> <span class='ocrx_word' id='word_1_319' title='bbox 1259 2193 1859 2270; x_wconf 78' lang='lat' dir='ltr'>meditationibusque</span> <span class='ocrx_word' id='word_1_320' title='bbox 1912 2191 2259 2253; x_wconf 86' lang='lat' dir='ltr'>recolerent.</span> <span class='ocrx_word' id='word_1_321' title='bbox 2309 2193 2536 2253; x_wconf 81' lang='lat' dir='ltr'>Veriim</span> <span class='ocrx_word' id='word_1_322' title='bbox 2589 2193 2727 2253; x_wconf 74' lang='lat' dir='ltr'>cum</span> <span class='ocrx_word' id='word_1_323' title='bbox 2783 2193 3027 2254; x_wconf 86' lang='lat' dir='ltr'>istarum</span> <span class='ocrx_word' id='word_1_324' title='bbox 3081 2211 3281 2254; x_wconf 89' lang='lat' dir='ltr'>rerum</span> <span class='ocrx_word' id='word_1_325' title='bbox 3297 2237 3316 2272; x_wconf 81' lang='lat'>,</span> <span class='ocrx_word' id='word_1_326' title='bbox 3382 2203 3514 2254; x_wconf 81' lang='lat' dir='ltr'>vtut</span> 
     </span>
     <span class='ocr_line' id='line_1_28' title="bbox 590 2267 3509 2372; baseline -0.002 -32"><span class='ocrx_word' id='word_1_327' title='bbox 590 2280 895 2372; x_wconf 84' lang='lat' dir='ltr'>speciosae</span> <span class='ocrx_word' id='word_1_328' title='bbox 948 2277 1092 2347; x_wconf 86' lang='lat' dir='ltr'>sint,</span> <span class='ocrx_word' id='word_1_329' title='bbox 1146 2273 1376 2335; x_wconf 89' lang='lat' dir='ltr'>nullum</span> <span class='ocrx_word' id='word_1_330' title='bbox 1425 2274 1735 2352; x_wconf 84' lang='lat' dir='ltr'>vestigium</span> <span class='ocrx_word' id='word_1_331' title='bbox 1774 2271 1835 2332; x_wconf 90' lang='lat' dir='ltr'>in</span> <span class='ocrx_word' id='word_1_332' title='bbox 1875 2267 2174 2360; x_wconf 77' lang='lat' dir='ltr'>scripturis</span> <span class='ocrx_word' id='word_1_333' title='bbox 2213 2282 2586 2350; x_wconf 72' lang='lat' dir='ltr'>compareat,</span> <span class='ocrx_word' id='word_1_334' title='bbox 2627 2270 2774 2334; x_wconf 87' lang='lat' dir='ltr'>mihi</span> <span class='ocrx_word' id='word_1_335' title='bbox 2813 2272 3021 2352; x_wconf 87' lang='lat' dir='ltr'>religio</span> <span class='ocrx_word' id='word_1_336' title='bbox 3061 2283 3153 2335; x_wconf 88' lang='lat' dir='ltr'>est</span> <span class='ocrx_word' id='word_1_337' title='bbox 3193 2293 3269 2334; x_wconf 91' lang='lat' dir='ltr'>ex</span> <span class='ocrx_word' id='word_1_338' title='bbox 3309 2291 3509 2334; x_wconf 90' lang='lat' dir='ltr'>narra·</span> 
     </span>
     <span class='ocr_line' id='line_1_29' title="bbox 588 2349 3507 2431; baseline -0.002 -11"><span class='ocrx_word' id='word_1_339' title='bbox 588 2361 851 2422; x_wconf 88' lang='lat' dir='ltr'>tionibus</span> <span class='ocrx_word' id='word_1_340' title='bbox 890 2353 1204 2431; x_wconf 91' lang='lat' dir='ltr'>eiusmodi,</span> <span class='ocrx_word' id='word_1_341' title='bbox 1242 2371 1390 2430; x_wconf 88' lang='lat' dir='ltr'>quas</span> <span class='ocrx_word' id='word_1_342' title='bbox 1422 2355 1552 2416; x_wconf 85' lang='lat' dir='ltr'>sola</span> <span class='ocrx_word' id='word_1_343' title='bbox 1570 2354 1909 2416; x_wconf 87' lang='lat' dir='ltr'>coniectura</span> <span class='ocrx_word' id='word_1_344' title='bbox 1930 2351 2146 2427; x_wconf 80' lang='lat' dir='ltr'>gignit,</span> <span class='ocrx_word' id='word_1_345' title='bbox 2168 2349 2682 2428; x_wconf 88' lang='lat' dir='ltr'>interpretationes</span> <span class='ocrx_word' id='word_1_346' title='bbox 2703 2353 2912 2414; x_wconf 84' lang='lat' dir='ltr'>afferre</span> <span class='ocrx_word' id='word_1_347' title='bbox 2925 2397 2945 2430; x_wconf 84' lang='lat'>,</span> <span class='ocrx_word' id='word_1_348' title='bbox 2965 2355 3022 2415; x_wconf 84' lang='lat'>&amp;</span> <span class='ocrx_word' id='word_1_349' title='bbox 3041 2371 3139 2414; x_wconf 86' lang='lat' dir='ltr'>res</span> <span class='ocrx_word' id='word_1_350' title='bbox 3161 2353 3507 2431; x_wconf 83' lang='lat' dir='ltr'>probandas</span> 
     </span>
     <span class='ocr_line' id='line_1_30' title="bbox 588 2429 3509 2518; baseline -0.002 -18"><span class='ocrx_word' id='word_1_351' title='bbox 588 2448 873 2518; x_wconf 77' lang='lat' dir='ltr'>tanquam</span> <span class='ocrx_word' id='word_1_352' title='bbox 912 2440 1193 2517; x_wconf 84' lang='lat' dir='ltr'>probatas</span> <span class='ocrx_word' id='word_1_353' title='bbox 1234 2433 1291 2495; x_wconf 86' lang='lat'>&amp;</span> <span class='ocrx_word' id='word_1_354' title='bbox 1330 2446 1663 2515; x_wconf 73' lang='lat' dir='ltr'>compertas</span> <span class='ocrx_word' id='word_1_355' title='bbox 1703 2433 1765 2495; x_wconf 89' lang='lat' dir='ltr'>in</span> <span class='ocrx_word' id='word_1_356' title='bbox 1801 2431 1864 2508; x_wconf 86' lang='lat' dir='ltr'>(f.</span> <span class='ocrx_word' id='word_1_357' title='bbox 1907 2429 2050 2506; x_wconf 86' lang='lat'>681)</span> <span class='ocrx_word' id='word_1_358' title='bbox 2091 2429 2355 2493; x_wconf 87' lang='lat' dir='ltr'>medium</span> <span class='ocrx_word' id='word_1_359' title='bbox 2395 2431 2713 2495; x_wconf 87' lang='lat' dir='ltr'>adducere.</span> <span class='ocrx_word' id='word_1_360' title='bbox 2754 2431 2991 2511; x_wconf 86' lang='lat' dir='ltr'>Quodsi</span> <span class='ocrx_word' id='word_1_361' title='bbox 3033 2452 3108 2495; x_wconf 92' lang='lat' dir='ltr'>ex</span> <span class='ocrx_word' id='word_1_362' title='bbox 3149 2431 3509 2496; x_wconf 87' lang='lat' dir='ltr'>coniecturis</span> 
     </span>
     <span class='ocr_line' id='line_1_31' title="bbox 589 2512 3510 2599; baseline -0.003 -18"><span class='ocrx_word' id='word_1_363' title='bbox 589 2522 784 2583; x_wconf 87' lang='lat' dir='ltr'>solum</span> <span class='ocrx_word' id='word_1_364' title='bbox 824 2518 1121 2599; x_wconf 91' lang='lat' dir='ltr'>agendum</span> <span class='ocrx_word' id='word_1_365' title='bbox 1148 2525 1303 2577; x_wconf 86' lang='lat' dir='ltr'>esset</span> <span class='ocrx_word' id='word_1_366' title='bbox 1316 2558 1335 2595; x_wconf 82' lang='lat'>‚</span> <span class='ocrx_word' id='word_1_367' title='bbox 1378 2516 1615 2577; x_wconf 81' lang='lat' dir='ltr'>mallem</span> <span class='ocrx_word' id='word_1_368' title='bbox 1653 2515 1998 2576; x_wconf 88' lang='lat' dir='ltr'>Hebraeam</span> <span class='ocrx_word' id='word_1_369' title='bbox 2037 2530 2252 2572; x_wconf 87' lang='lat' dir='ltr'>vocem</span> <span class='ocrx_word' id='word_1_370' title='bbox 2290 2512 2600 2573; x_wconf 65' lang='lat' dir='ltr'>adscensus</span> <span class='ocrx_word' id='word_1_371' title='bbox 2639 2512 2884 2590; x_wconf 90' lang='lat' dir='ltr'>quidem</span> <span class='ocrx_word' id='word_1_372' title='bbox 2927 2531 3256 2592; x_wconf 80' lang='lat' dir='ltr'>exponere,</span> <span class='ocrx_word' id='word_1_373' title='bbox 3300 2512 3407 2574; x_wconf 89' lang='lat' dir='ltr'>sed</span> <span class='ocrx_word' id='word_1_374' title='bbox 3425 2512 3510 2573; x_wconf 88' lang='lat' dir='ltr'>ita</span> 
     </span>
     <span class='ocr_line' id='line_1_32' title="bbox 586 2588 3503 2689; baseline -0.003 -28"><span class='ocrx_word' id='word_1_375' title='bbox 586 2610 650 2661; x_wconf 85' lang='lat' dir='ltr'>vt</span> <span class='ocrx_word' id='word_1_376' title='bbox 693 2601 769 2661; x_wconf 92' lang='lat' dir='ltr'>de</span> <span class='ocrx_word' id='word_1_377' title='bbox 810 2596 1051 2679; x_wconf 87' lang='lat' dir='ltr'>spiritali</span> <span class='ocrx_word' id='word_1_378' title='bbox 1088 2594 1325 2689; x_wconf 84' lang='lat' dir='ltr'>piorum</span> <span class='ocrx_word' id='word_1_379' title='bbox 1372 2596 1683 2657; x_wconf 90' lang='lat' dir='ltr'>euectione</span> <span class='ocrx_word' id='word_1_380' title='bbox 1722 2594 1803 2655; x_wconf 82' lang='lat' dir='ltr'>ad</span> <span class='ocrx_word' id='word_1_381' title='bbox 1834 2588 2165 2652; x_wconf 88' lang='lat' dir='ltr'>Dominum</span> <span class='ocrx_word' id='word_1_382' title='bbox 2205 2590 2404 2671; x_wconf 87' lang='lat' dir='ltr'>potius</span> <span class='ocrx_word' id='word_1_383' title='bbox 2442 2596 2625 2670; x_wconf 75' lang='lat' dir='ltr'>quarn</span> <span class='ocrx_word' id='word_1_384' title='bbox 2665 2592 2742 2654; x_wconf 93' lang='lat' dir='ltr'>de</span> <span class='ocrx_word' id='word_1_385' title='bbox 2783 2594 3083 2673; x_wconf 87' lang='lat' dir='ltr'>corporali</span> <span class='ocrx_word' id='word_1_386' title='bbox 3125 2604 3296 2655; x_wconf 89' lang='lat' dir='ltr'>motu</span> <span class='ocrx_word' id='word_1_387' title='bbox 3334 2592 3503 2653; x_wconf 90' lang='lat' dir='ltr'>intel·</span> 
     </span>
     <span class='ocr_line' id='line_1_33' title="bbox 587 2670 3510 2760; baseline -0.002 -20"><span class='ocrx_word' id='word_1_388' title='bbox 587 2680 887 2760; x_wconf 86' lang='lat' dir='ltr'>ligeretur:</span> <span class='ocrx_word' id='word_1_389' title='bbox 927 2696 1065 2757; x_wconf 83' lang='lat' dir='ltr'>quae</span> <span class='ocrx_word' id='word_1_390' title='bbox 1102 2675 1506 2753; x_wconf 86' lang='lat' dir='ltr'>interpretatio</span> <span class='ocrx_word' id='word_1_391' title='bbox 1541 2692 1681 2735; x_wconf 90' lang='lat' dir='ltr'>cum</span> <span class='ocrx_word' id='word_1_392' title='bbox 1720 2692 1792 2737; x_wconf 86' lang='lat' dir='ltr'>ea</span> <span class='ocrx_word' id='word_1_393' title='bbox 1830 2671 1960 2749; x_wconf 82' lang='lat' dir='ltr'>ipsa</span> <span class='ocrx_word' id='word_1_394' title='bbox 1997 2688 2179 2747; x_wconf 89' lang='lat' dir='ltr'>quam</span> <span class='ocrx_word' id='word_1_395' title='bbox 2217 2690 2330 2733; x_wconf 88' lang='lat' dir='ltr'>nos</span> <span class='ocrx_word' id='word_1_396' title='bbox 2372 2670 2787 2750; x_wconf 86' lang='lat' dir='ltr'>amplectimur</span> <span class='ocrx_word' id='word_1_397' title='bbox 2829 2672 3310 2735; x_wconf 86' lang='lat' dir='ltr'>conuenientiam</span> <span class='ocrx_word' id='word_1_398' title='bbox 3352 2684 3510 2733; x_wconf 90' lang='lat' dir='ltr'>esset</span> 
     </span>
     <span class='ocr_line' id='line_1_34' title="bbox 588 2750 3509 2835; baseline -0.003 -13"><span class='ocrx_word' id='word_1_399' title='bbox 588 2761 875 2822; x_wconf 81' lang='lat' dir='ltr'>habitura.</span> <span class='ocrx_word' id='word_1_400' title='bbox 932 2758 1033 2819; x_wconf 90' lang='lat' dir='ltr'>Sin</span> <span class='ocrx_word' id='word_1_401' title='bbox 1066 2754 1285 2835; x_wconf 87' lang='lat' dir='ltr'>gradus</span> <span class='ocrx_word' id='word_1_402' title='bbox 1339 2754 1503 2817; x_wconf 88' lang='lat' dir='ltr'>malit</span> <span class='ocrx_word' id='word_1_403' title='bbox 1554 2754 1685 2831; x_wconf 85' lang='lat' dir='ltr'>quis</span> <span class='ocrx_word' id='word_1_404' title='bbox 1736 2751 2016 2829; x_wconf 80' lang='lat' dir='ltr'>reddere,</span> <span class='ocrx_word' id='word_1_405' title='bbox 2063 2761 2128 2812; x_wconf 84' lang='lat' dir='ltr'>vt</span> <span class='ocrx_word' id='word_1_406' title='bbox 2165 2750 2324 2814; x_wconf 84' lang='lat' dir='ltr'>Esai.</span> <span class='ocrx_word' id='word_1_407' title='bbox 2405 2753 2462 2813; x_wconf 91' lang='lat'>8.</span> <span class='ocrx_word' id='word_1_408' title='bbox 2503 2753 2613 2813; x_wconf 88' lang='lat' dir='ltr'>hos</span> <span class='ocrx_word' id='word_1_409' title='bbox 2655 2753 2920 2815; x_wconf 83' lang='lat' dir='ltr'>Psalmos</span> <span class='ocrx_word' id='word_1_410' title='bbox 2955 2752 3288 2815; x_wconf 86' lang='lat' dir='ltr'>secundum</span> <span class='ocrx_word' id='word_1_411' title='bbox 3326 2753 3509 2813; x_wconf 86' lang='lat' dir='ltr'>horas</span> 
     </span>
     <span class='ocr_line' id='line_1_35' title="bbox 590 2827 3504 2911; baseline -0.003 -9"><span class='ocrx_word' id='word_1_412' title='bbox 590 2838 807 2902; x_wconf 88' lang='lat' dir='ltr'>solario</span> <span class='ocrx_word' id='word_1_413' title='bbox 862 2837 1167 2899; x_wconf 86' lang='lat' dir='ltr'>distinctas</span> <span class='ocrx_word' id='word_1_414' title='bbox 1214 2844 1481 2897; x_wconf 88' lang='lat' dir='ltr'>cantatos</span> <span class='ocrx_word' id='word_1_415' title='bbox 1536 2833 1597 2895; x_wconf 90' lang='lat' dir='ltr'>in</span> <span class='ocrx_word' id='word_1_416' title='bbox 1644 2836 1871 2911; x_wconf 88' lang='lat' dir='ltr'>templo</span> <span class='ocrx_word' id='word_1_417' title='bbox 1920 2827 2172 2892; x_wconf 82' lang='lat' dir='ltr'>dixerim</span> <span class='ocrx_word' id='word_1_418' title='bbox 2219 2836 2326 2909; x_wconf 87' lang='lat' dir='ltr'>(vt·</span> <span class='ocrx_word' id='word_1_419' title='bbox 2463 2832 2702 2894; x_wconf 87' lang='lat' dir='ltr'>Psalmo</span> <span class='ocrx_word' id='word_1_420' title='bbox 2745 2852 2842 2894; x_wconf 81' lang='lat'>22.</span> <span class='ocrx_word' id='word_1_421' title='bbox 2880 2843 3127 2894; x_wconf 88' lang='lat' dir='ltr'>testatur</span> <span class='ocrx_word' id='word_1_422' title='bbox 3167 2831 3504 2911; x_wconf 88' lang='lat' dir='ltr'>inscriptio)</span> 
     </span>
     <span class='ocr_line' id='line_1_36' title="bbox 584 2908 3504 2999; baseline -0.003 -16"><span class='ocrx_word' id='word_1_423' title='bbox 584 2931 724 2999; x_wconf 88' lang='lat' dir='ltr'>post</span> <span class='ocrx_word' id='word_1_424' title='bbox 750 2917 1153 2982; x_wconf 89' lang='lat' dir='ltr'>reuersionem</span> <span class='ocrx_word' id='word_1_425' title='bbox 1186 2914 1510 2993; x_wconf 84' lang='lat' dir='ltr'>Babylone.</span> <span class='ocrx_word' id='word_1_426' title='bbox 1550 2912 1665 2975; x_wconf 89' lang='lat' dir='ltr'>His</span> <span class='ocrx_word' id='word_1_427' title='bbox 1696 2913 1895 2992; x_wconf 81' lang='lat' dir='ltr'>itaque</span> <span class='ocrx_word' id='word_1_428' title='bbox 1934 2908 2215 2972; x_wconf 89' lang='lat' dir='ltr'>omnibus</span> <span class='ocrx_word' id='word_1_429' title='bbox 2255 2910 2486 2972; x_wconf 87' lang='lat' dir='ltr'>omissis</span> <span class='ocrx_word' id='word_1_430' title='bbox 2523 2909 2850 2975; x_wconf 88' lang='lat' dir='ltr'>iudicamus</span> <span class='ocrx_word' id='word_1_431' title='bbox 2885 2914 3172 2974; x_wconf 89' lang='lat' dir='ltr'>Hebraea</span> <span class='ocrx_word' id='word_1_432' title='bbox 3203 2932 3357 2975; x_wconf 79' lang='lat' dir='ltr'>voce</span> <span class='ocrx_word' id='word_1_433' title='bbox 3376 2930 3504 2973; x_wconf 90' lang='lat' dir='ltr'>non</span> 
     </span>
     <span class='ocr_line' id='line_1_37' title="bbox 580 2989 3513 3077; baseline -0.003 -17"><span class='ocrx_word' id='word_1_434' title='bbox 580 3002 849 3077; x_wconf 80' lang='lat' dir='ltr'>gradus,</span> <span class='ocrx_word' id='word_1_435' title='bbox 898 3009 1001 3060; x_wconf 93' lang='lat' dir='ltr'>aut</span> <span class='ocrx_word' id='word_1_436' title='bbox 1049 2998 1360 3058; x_wconf 83' lang='lat' dir='ltr'>adscensus</span> <span class='ocrx_word' id='word_1_437' title='bbox 1374 3039 1392 3073; x_wconf 84' lang='lat'>‚</span> <span class='ocrx_word' id='word_1_438' title='bbox 1434 2992 1541 3055; x_wconf 89' lang='lat' dir='ltr'>sed</span> <span class='ocrx_word' id='word_1_439' title='bbox 1580 2995 1941 3055; x_wconf 72' lang='lat' dir='ltr'>excellentias</span> <span class='ocrx_word' id='word_1_440' title='bbox 1981 2992 2070 3067; x_wconf 90' lang='lat' dir='ltr'>(vt</span> <span class='ocrx_word' id='word_1_441' title='bbox 2109 2993 2247 3052; x_wconf 77' lang='lat' dir='ltr'>ante</span> <span class='ocrx_word' id='word_1_442' title='bbox 2289 2989 2567 3067; x_wconf 86' lang='lat' dir='ltr'>diximus)</span> <span class='ocrx_word' id='word_1_443' title='bbox 2607 2990 2898 3055; x_wconf 84' lang='lat' dir='ltr'>denotari.</span> <span class='ocrx_word' id='word_1_444' title='bbox 2949 2994 3140 3055; x_wconf 84' lang='lat' dir='ltr'>Moris</span> <span class='ocrx_word' id='word_1_445' title='bbox 3180 3004 3270 3055; x_wconf 90' lang='lat' dir='ltr'>est</span> <span class='ocrx_word' id='word_1_446' title='bbox 3309 3002 3513 3053; x_wconf 84' lang='lat' dir='ltr'>autern</span> 
     </span>
     <span class='ocr_line' id='line_1_38' title="bbox 587 3068 3518 3159; baseline -0.003 -17"><span class='ocrx_word' id='word_1_447' title='bbox 587 3080 749 3159; x_wconf 86' lang='lat' dir='ltr'>apud</span> <span class='ocrx_word' id='word_1_448' title='bbox 798 3081 1108 3142; x_wconf 84' lang='lat' dir='ltr'>Hebraeos</span> <span class='ocrx_word' id='word_1_449' title='bbox 1130 3122 1147 3155; x_wconf 86' lang='lat'>‚</span> <span class='ocrx_word' id='word_1_450' title='bbox 1196 3084 1261 3135; x_wconf 86' lang='lat' dir='ltr'>vt</span> <span class='ocrx_word' id='word_1_451' title='bbox 1314 3092 1467 3153; x_wconf 87' lang='lat' dir='ltr'>quae</span> <span class='ocrx_word' id='word_1_452' title='bbox 1507 3072 1568 3135; x_wconf 91' lang='lat' dir='ltr'>in</span> <span class='ocrx_word' id='word_1_453' title='bbox 1608 3090 1844 3135; x_wconf 88' lang='lat' dir='ltr'>summo</span> <span class='ocrx_word' id='word_1_454' title='bbox 1898 3074 1954 3133; x_wconf 86' lang='lat'>&amp;</span> <span class='ocrx_word' id='word_1_455' title='bbox 1995 3068 2356 3150; x_wconf 84' lang='lat' dir='ltr'>superlatiuo</span> <span class='ocrx_word' id='word_1_456' title='bbox 2399 3075 2489 3150; x_wconf 88' lang='lat' dir='ltr'>(vt</span> <span class='ocrx_word' id='word_1_457' title='bbox 2525 3073 2871 3149; x_wconf 89' lang='lat' dir='ltr'>loquuntur)</span> <span class='ocrx_word' id='word_1_458' title='bbox 2911 3072 3102 3153; x_wconf 85' lang='lat' dir='ltr'>gradu</span> <span class='ocrx_word' id='word_1_459' title='bbox 3143 3071 3518 3133; x_wconf 88' lang='lat' dir='ltr'>enuncianda</span> 
     </span>
     <span class='ocr_line' id='line_1_39' title="bbox 586 3149 3516 3245; baseline -0.004 -23"><span class='ocrx_word' id='word_1_460' title='bbox 586 3171 749 3240; x_wconf 84' lang='lat' dir='ltr'>sunt,</span> <span class='ocrx_word' id='word_1_461' title='bbox 788 3178 861 3222; x_wconf 90' lang='lat' dir='ltr'>ea</span> <span class='ocrx_word' id='word_1_462' title='bbox 900 3154 1279 3220; x_wconf 90' lang='lat' dir='ltr'>substantiuis</span> <span class='ocrx_word' id='word_1_463' title='bbox 1319 3152 1661 3217; x_wconf 89' lang='lat' dir='ltr'>nominibus</span> <span class='ocrx_word' id='word_1_464' title='bbox 1680 3152 1920 3245; x_wconf 79' lang='lat' dir='ltr'>pluralis</span> <span class='ocrx_word' id='word_1_465' title='bbox 1948 3150 2180 3212; x_wconf 89' lang='lat' dir='ltr'>numeri</span> <span class='ocrx_word' id='word_1_466' title='bbox 2211 3149 2630 3231; x_wconf 79' lang='lat' dir='ltr'>exprimantur.</span> <span class='ocrx_word' id='word_1_467' title='bbox 2667 3150 2767 3213; x_wconf 87' lang='lat' dir='ltr'>Sic</span> <span class='ocrx_word' id='word_1_468' title='bbox 2786 3152 3099 3215; x_wconf 85' lang='lat' dir='ltr'>Canticum</span> <span class='ocrx_word' id='word_1_469' title='bbox 3120 3151 3516 3231; x_wconf 84' lang='lat' dir='ltr'>canticorum,</span> 
     </span>
     <span class='ocr_line' id='line_1_40' title="bbox 590 3229 3512 3319; baseline -0.003 -18"><span class='ocrx_word' id='word_1_470' title='bbox 590 3243 747 3302; x_wconf 92' lang='lat' dir='ltr'>Dan.</span> <span class='ocrx_word' id='word_1_471' title='bbox 786 3261 845 3319; x_wconf 85' lang='lat'>9.</span> <span class='ocrx_word' id='word_1_472' title='bbox 885 3239 942 3300; x_wconf 75' lang='grc' dir='ltr'>δι</span> <span class='ocrx_word' id='word_1_473' title='bbox 988 3258 1081 3300; x_wconf 87' lang='lat' dir='ltr'>ro.</span> <span class='ocrx_word' id='word_1_474' title='bbox 1122 3238 1421 3299; x_wconf 83' lang='lat' dir='ltr'>desertum</span> <span class='ocrx_word' id='word_1_475' title='bbox 1463 3234 1919 3311; x_wconf 72' lang='lat' dir='ltr'>desolationum,</span> <span class='ocrx_word' id='word_1_476' title='bbox 1956 3232 2168 3293; x_wconf 90' lang='lat' dir='ltr'>Ierem.</span> <span class='ocrx_word' id='word_1_477' title='bbox 2217 3250 2308 3292; x_wconf 85' lang='lat'>12.</span> <span class='ocrx_word' id='word_1_478' title='bbox 2349 3232 2532 3293; x_wconf 84' lang='lat' dir='ltr'>verba</span> <span class='ocrx_word' id='word_1_479' title='bbox 2552 3229 2738 3311; x_wconf 81' lang='lat' dir='ltr'>venti,</span> <span class='ocrx_word' id='word_1_480' title='bbox 2759 3234 2893 3294; x_wconf 91' lang='lat' dir='ltr'>Iob.</span> <span class='ocrx_word' id='word_1_481' title='bbox 2921 3233 3011 3294; x_wconf 89' lang='lat'>16.</span> <span class='ocrx_word' id='word_1_482' title='bbox 3035 3231 3272 3293; x_wconf 87' lang='lat' dir='ltr'>nimbus</span> <span class='ocrx_word' id='word_1_483' title='bbox 3291 3248 3512 3293; x_wconf 84' lang='lat' dir='ltr'>vocum</span> 
     </span>
     <span class='ocr_line' id='line_1_41' title="bbox 590 3309 3510 3399; baseline -0.004 -17"><span class='ocrx_word' id='word_1_484' title='bbox 590 3321 723 3383; x_wconf 95' lang='lat' dir='ltr'>Iob.</span> <span class='ocrx_word' id='word_1_485' title='bbox 764 3322 861 3399; x_wconf 82' lang='lat'>38.</span> <span class='ocrx_word' id='word_1_486' title='bbox 942 3318 1115 3380; x_wconf 82' lang='lat' dir='ltr'>uibus</span> <span class='ocrx_word' id='word_1_487' title='bbox 1145 3316 1209 3378; x_wconf 90' lang='lat' dir='ltr'>in</span> <span class='ocrx_word' id='word_1_488' title='bbox 1229 3316 1344 3379; x_wconf 84' lang='lat' dir='ltr'>isto</span> <span class='ocrx_word' id='word_1_489' title='bbox 1364 3332 1583 3395; x_wconf 83' lang='lat' dir='ltr'>genere</span> <span class='ocrx_word' id='word_1_490' title='bbox 1602 3312 1745 3375; x_wconf 92' lang='lat' dir='ltr'>nihil</span> <span class='ocrx_word' id='word_1_491' title='bbox 1764 3312 2100 3391; x_wconf 83' lang='lat' dir='ltr'>comparari</span> <span class='ocrx_word' id='word_1_492' title='bbox 2119 3310 2322 3389; x_wconf 87' lang='lat' dir='ltr'>possit.</span> <span class='ocrx_word' id='word_1_493' title='bbox 2343 3329 2416 3371; x_wconf 83' lang='lat' dir='ltr'>ac</span> <span class='ocrx_word' id='word_1_494' title='bbox 2436 3309 2691 3389; x_wconf 88' lang='lat' dir='ltr'>proinde</span> <span class='ocrx_word' id='word_1_495' title='bbox 2718 3311 3020 3373; x_wconf 82' lang='lat' dir='ltr'>Canticum</span> <span class='ocrx_word' id='word_1_496' title='bbox 3038 3315 3510 3373; x_wconf 58' lang='lat' dir='ltr'>excellentiorem</span> 
     </span>
     <span class='ocr_line' id='line_1_42' title="bbox 588 3338 3510 3478; baseline -0.003 -17"><span class='ocrx_word' id='word_1_497' title='bbox 588 3401 701 3463; x_wconf 89' lang='lat' dir='ltr'>illis</span> <span class='ocrx_word' id='word_1_498' title='bbox 740 3402 877 3462; x_wconf 83' lang='lat' dir='ltr'>ciim</span> <span class='ocrx_word' id='word_1_499' title='bbox 898 3338 1146 3478; x_wconf 56' lang='lat' dir='ltr'>(dicitur,</span> <span class='ocrx_word' id='word_1_500' title='bbox 1182 3406 1307 3458; x_wconf 90' lang='lat' dir='ltr'>tam</span> <span class='ocrx_word' id='word_1_501' title='bbox 1344 3404 1517 3457; x_wconf 84' lang='lat' dir='ltr'>sonat</span> <span class='ocrx_word' id='word_1_502' title='bbox 1562 3394 1742 3472; x_wconf 71' lang='lat' dir='ltr'>quain</span> <span class='ocrx_word' id='word_1_503' title='bbox 1782 3389 1999 3453; x_wconf 81' lang='lat' dir='ltr'>dixeris</span> <span class='ocrx_word' id='word_1_504' title='bbox 2040 3391 2600 3469; x_wconf 77' lang='lat' dir='ltr'>excellentissimum,</span> <span class='ocrx_word' id='word_1_505' title='bbox 2642 3392 2736 3453; x_wconf 86' lang='lat' dir='ltr'>vel</span> <span class='ocrx_word' id='word_1_506' title='bbox 2784 3390 2964 3453; x_wconf 80' lang='lat' dir='ltr'>Omni</span> <span class='ocrx_word' id='word_1_507' title='bbox 2977 3392 3312 3453; x_wconf 65' lang='lat' dir='ltr'>excellentia</span> <span class='ocrx_word' id='word_1_508' title='bbox 3333 3396 3510 3469; x_wconf 87' lang='lat' dir='ltr'>(quae</span> 
     </span>
     <span class='ocr_line' id='line_1_43' title="bbox 586 3470 3514 3560; baseline -0.004 -17"><span class='ocrx_word' id='word_1_509' title='bbox 586 3480 831 3560; x_wconf 88' lang='lat' dir='ltr'>quidem</span> <span class='ocrx_word' id='word_1_510' title='bbox 870 3482 1008 3541; x_wconf 77' lang='lat' dir='ltr'>vere</span> <span class='ocrx_word' id='word_1_511' title='bbox 1050 3476 1397 3541; x_wconf 83' lang='lat' dir='ltr'>excellentia</span> <span class='ocrx_word' id='word_1_512' title='bbox 1434 3478 1548 3551; x_wconf 71' lang='lat' dir='ltr'>est)</span> <span class='ocrx_word' id='word_1_513' title='bbox 1570 3474 1648 3534; x_wconf 70' lang='grc' dir='ltr'>ὁ·</span> <span class='ocrx_word' id='word_1_514' title='bbox 1660 3470 2032 3551; x_wconf 65' lang='lat' dir='ltr'>praestantia</span> <span class='ocrx_word' id='word_1_515' title='bbox 2049 3470 2276 3531; x_wconf 69' lang='lat' dir='ltr'>summa</span> <span class='ocrx_word' id='word_1_516' title='bbox 2293 3473 2660 3531; x_wconf 75' lang='lat' dir='ltr'>instructum.</span> <span class='ocrx_word' id='word_1_517' title='bbox 2680 3473 2880 3549; x_wconf 88' lang='lat' dir='ltr'>Atque</span> <span class='ocrx_word' id='word_1_518' title='bbox 2901 3472 3050 3533; x_wconf 85' lang='lat' dir='ltr'>haec</span> <span class='ocrx_word' id='word_1_519' title='bbox 3071 3471 3476 3551; x_wconf 86' lang='lat' dir='ltr'>interpretatio</span> <span class='ocrx_word' id='word_1_520' title='bbox 3495 3515 3514 3548; x_wconf 80' lang='lat'>,</span> 
     </span>
     <span class='ocr_line' id='line_1_44' title="bbox 587 3548 3506 3639; baseline -0.004 -17"><span class='ocrx_word' id='word_1_521' title='bbox 587 3560 728 3639; x_wconf 90' lang='lat' dir='ltr'>quia</span> <span class='ocrx_word' id='word_1_522' title='bbox 766 3560 897 3621; x_wconf 88' lang='lat' dir='ltr'>vsui</span> <span class='ocrx_word' id='word_1_523' title='bbox 924 3560 1343 3621; x_wconf 87' lang='lat' dir='ltr'>Hebraeorum</span> <span class='ocrx_word' id='word_1_524' title='bbox 1378 3552 1683 3617; x_wconf 90' lang='lat' dir='ltr'>communi</span> <span class='ocrx_word' id='word_1_525' title='bbox 1701 3550 1950 3615; x_wconf 87' lang='lat' dir='ltr'>omnino</span> <span class='ocrx_word' id='word_1_526' title='bbox 1972 3550 2321 3629; x_wconf 81' lang='lat' dir='ltr'>respondet,</span> <span class='ocrx_word' id='word_1_527' title='bbox 2344 3550 2400 3609; x_wconf 75' lang='grc' dir='ltr'>δι</span> <span class='ocrx_word' id='word_1_528' title='bbox 2421 3550 2700 3612; x_wconf 86' lang='lat' dir='ltr'>omnibus</span> <span class='ocrx_word' id='word_1_529' title='bbox 2720 3550 3080 3615; x_wconf 86' lang='lat' dir='ltr'>coniecturis</span> <span class='ocrx_word' id='word_1_530' title='bbox 3101 3548 3506 3613; x_wconf 88' lang='lat' dir='ltr'>narrationum</span> 
     </span>
     <span class='ocr_line' id='line_1_45' title="bbox 586 3630 2364 3719; baseline -0.006 -16"><span class='ocrx_word' id='word_1_531' title='bbox 586 3644 997 3719; x_wconf 79' lang='lat' dir='ltr'>factorumque</span> <span class='ocrx_word' id='word_1_532' title='bbox 1036 3650 1229 3717; x_wconf 80' lang='lat' dir='ltr'>caret,</span> <span class='ocrx_word' id='word_1_533' title='bbox 1268 3634 1413 3699; x_wconf 88' lang='lat' dir='ltr'>mihi</span> <span class='ocrx_word' id='word_1_534' title='bbox 1454 3632 1723 3697; x_wconf 89' lang='lat' dir='ltr'>omnium</span> <span class='ocrx_word' id='word_1_535' title='bbox 1762 3632 2050 3711; x_wconf 87' lang='lat' dir='ltr'>probatur</span> <span class='ocrx_word' id='word_1_536' title='bbox 2090 3630 2364 3692; x_wconf 77' lang='lat' dir='ltr'>maxime.</span> 
     </span>
    </p>

    <p class='ocr_par' dir='ltr' id='par_1_3' title="bbox 582 3708 3516 3951">
     <span class='ocr_line' id='line_1_46' title="bbox 664 3708 3516 3793; baseline -0.004 -12"><span class='ocrx_word' id='word_1_537' title='bbox 664 3722 805 3783; x_wconf 91' lang='lat' dir='ltr'>Non</span> <span class='ocrx_word' id='word_1_538' title='bbox 843 3736 977 3783; x_wconf 88' lang='lat' dir='ltr'>sum</span> <span class='ocrx_word' id='word_1_539' title='bbox 1014 3717 1246 3783; x_wconf 84' lang='lat' dir='ltr'>nescius</span> <span class='ocrx_word' id='word_1_540' title='bbox 1288 3719 1449 3789; x_wconf 86' lang='lat' dir='ltr'>fore,</span> <span class='ocrx_word' id='word_1_541' title='bbox 1489 3713 1595 3793; x_wconf 91' lang='lat' dir='ltr'>qui</span> <span class='ocrx_word' id='word_1_542' title='bbox 1622 3710 1905 3793; x_wconf 83' lang='lat' dir='ltr'>obiiciant</span> <span class='ocrx_word' id='word_1_543' title='bbox 1946 3709 2198 3771; x_wconf 89' lang='lat' dir='ltr'>eandem</span> <span class='ocrx_word' id='word_1_544' title='bbox 2239 3726 2481 3788; x_wconf 91' lang='lat' dir='ltr'>quoque</span> <span class='ocrx_word' id='word_1_545' title='bbox 2519 3710 2648 3771; x_wconf 83' lang='lat' dir='ltr'>aliis</span> <span class='ocrx_word' id='word_1_546' title='bbox 2689 3708 2932 3788; x_wconf 83' lang='lat' dir='ltr'>psalmis</span> <span class='ocrx_word' id='word_1_547' title='bbox 2966 3712 3023 3771; x_wconf 78' lang='grc' dir='ltr'>δι</span> <span class='ocrx_word' id='word_1_548' title='bbox 3051 3710 3301 3773; x_wconf 85' lang='lat' dir='ltr'>canticis</span> <span class='ocrx_word' id='word_1_549' title='bbox 3336 3709 3516 3770; x_wconf 85' lang='lat' dir='ltr'>sacris</span> 
     </span>
     <span class='ocr_line' id='line_1_47' title="bbox 582 3788 3510 3875; baseline -0.005 -12"><span class='ocrx_word' id='word_1_550' title='bbox 582 3802 773 3863; x_wconf 88' lang='lat' dir='ltr'>inesse</span> <span class='ocrx_word' id='word_1_551' title='bbox 794 3798 1200 3863; x_wconf 86' lang='lat' dir='ltr'>excellentiam</span> <span class='ocrx_word' id='word_1_552' title='bbox 1212 3800 1269 3859; x_wconf 82' lang='lat'>&amp;</span> <span class='ocrx_word' id='word_1_553' title='bbox 1290 3815 1400 3875; x_wconf 89' lang='lat' dir='ltr'>pro</span> <span class='ocrx_word' id='word_1_554' title='bbox 1444 3806 1604 3857; x_wconf 70' lang='lat' dir='ltr'>terea</span> <span class='ocrx_word' id='word_1_555' title='bbox 1623 3792 1893 3870; x_wconf 87' lang='lat' dir='ltr'>iniquum</span> <span class='ocrx_word' id='word_1_556' title='bbox 1914 3808 2062 3869; x_wconf 86' lang='lat' dir='ltr'>esse,</span> <span class='ocrx_word' id='word_1_557' title='bbox 2085 3799 2147 3850; x_wconf 90' lang='lat' dir='ltr'>vt</span> <span class='ocrx_word' id='word_1_558' title='bbox 2165 3808 2308 3867; x_wconf 87' lang='lat' dir='ltr'>prae</span> <span class='ocrx_word' id='word_1_559' title='bbox 2327 3789 2440 3849; x_wconf 85' lang='lat' dir='ltr'>illis</span> <span class='ocrx_word' id='word_1_560' title='bbox 2461 3788 2844 3851; x_wconf 83' lang='lat' dir='ltr'>excellentiae</span> <span class='ocrx_word' id='word_1_561' title='bbox 2863 3792 2990 3852; x_wconf 84' lang='lat' dir='ltr'>laus</span> <span class='ocrx_word' id='word_1_562' title='bbox 3008 3790 3102 3853; x_wconf 87' lang='lat' dir='ltr'>his</span> <span class='ocrx_word' id='word_1_563' title='bbox 3121 3789 3510 3871; x_wconf 83' lang='lat' dir='ltr'>perbreuibus</span> 
     </span>
     <span class='ocr_line' id='line_1_48' title="bbox 585 3868 3512 3951; baseline -0.004 -9"><span class='ocrx_word' id='word_1_564' title='bbox 585 3880 834 3943; x_wconf 86' lang='lat' dir='ltr'>Psalmis</span> <span class='ocrx_word' id='word_1_565' title='bbox 874 3880 1265 3943; x_wconf 87' lang='lat' dir='ltr'>adscribatur.</span> <span class='ocrx_word' id='word_1_566' title='bbox 1306 3878 1381 3937; x_wconf 88' lang='lat' dir='ltr'>Se</span> <span class='ocrx_word' id='word_1_567' title='bbox 1466 3874 1517 3937; x_wconf 91' lang='lat' dir='ltr'>si</span> <span class='ocrx_word' id='word_1_568' title='bbox 1546 3874 1626 3935; x_wconf 86' lang='lat' dir='ltr'>ad</span> <span class='ocrx_word' id='word_1_569' title='bbox 1663 3892 1790 3934; x_wconf 89' lang='lat' dir='ltr'>rem</span> <span class='ocrx_word' id='word_1_570' title='bbox 1828 3871 1909 3951; x_wconf 85' lang='lat' dir='ltr'>pij</span> <span class='ocrx_word' id='word_1_571' title='bbox 1932 3868 2320 3948; x_wconf 80' lang='lat' dir='ltr'>attenderint,</span> <span class='ocrx_word' id='word_1_572' title='bbox 2339 3868 2817 3931; x_wconf 84' lang='lat' dir='ltr'>animaduerterit</span> <span class='ocrx_word' id='word_1_573' title='bbox 2835 3868 2898 3929; x_wconf 88' lang='lat' dir='ltr'>in</span> <span class='ocrx_word' id='word_1_574' title='bbox 2917 3872 3038 3940; x_wconf 75' lang='lat' dir='ltr'>hoc</span> <span class='ocrx_word' id='word_1_575' title='bbox 3058 3869 3512 3949; x_wconf 88' lang='lat' dir='ltr'>inscriptionum</span> 
     </span>
    </p>
   </div>
   <div class='ocr_carea' id='block_1_2' title="bbox 583 3948 3522 4089">
    <p class='ocr_par' dir='ltr' id='par_1_4' title="bbox 583 3948 3522 4089">
     <span class='ocr_line' id='line_1_49' title="bbox 583 3948 3505 4041; baseline -0.005 -18"><span class='ocrx_word' id='word_1_576' title='bbox 583 3980 802 4041; x_wconf 83' lang='lat' dir='ltr'>genere</span> <span class='ocrx_word' id='word_1_577' title='bbox 840 3960 963 4026; x_wconf 86' lang='lat' dir='ltr'>duo</span> <span class='ocrx_word' id='word_1_578' title='bbox 1002 3958 1298 4039; x_wconf 80' lang='lat' dir='ltr'>quaedam</span> <span class='ocrx_word' id='word_1_579' title='bbox 1338 3964 1616 4035; x_wconf 88' lang='lat' dir='ltr'>oportere</span> <span class='ocrx_word' id='word_1_580' title='bbox 1656 3948 1990 4030; x_wconf 83' lang='lat' dir='ltr'>obseruari,</span> <span class='ocrx_word' id='word_1_581' title='bbox 2027 3948 2154 4011; x_wconf 82' lang='lat' dir='ltr'>sine</span> <span class='ocrx_word' id='word_1_582' title='bbox 2187 3950 2404 4026; x_wconf 89' lang='lat' dir='ltr'>quibus</span> <span class='ocrx_word' id='word_1_583' title='bbox 2437 3948 2714 4029; x_wconf 84' lang='lat' dir='ltr'>indignus</span> <span class='ocrx_word' id='word_1_584' title='bbox 2749 3948 2847 4010; x_wconf 86' lang='lat' dir='ltr'>hic</span> <span class='ocrx_word' id='word_1_585' title='bbox 2865 3948 3266 4029; x_wconf 85' lang='lat' dir='ltr'>inscriptionis</span> <span class='ocrx_word' id='word_1_586' title='bbox 3289 3948 3505 4011; x_wconf 86' lang='lat' dir='ltr'>modus</span> 
     </span>
     <span class='ocr_line' id='line_1_50' title="bbox 3387 4044 3522 4089; baseline 0 0"><span class='ocrx_word' id='word_1_587' title='bbox 3387 4044 3522 4089; x_wconf 84' lang='lat' dir='ltr'>esse</span> 
     </span>
    </p>
   </div>
  </div>
 </body>
</html>
