3923 4875
572 363 645 402 20
1558 351 1974 396 FRANCISCI
2027 353 2248 407 JUNH
2307 354 2508 397 VITA.

576 527 985 602 praeterquam
1030 513 1207 575 solidi
1240 513 1662 592 septemdecim
1705 515 2114 592 Geneuenses,
2154 515 2363 605 fierent
2401 511 2638 591 reliqui,
2679 517 2736 575 δι
2775 513 3113 575 viderentur
3144 517 3480 592 praeclusae

581 615 790 657 omnes
852 595 1195 673 emergendi
1252 594 1401 655 viae.
1455 594 1725 654 Pudebat
1787 610 2146 671 quemquam
2205 593 2268 653 in
2308 593 2408 654 illa
2446 593 2648 671 inopia
2687 613 2821 654 mea
2859 613 3184 656 accersere.
3245 594 3482 672 ignotos

578 694 878 754 nunquam
938 692 1115 736 ausus
1176 674 1414 744 fuissem
1473 675 1707 764 pulsare
1762 673 2030 751 ignotuS.
2087 692 2189 734 eos
2227 673 2332 750 qui
2370 676 2426 734 δι
2466 672 2595 735 ιιοιι
2635 676 2690 734 &
2729 673 2906 734 amici
2943 685 3107 734 erant
3145 675 3482 752 parentibus

578 755 723 816 meis
737 801 755 834 ,
804 753 969 815 adire
1018 755 1294 815 taedebat
1332 753 1519 832 magis
1533 799 1551 828 ,
1589 754 1684 814 vel
1720 772 1794 814 eo
1834 753 2076 814 nomine
2115 753 2278 830 quod
2315 757 2354 814 a
2395 753 2692 814 nonnullis
2733 753 2920 832 refugi
2957 753 3484 816 animaduerterem

576 851 962 914 congressum
1022 851 1239 895 meum.
1298 836 1629 894 Exeuntem
1680 833 1839 894 enim
1892 836 1925 893 ὲ
1965 835 2190 912 templo
2241 835 2492 911 rogabat
2531 851 2958 926 nonnunquam
2991 852 3140 894 vnus
3177 845 3279 894 aut
3310 837 3481 912 alter,

573 915 863 993 numquid
902 916 979 974 de
1018 911 1219 992 patre?
1261 925 1363 974 aut
1393 918 1431 975 a
1468 908 1667 991 patre?
1713 913 1968 1005 Neganti
2000 913 2078 974 ad
2112 931 2208 973 me
2242 913 2417 974 fuisse
2437 915 2678 973 allatum
2699 913 3048 992 quicquam,
3069 917 3224 974 Rem
3243 914 3449 975 miram
3466 960 3482 993 ,

571 995 873 1072 inquiebat
926 993 1023 1054 ille
1038 1039 1056 1070 ,
1112 997 1169 1055 δι
1204 993 1267 1054 ιιι
1304 997 1537 1055 turbam
1582 1013 1645 1053 se
1688 991 2082 1070 proripiebat,
2121 992 2327 1054 silente
2368 1012 2494 1070 me,
2535 1012 2648 1053 nec
2687 993 2764 1054 de
2804 1011 3002 1054 rerum
3037 1011 3302 1054 mearum
3335 994 3482 1055 diffi-

570 1074 886 1136 cultatibus
948 1093 1057 1165 per
1084 1073 1582 1165 significationem
1622 1072 1791 1134 vocis
1832 1082 1935 1133 aut
1973 1083 2205 1151 gestuS,
2266 1092 2340 1134 ne
2381 1073 2686 1132 minimam
2725 1073 2964 1150 quidem
2978 1117 2997 1152 ,
3057 1085 3476 1150 conquerente.

571 1157 654 1214 Vt
700 1155 795 1214 ita
856 1151 979 1212 vidi
1033 1153 1160 1214 fieri
1220 1154 1487 1231 saepius,
1538 1155 1595 1213 &
1654 1171 1751 1212 me
1802 1151 2021 1230 frigore
2079 1151 2595 1213 vehementissimo
2654 1171 2778 1214 non
2817 1172 2993 1230 posse
3033 1155 3247 1214 durare
3287 1154 3475 1232 sensi,

575 1233 849 1295 vestitum
914 1232 1072 1294 lineo
1133 1233 1374 1294 thorace
1434 1235 1626 1293 solum
1641 1277 1659 1310 ,
1721 1235 1777 1292 &
1826 1231 1994 1292 brevi
2045 1231 2224 1309 pallio
2269 1231 2744 1312 circumtectum,
2794 1243 3022 1293 certum
3062 1201 3478 1294 deliberatum-

580 1331 695 1390 que
746 1323 871 1373 erat
923 1311 1300 1402 hebdomade
1337 1311 1608 1390 proxime
1648 1321 1988 1388 sequutura,
2027 1311 2264 1372 omissis
2305 1311 2580 1372 humanis
2619 1277 2744 1372 illis
2771 1314 2834 1388 (f.
2881 1311 3000 1404 ια.)
3039 1311 3266 1374 auxiliis
3309 1327 3479 1390 (quae

584 1413 657 1453 ex
715 1391 1053 1452 huiusmodi
1111 1391 1292 1482 signis
1338 1391 1665 1452 arbitrabar
1716 1391 1893 1452 tacite
1944 1401 2159 1470 negata
2208 1394 2357 1466 esse)
2396 1394 2655 1453 alternos
2711 1391 2836 1452 dies
2891 1391 2952 1451 in
2993 1393 3286 1470 egerenda
3327 1404 3481 1454 terra

468 1515 481 1522 -
579 1473 657 1532 3(1
715 1474 935 1533 fossam
997 1471 1184 1550 vrbis,
1242 1473 1299 1532 δι
1358 1471 1419 1531 in
1479 1469 1683 1530 studiis
1720 1489 1968 1548 operam
2009 1488 2359 1532 consumere
2401 1469 2700 1532 Cleanthis
2740 1473 3013 1550 exemplo
3029 1517 3047 1549 ,
3107 1481 3173 1532 ut
3223 1475 3479 1534 leuarem

580 1551 841 1628 inopiam
902 1569 1115 1610 meam.
1165 1549 1286 1610 Sed
1333 1549 1651 1628 respiciens
1700 1551 1779 1610 ad
1830 1571 1925 1610 me
1967 1552 2024 1611 &
2065 1569 2258 1611 meam
2299 1549 2695 1612 infirmitatem
2735 1553 2899 1611 Deus
2940 1549 3485 1631 prouidentissime,

581 1651 654 1690 ex
722 1629 1047 1708 improviso
1124 1629 1393 1691 submisit
1452 1641 1785 1690 curatorem
1846 1629 2251 1692 fidelissimum
2315 1629 2469 1690 vitae
2537 1649 2732 1708 meae3
2809 1630 2974 1691 cuius
3035 1650 3217 1708 opera
3277 1651 3486 1693 omnes

580 1711 837 1770 rationes
898 1709 1260 1786 consiliaque
1319 1729 1451 1770 mea
1508 1709 1572 1770 in
1632 1709 1931 1770 diuersum
1992 1711 2166 1787 plane
2225 1721 2450 1770 mutam
2495 1720 2649 1770 sunt.
2689 1712 2750 1768 Is
2788 1710 2897 1770 fuit
2934 1710 3160 1771 iuuenis
3200 1711 3486 1802 optimus,

579 1789 675 1851 cui
735 1789 1075 1850 Guilhelmo
1135 1789 1401 1850 Burdoni
1459 1808 1704 1852 nomen.
1764 1792 1908 1850 Erat
1963 1789 2063 1850 hic
2121 1790 2324 1850 Burdo
2379 1789 2636 1862 Biturix,
2694 1789 2839 1850 ciuis
2887 1807 3053 1850 meus
3067 1835 3105 1882 ³.
3143 1789 3483 1867 parentibus

574 1868 927 1930 tenuissimis
966 1879 1161 1945 ortuS,
1202 1868 1367 1930 cuius
1407 1875 1592 1930 mater
1626 1868 1749 1929 iam
1788 1869 1934 1930 olim
1973 1869 2152 1930 vidua
2185 1871 2240 1928 δι
2273 1881 2486 1930 onusta
2512 1887 2828 1930 numerosa
2860 1871 3059 1948 prole,
3089 1869 3150 1929 in
3169 1870 3484 1948 angiportu

576 1949 837 2026 quodam
891 1913 1219 2008 εοοι1ιιᾶιιιιι
1269 1959 1575 2026 paternam
1628 1949 1876 2010 domum
1914 1949 2249 2022 habitabat
2303 1960 2367 2009 vt
2406 1952 2461 2010 &
2501 1948 2652 2009 aliae
2687 1949 2942 2026 aliquot3
2995 1915 3073 2009 ad
3113 1966 3260 2040 quas
3297 1961 3484 2012 mater

576 2028 828 2088 faemina
864 2025 1298 2118 religiosissima
1334 2031 1391 2090 δι
1428 2027 1850 2090 humanissima
1863 2074 1881 2106 ,
1922 2030 2000 2091 de
2033 2027 2382 2106 quotidiano
2413 2029 2663 2106 prandio
2684 2027 2964 2089 solebat'
2947 2027 3086 2088 iuris
3113 2027 3366 2120 aliquid,
3388 2033 3484 2090 vel

580 2109 761 2185 offae,
802 2105 971 2184 panis
984 2151 1002 2184 ,
1057 2109 1114 2167 δι
1152 2107 1448 2188 carnium,
1500 2119 1679 2187 prout
1718 2127 1810 2169 res
1850 2119 2050 2182 erant,
2089 2108 2408 2188 missitare,
2448 2107 2850 2184 tenuitatemq.
2891 2107 3200 2168 viduarum
3239 2107 3479 2170 istarum

579 2189 1075 2278 paruulorumque
1115 2189 1423 2248 subleuare
1463 2189 1799 2249 commodis
1836 2190 1915 2249 de
1955 2189 2160 2250 domo.
2199 2189 2518 2250 Sartoriam
2555 2205 2702 2266 puer
2744 2186 3063 2279 didicerat,
3101 2190 3158 2247 δι
3199 2189 3482 2250 Geneuae

579 2267 749 2343 quasi
800 2265 1101 2327 biennium
1158 2286 1403 2344 operam
1462 2285 1627 2329 suam
1693 2269 1773 2328 ad
1823 2267 2124 2346 opificium
2182 2268 2326 2329 illud
2377 2271 2696 2329 locauerat.
2759 2269 2910 2328 Orto
2965 2265 3026 2326 ιιι
3079 2267 3272 2328 Gallia
3326 2268 3484 2329 ciuili

578 2347 770 2425 bello,
812 2345 1079 2406 militiam
1116 2347 1343 2409 iuuenis
1384 2347 1597 2409 eodem
1630 2367 1791 2410 anno
1822 2348 2139 2426 petiuerat:
2173 2367 2327 2441 quae
2357 2365 2549 2440 quum
2571 2347 2650 2406 ad
2679 2346 3073 2408 Matisconem
3107 2348 3480 2425 Burgundiae

581 2390 829 2504 opidum
896 2425 1069 2487 Arari
1126 2426 1306 2489 fluuio
1366 2427 1737 2519 impositum.
1816 2427 2125 2490 infeliciter
2183 2429 2238 2489 ei
2297 2426 2703 2505 successisset,
2763 2426 2861 2487 ille
2921 2446 2986 2487 se
3047 2447 3122 2487 ex
3185 2447 3255 2488 ea
3311 2429 3483 2489 clade

582 2508 889 2567 Geneuam
950 2505 1161 2568 iterum
1217 2508 1297 2567 ad
1356 2506 1670 2569 stationem
1722 2508 2028 2585 pristinam
2084 2519 2401 2587 receperat.
2463 2510 2625 2567 Dum
2674 2474 2870 2585 i'taque
2919 2524 3059 2567 cum
3100 2507 3302 2569 animo
3345 2528 3479 2569 meo

578 2585 825 2648 consilia
874 2586 971 2645 illa
1031 2586 1345 2677 agitarem,
1402 2586 1681 2665 singulari
1720 2588 1835 2649 Dei
1882 2587 2256 2665 prouidentia
2293 2589 2456 2650 haud
2494 2586 2674 2649 dubie
2711 2586 2958 2661 accidit,
2999 2597 3064 2646 vt
3102 2587 3475 2649 Guilhelmus

578 2666 687 2727 iste
726 2665 871 2725 mihi
910 2669 943 2725 ὲ
984 2665 1277 2727 concione
1307 2685 1414 2744 per
1446 2667 1798 2745 posticulam
1826 2668 2024 2740 aedis,
2068 2686 2250 2746 quam
2283 2672 2342 2730 S.
2371 2667 2528 2732 Petri
2561 2676 2810 2743 vocant,
2851 2665 3111 2748 exituro,
3153 2666 3481 2759 insperatus

512 2748 521 2755 '
578 2745 873 2837 insperato
916 2744 1142 2805 veniret
1180 2746 1439 2807 obviam.
1480 2747 1604 2807 Hic
1638 2766 1755 2839 ego
1795 2748 2021 2827 agnoui
2055 2748 2252 2809 statim
2292 2748 2370 2809 de
2389 2747 2574 2808 facie
2558 2738 3009 2837 ruuenem·1ion
3029 2757 3227 2807 autem
3245 2746 3344 2809 ille
3365 2769 3481 2829 me,

577 2824 848 2903 quamuis
888 2824 1092 2885 defixis
1132 2824 1192 2885 ιιι
1232 2843 1328 2885 me
1367 2826 1555 2886 oculis
1592 2826 1923 2905 respiceret.
1967 2828 2346 2920 Quapropter
2380 2828 2822 2917 obstupefactus
2839 2791 2938 2886 ifle
2967 2826 3298 2903 praesentia
3315 2847 3479 2919 mea,

580 2909 633 2965 δι
682 2905 937 2964 incertus
992 2906 1190 2964 vtrum
1235 2924 1329 2965 me
1366 2906 1609 2967 auderet
1646 2926 1756 2983 pro
1797 2926 1871 2968 eo
1910 2906 2015 2985 qui
2061 2928 2224 2969 eram
2268 2908 2655 2998 compellare,
2705 2904 2830 2965 sine
2871 2924 3040 2965 mora
3081 2906 3303 2968 reflexit
3341 2907 3481 2985 iter,

578 2988 635 3047 δι
686 2984 763 3045 ad
802 2985 1048 3043 alteram
1088 2982 1349 3043 eiusdem
1387 2984 1509 3045 loci
1549 2985 1903 3063 posticulam
1944 2988 2183 3049 reuertit
2219 2992 2400 3065 quam
2443 2985 2838 3062 velocissime,
2903 2994 2964 3045 vt
3003 2984 3146 3044 mihi
3181 2996 3383 3063 posset
3420 2988 3480 3047 ιιι

578 3084 647 3125 os
688 3081 1028 3142 occurrere,
1068 3064 1125 3123 δι
1166 3062 1451 3124 iudicium
1492 3065 1570 3126 de
1610 3084 1706 3127 me
1744 3068 1822 3127 ab
1862 3078 2104 3146 aspectu
2145 3070 2339 3129 facere
2381 3066 2614 3129 certius.
2657 3064 2754 3125 Sic
2795 3064 3007 3125 iterum
3025 3065 3169 3125 mihi
3188 3067 3378 3127 factus
3397 3078 3488 3128 est

582 3144 823 3204 obuiam
836 3188 854 3221 ,
894 3108 1155 3220 accedit,
1198 3144 1535 3221 aggreditur
1574 3150 1812 3226 coram3
1853 3148 1908 3206 δι
1947 3147 2024 3207 311
2026 3148 2170 3225 quid
2203 3146 2593 3209 excusationis
2631 3144 2955 3236 praefatuS,
2997 3142 3184 3205 videri
3205 3145 3318 3206 sibi
3339 3146 3488 3207 dixit

582 3242 678 3283 me
716 3223 793 3283 ab
835 3242 897 3283 se
935 3222 1253 3299 aliquando
1294 3222 1502 3284 visum
1546 3227 1627 3285 At
1664 3194 1925 3303 pudebat
1964 3248 2060 3289 me
2096 3226 2247 3288 illius
2287 3225 2560 3306 egestatis
2583 3224 2656 3284 δι
2687 3222 2964 3284 nuditatis
2995 3242 3190 3285 meae.
3233 3224 3487 3303 ideoque

580 3302 885 3363 hominem
939 3301 1490 3394 circumducebam,
1546 3315 1611 3365 vt
1670 3316 1973 3385 poteram,
2031 3307 2428 3387 sermonibuS,
2479 3325 2557 3365 ne
2608 3302 2936 3364 indicarem
2987 3303 3118 3381 quis
3169 3315 3270 3365 aut
3328 3306 3487 3366 vnde

580 3402 789 3445 essem.
852 3380 1085 3441 Diutius
1106 3380 1559 3473 ‘tergiuersante
1618 3386 1675 3445 &
1738 3350 2139 3447 dissimulante
2179 3408 2304 3465 me,
2343 3406 2566 3447 nomen
2605 3400 2806 3444 meum
2845 3383 3153 3463 enunciat,
3195 3396 3367 3463 rogat
3404 3406 3480 3445 an

582 3482 707 3523 non
760 3460 809 3521 is
862 3460 973 3520 sim
1027 3460 1123 3521 cui
1180 3463 1301 3522 hoc
1350 3482 1573 3524 nomen
1608 3462 1949 3543 impositum
1965 3511 1983 3543 ,
2034 3484 2213 3544 quem
2251 3432 2608 3544 Biturigibus
2645 3462 3012 3541 cognouerit.
3067 3464 3284 3524 Annui
3325 3468 3480 3525 Tum

582 3542 679 3602 ille
718 3538 959 3601 miratus
999 3540 1315 3617 plurimum
1356 3541 1627 3605 miseram
1668 3545 2069 3606 conditionem
2109 3566 2333 3625 meam,
2373 3564 2554 3624 quam
2591 3544 2787 3605 adhuc
2825 3540 2998 3634 apud
3005 3543 3233 3605 omneis
3254 3546 3481 3621 pudore

581 3620 764 3686 nimio
804 3618 1331 3699 dissimulaueram,
1372 3641 1551 3684 omne
1584 3624 1850 3687 officium
1888 3624 2032 3685 mihi
2069 3627 2325 3704 spondet
2357 3627 2663 3704 defertque
2693 3620 3096 3685 liberalissime
3133 3624 3445 3701 pecuniam
3461 3670 3478 3704 ,

579 3719 759 3778 quam
802 3709 1175 3778 praesentem
1215 3702 1506 3781 habebat,
1560 3703 1868 3772 pollicetur
1908 3706 2184 3767 curandis
2223 3706 2515 3783 vestibus,
2570 3722 2812 3783 operam
2849 3700 3030 3763 victui
3068 3706 3475 3783 procurando,

578 3783 635 3842 δι
676 3796 1057 3840 communem
1100 3797 1305 3840 secum
1340 3748 1797 3858 habitationem,
1838 3794 1901 3844 vt
1932 3784 2258 3847 minoribus
2307 3786 2636 3863 sumptibus
2669 3791 2870 3861 posset
2890 3784 3085 3842 leuare
3106 3751 3476 3845 difficultates

580 3880 767 3935 meaS,
817 3862 873 3920 δι
924 3858 1151 3920 minore
1191 3877 1301 3921 suo
1333 3860 1739 3924 incommodo.
1793 3864 1925 3942 Ego
1978 3875 2314 3925 constanter
2345 3883 2616 3926 recusare
2652 3883 2725 3924 ac
2761 3860 3160 3940 pertinaciter:
3198 3863 3296 3924 1110
3335 3883 3474 3924 con-

578 3939 821 4001 stantius
860 3960 932 3999 ac
968 3938 1322 4017 pertinacius
1362 3940 1604 4021 instare,
1646 3944 1959 4005 ostendere
1999 3963 2062 4005 se
2101 3946 2180 4005 ad
2217 3954 2529 4023 vtrumque
2567 3954 2834 4005 nostrum
2874 3942 3171 4019 frugaliter
3208 3945 3265 4004 &
3299 3952 3474 4021 parce

575 4019 853 4081 alendum
892 4018 1038 4080 lucri
1079 4021 1369 4080 facturum
1408 4022 1546 4083 satis
1561 4067 1579 4101 ‚
1618 4041 1944 4101 agnoscere
1983 4024 2244 4085 officium
2283 4042 2453 4087 suum
2493 4045 2631 4118 erga
2669 4041 2766 4084 ιιιο
2803 4041 2915 4099 pro
2957 4021 3176 4083 meritis
3216 4024 3468 4086 familiae

573 4110 837 4177 nostrae,
878 4097 1026 4159 scire
1066 4120 1128 4161 se
1170 4100 1430 4161 futurum
1466 4113 1532 4162 vt
1570 4102 1769 4163 omnia
1808 4122 1914 4181 per
1954 4123 2050 4164 me
2081 4106 2464 4166 refundantur
2494 4104 2621 4167 sibi.
2663 4099 2962 4177 Aequieui
2996 4101 3222 4178 pudens
3258 4122 3478 4194 oppor-

477 4193 485 4198 “
574 4178 911 4240 tunissimae
958 4179 1300 4270 flagitationi
1353 4180 1565 4261 ipsius,
1620 4190 1775 4259 meq.
1827 4201 1966 4243 cum
2015 4184 2238 4247 leuiore
2291 4184 2583 4247 sarcinula
2620 4201 2814 4245 rerum
2856 4198 3121 4241 mearum
3158 4182 3236 4243 ad
3277 4183 3469 4261 ipsum

578 4258 831 4338 contuli3
872 4259 949 4318 ad
988 4258 1173 4319 filium
1214 4260 1424 4321 viduae
1465 4281 1791 4323 memorem
1828 4264 2098 4339 beneficii
2116 4310 2134 4342 ,
2173 4281 2355 4341 quem
2394 4265 2537 4327 mihi
2576 4264 2868 4325 Dominus
2903 4260 3194 4337 hospitem
3228 4282 3466 4340 praepa-

578 4350 825 4403 rauerat.
877 4336 973 4400 Sic
1006 4338 1085 4400 ad
1124 4358 1354 4401 menses
1393 4344 1575 4404 ferme
1616 4353 1842 4422 septem
1879 4343 2033 4404 illius
2073 4363 2255 4423 opera
2293 4344 2376 4404 fui
2415 4346 2726 4423 educatus,
2767 4345 2960 4404 donec
2999 4359 3146 4418 pace
3185 4341 3244 4401 in
3268 4343 3473 4403 Galliis

3123 4422 3470 4503 constituta,
