<?xml version="1.0" encoding="UTF-8"?>
<!DOCTYPE html PUBLIC "-//W3C//DTD XHTML 1.0 Transitional//EN"
    "http://www.w3.org/TR/xhtml1/DTD/xhtml1-transitional.dtd">
<html xmlns="http://www.w3.org/1999/xhtml" xml:lang="en" lang="en">
 <head>
  <title>
</title>
<meta http-equiv="Content-Type" content="text/html;charset=utf-8" />
  <meta name='ocr-system' content='tesseract 3.04.00' />
  <meta name='ocr-capabilities' content='ocr_page ocr_carea ocr_par ocr_line ocrx_word'/>
</head>
<body>
  <div class='ocr_page' id='page_1' title='image "./dfranciscijunii00junigoog_0054.png"; bbox 0 0 3923 4875; ppageno 0'>
   <div class='ocr_carea' id='block_1_1' title="bbox 1429 368 3372 432">
    <p class='ocr_par' dir='ltr' id='par_1_1' title="bbox 1429 368 3372 432">
     <span class='ocr_line' id='line_1_1' title="bbox 1429 368 3372 432; baseline 0.003 -23"><span class='ocrx_word' id='word_1_1' title='bbox 1429 368 1857 411; x_wconf 76' lang='lat' dir='ltr'>FRANCISCI</span> <span class='ocrx_word' id='word_1_2' title='bbox 1918 368 2134 420; x_wconf 75' lang='lat' dir='ltr'>JUNH</span> <span class='ocrx_word' id='word_1_3' title='bbox 2195 369 2401 411; x_wconf 75' lang='lat' dir='ltr'><strong>VITA.</strong></span> <span class='ocrx_word' id='word_1_4' title='bbox 3297 373 3372 432; x_wconf 81' lang='lat'><strong>29</strong></span> 
     </span>
    </p>
   </div>
   <div class='ocr_carea' id='block_1_2' title="bbox 453 525 3382 4501">
    <p class='ocr_par' dir='ltr' id='par_1_2' title="bbox 453 525 3382 4501">
     <span class='ocr_line' id='line_1_2' title="bbox 456 525 3365 608; baseline 0.001 -20"><span class='ocrx_word' id='word_1_5' title='bbox 456 531 585 590; x_wconf 84' lang='lat' dir='ltr'><strong>fore</strong></span> <span class='ocrx_word' id='word_1_6' title='bbox 641 526 786 588; x_wconf 89' lang='lat' dir='ltr'><strong>mihi</strong></span> <span class='ocrx_word' id='word_1_7' title='bbox 842 546 985 605; x_wconf 87' lang='lat' dir='ltr'><strong>erga</strong></span> <span class='ocrx_word' id='word_1_8' title='bbox 1040 527 1201 606; x_wconf 85' lang='lat' dir='ltr'><strong>ipsos</strong></span> <span class='ocrx_word' id='word_1_9' title='bbox 1261 533 1503 606; x_wconf 74' lang='lat' dir='ltr'><strong>remque</strong></span> <span class='ocrx_word' id='word_1_10' title='bbox 1562 527 1827 606; x_wconf 85' lang='lat' dir='ltr'><strong>ipsorum</strong></span> <span class='ocrx_word' id='word_1_11' title='bbox 1887 527 2184 608; x_wconf 85' lang='lat' dir='ltr'><strong>publicam</strong></span> <span class='ocrx_word' id='word_1_12' title='bbox 2243 529 2300 587; x_wconf 87' lang='lat'>&amp;</span> <span class='ocrx_word' id='word_1_13' title='bbox 2341 525 2640 589; x_wconf 89' lang='lat' dir='ltr'><strong>ciuitatem</strong></span> <span class='ocrx_word' id='word_1_14' title='bbox 2681 530 2972 592; x_wconf 89' lang='lat' dir='ltr'><strong>animum:</strong></span> <span class='ocrx_word' id='word_1_15' title='bbox 3011 533 3202 592; x_wconf 88' lang='lat' dir='ltr'><strong>celare</strong></span> <span class='ocrx_word' id='word_1_16' title='bbox 3242 550 3365 592; x_wconf 90' lang='lat' dir='ltr'><strong>non</strong></span> 
     </span>
     <span class='ocr_line' id='line_1_3' title="bbox 454 605 3370 702; baseline 0.002 -35"><span class='ocrx_word' id='word_1_17' title='bbox 454 626 662 688; x_wconf 83' lang='lat' dir='ltr'><strong>posse,</strong></span> <span class='ocrx_word' id='word_1_18' title='bbox 722 605 981 668; x_wconf 89' lang='lat' dir='ltr'><strong>edictum</strong></span> <span class='ocrx_word' id='word_1_19' title='bbox 1032 608 1223 686; x_wconf 87' lang='lat' dir='ltr'>pridie</span> <span class='ocrx_word' id='word_1_20' title='bbox 1262 608 1437 670; x_wconf 81' lang='lat' dir='ltr'><strong>fuisse</strong></span> <span class='ocrx_word' id='word_1_21' title='bbox 1478 607 1687 701; x_wconf 89' lang='lat' dir='ltr'><strong>Brugis</strong></span> <span class='ocrx_word' id='word_1_22' title='bbox 1723 609 1787 670; x_wconf 91' lang='lat' dir='ltr'><strong>in</strong></span> <span class='ocrx_word' id='word_1_23' title='bbox 1826 627 1933 670; x_wconf 85' lang='lat' dir='ltr'><strong>sua</strong></span> <span class='ocrx_word' id='word_1_24' title='bbox 1973 607 2292 686; x_wconf 91' lang='lat' dir='ltr'><strong>metropoli</strong></span> <span class='ocrx_word' id='word_1_25' title='bbox 2329 607 2648 670; x_wconf 81' lang='lat' dir='ltr'><strong>aduersum</strong></span> <span class='ocrx_word' id='word_1_26' title='bbox 2687 629 2784 670; x_wconf 90' lang='lat' dir='ltr'><strong>me</strong></span> <span class='ocrx_word' id='word_1_27' title='bbox 2825 610 3170 672; x_wconf 89' lang='lat' dir='ltr'><strong>auctoritate</strong></span> <span class='ocrx_word' id='word_1_28' title='bbox 3209 610 3370 702; x_wconf 75' lang='lat' dir='ltr'><strong>regia</strong></span> 
     </span>
     <span class='ocr_line' id='line_1_4' title="bbox 453 687 3372 782; baseline 0.001 -34"><span class='ocrx_word' id='word_1_29' title='bbox 453 687 935 768; x_wconf 78' lang='lat' dir='ltr'><strong>pronunciatum.</strong></span> <span class='ocrx_word' id='word_1_30' title='bbox 996 707 1061 750; x_wconf 89' lang='lat' dir='ltr'><strong>se</strong></span> <span class='ocrx_word' id='word_1_31' title='bbox 1073 733 1092 780; x_wconf 83' lang='lat'><strong>,</strong></span> <span class='ocrx_word' id='word_1_32' title='bbox 1148 698 1453 766; x_wconf 82' lang='lat' dir='ltr'><strong>tamquam</strong></span> <span class='ocrx_word' id='word_1_33' title='bbox 1513 687 1699 749; x_wconf 85' lang='lat' dir='ltr'><strong>viros</strong></span> <span class='ocrx_word' id='word_1_34' title='bbox 1714 688 1831 750; x_wconf 88' lang='lat' dir='ltr'><strong>mei</strong></span> <span class='ocrx_word' id='word_1_35' title='bbox 1869 691 1926 749; x_wconf 87' lang='lat'>&amp;</span> <span class='ocrx_word' id='word_1_36' title='bbox 1964 687 2235 782; x_wconf 85' lang='lat' dir='ltr'><strong>publicae</strong></span> <span class='ocrx_word' id='word_1_37' title='bbox 2275 704 2518 765; x_wconf 92' lang='lat' dir='ltr'><strong>quoque</strong></span> <span class='ocrx_word' id='word_1_38' title='bbox 2557 688 2816 750; x_wconf 88' lang='lat' dir='ltr'><strong>vtilitatis</strong></span> <span class='ocrx_word' id='word_1_39' title='bbox 2855 689 3184 769; x_wconf 88' lang='lat' dir='ltr'><strong>studiosos,</strong></span> <span class='ocrx_word' id='word_1_40' title='bbox 3225 689 3372 751; x_wconf 84' lang='lat' dir='ltr'><strong>m1hi</strong></span> 
     </span>
     <span class='ocr_line' id='line_1_5' title="bbox 456 767 3372 846; baseline 0 -16"><span class='ocrx_word' id='word_1_41' title='bbox 456 779 727 830; x_wconf 67' lang='lat' dir='ltr'><strong>auctores</strong></span> <span class='ocrx_word' id='word_1_42' title='bbox 768 786 929 846; x_wconf 90' lang='lat' dir='ltr'><strong>esse,</strong></span> <span class='ocrx_word' id='word_1_43' title='bbox 965 778 1033 828; x_wconf 86' lang='lat' dir='ltr'><strong>vt</strong></span> <span class='ocrx_word' id='word_1_44' title='bbox 1068 769 1223 830; x_wconf 89' lang='lat' dir='ltr'><strong>intra</strong></span> <span class='ocrx_word' id='word_1_45' title='bbox 1263 786 1399 828; x_wconf 89' lang='lat' dir='ltr'><strong>eum</strong></span> <span class='ocrx_word' id='word_1_46' title='bbox 1442 767 1600 828; x_wconf 86' lang='lat' dir='ltr'><strong>diem</strong></span> <span class='ocrx_word' id='word_1_47' title='bbox 1640 769 1716 829; x_wconf 92' lang='lat' dir='ltr'><strong>de</strong></span> <span class='ocrx_word' id='word_1_48' title='bbox 1755 771 1893 830; x_wconf 90' lang='lat' dir='ltr'><strong>loco</strong></span> <span class='ocrx_word' id='word_1_49' title='bbox 1934 768 2330 830; x_wconf 79' lang='lat' dir='ltr'><strong>discederem·</strong></span> <span class='ocrx_word' id='word_1_50' title='bbox 2370 767 2657 844; x_wconf 80' lang='lat' dir='ltr'><strong>postridie</strong></span> <span class='ocrx_word' id='word_1_51' title='bbox 2683 769 2943 831; x_wconf 89' lang='lat' dir='ltr'><strong>edictum</strong></span> <span class='ocrx_word' id='word_1_52' title='bbox 2970 770 3116 831; x_wconf 89' lang='lat' dir='ltr'><strong>illud</strong></span> <span class='ocrx_word' id='word_1_53' title='bbox 3147 789 3210 831; x_wconf 88' lang='lat' dir='ltr'><strong>se</strong></span> <span class='ocrx_word' id='word_1_54' title='bbox 3243 789 3372 832; x_wconf 88' lang='lat' dir='ltr'><strong>esse</strong></span> 
     </span>
     <span class='ocr_line' id='line_1_6' title="bbox 456 846 3372 946; baseline 0.001 -38"><span class='ocrx_word' id='word_1_55' title='bbox 456 849 961 946; x_wconf 85' lang='lat' dir='ltr'><strong>promulgaturos·</strong></span> <span class='ocrx_word' id='word_1_56' title='bbox 1002 848 1169 926; x_wconf 81' lang='lat' dir='ltr'><strong>quod</strong></span> <span class='ocrx_word' id='word_1_57' title='bbox 1207 847 1257 909; x_wconf 90' lang='lat' dir='ltr'><strong>si</strong></span> <span class='ocrx_word' id='word_1_58' title='bbox 1296 846 1609 909; x_wconf 88' lang='lat' dir='ltr'><strong>consilium</strong></span> <span class='ocrx_word' id='word_1_59' title='bbox 1647 851 1949 929; x_wconf 85' lang='lat' dir='ltr'><strong>Brugense</strong></span> <span class='ocrx_word' id='word_1_60' title='bbox 1989 847 2324 911; x_wconf 80' lang='lat' dir='ltr'><strong>tarditatem</strong></span> <span class='ocrx_word' id='word_1_61' title='bbox 2363 847 2629 939; x_wconf 88' lang='lat' dir='ltr'><strong>increpet</strong></span> <span class='ocrx_word' id='word_1_62' title='bbox 2667 849 2961 942; x_wconf 42' lang='lat' dir='ltr'><strong>ipso-rum,</strong></span> <span class='ocrx_word' id='word_1_63' title='bbox 2992 859 3372 911; x_wconf 82' lang='lat' dir='ltr'><strong>excusaturos</strong></span> 
     </span>
     <span class='ocr_line' id='line_1_7' title="bbox 457 926 3374 1020; baseline -0 -29"><span class='ocrx_word' id='word_1_64' title='bbox 457 928 719 991; x_wconf 88' lang='lat' dir='ltr'><strong>edictum</strong></span> <span class='ocrx_word' id='word_1_65' title='bbox 780 927 961 990; x_wconf 87' lang='lat' dir='ltr'><strong>serius</strong></span> <span class='ocrx_word' id='word_1_66' title='bbox 1020 928 1097 988; x_wconf 90' lang='lat' dir='ltr'><strong>ad</strong></span> <span class='ocrx_word' id='word_1_67' title='bbox 1156 947 1220 990; x_wconf 91' lang='lat' dir='ltr'><strong>se</strong></span> <span class='ocrx_word' id='word_1_68' title='bbox 1278 929 1567 1006; x_wconf 88' lang='lat' dir='ltr'><strong>perlatum</strong></span> <span class='ocrx_word' id='word_1_69' title='bbox 1627 947 1759 990; x_wconf 89' lang='lat' dir='ltr'><strong>esse</strong></span> <span class='ocrx_word' id='word_1_70' title='bbox 1772 973 1789 1007; x_wconf 92' lang='lat'><strong>,</strong></span> <span class='ocrx_word' id='word_1_71' title='bbox 1848 948 1922 989; x_wconf 90' lang='lat' dir='ltr'><strong>ac</strong></span> <span class='ocrx_word' id='word_1_72' title='bbox 1959 930 2293 1020; x_wconf 66' lang='lat' dir='ltr'><strong>propterea</strong></span> <span class='ocrx_word' id='word_1_73' title='bbox 2313 926 2438 988; x_wconf 90' lang='lat' dir='ltr'><strong>fieri</strong></span> <span class='ocrx_word' id='word_1_74' title='bbox 2479 947 2604 990; x_wconf 88' lang='grc' dir='ltr'><strong>ιιοιι</strong></span> <span class='ocrx_word' id='word_1_75' title='bbox 2641 929 2903 1007; x_wconf 88' lang='lat' dir='ltr'><strong>potuisse</strong></span> <span class='ocrx_word' id='word_1_76' title='bbox 2941 940 3006 990; x_wconf 86' lang='lat' dir='ltr'><strong>vt</strong></span> <span class='ocrx_word' id='word_1_77' title='bbox 3045 930 3374 990; x_wconf 85' lang='lat' dir='ltr'><strong>ediceretur</strong></span> 
     </span>
     <span class='ocr_line' id='line_1_8' title="bbox 461 1006 3368 1087; baseline 0 -17"><span class='ocrx_word' id='word_1_78' title='bbox 461 1006 806 1086; x_wconf 88' lang='lat' dir='ltr'><strong>temporius.</strong></span> <span class='ocrx_word' id='word_1_79' title='bbox 882 1007 1195 1086; x_wconf 91' lang='lat' dir='ltr'><strong>Spopondi</strong></span> <span class='ocrx_word' id='word_1_80' title='bbox 1232 1007 1319 1068; x_wconf 89' lang='lat' dir='ltr'><strong>eis</strong></span> <span class='ocrx_word' id='word_1_81' title='bbox 1358 1027 1457 1068; x_wconf 89' lang='lat' dir='ltr'><strong>me</strong></span> <span class='ocrx_word' id='word_1_82' title='bbox 1494 1025 1795 1069; x_wconf 89' lang='lat' dir='ltr'><strong>cessurum</strong></span> <span class='ocrx_word' id='word_1_83' title='bbox 1834 1009 1976 1070; x_wconf 93' lang='lat' dir='ltr'><strong>loco</strong></span> <span class='ocrx_word' id='word_1_84' title='bbox 1990 1053 2009 1087; x_wconf 94' lang='lat'><strong>,</strong></span> <span class='ocrx_word' id='word_1_85' title='bbox 2049 1012 2105 1068; x_wconf 73' lang='grc' dir='ltr'><strong>δι</strong></span> <span class='ocrx_word' id='word_1_86' title='bbox 2145 1006 2362 1086; x_wconf 83' lang='lat' dir='ltr'><strong>gratias</strong></span> <span class='ocrx_word' id='word_1_87' title='bbox 2393 1007 2488 1086; x_wconf 86' lang='lat' dir='ltr'><strong>egi</strong></span> <span class='ocrx_word' id='word_1_88' title='bbox 2517 1008 2896 1070; x_wconf 85' lang='lat' dir='ltr'><strong>humanitatis</strong></span> <span class='ocrx_word' id='word_1_89' title='bbox 2925 1009 3078 1071; x_wconf 89' lang='lat' dir='ltr'><strong>illius</strong></span> <span class='ocrx_word' id='word_1_90' title='bbox 3107 1009 3368 1070; x_wconf 89' lang='lat' dir='ltr'><strong>nomine.</strong></span> 
     </span>
     <span class='ocr_line' id='line_1_9' title="bbox 460 1086 3369 1168; baseline 0 -18"><span class='ocrx_word' id='word_1_91' title='bbox 460 1089 579 1150; x_wconf 87' lang='lat' dir='ltr'><strong>Sed</strong></span> <span class='ocrx_word' id='word_1_92' title='bbox 615 1088 1004 1164; x_wconf 86' lang='lat' dir='ltr'><strong>torquebatur</strong></span> <span class='ocrx_word' id='word_1_93' title='bbox 1040 1087 1271 1148; x_wconf 85' lang='lat' dir='ltr'><strong>animus</strong></span> <span class='ocrx_word' id='word_1_94' title='bbox 1310 1087 1371 1148; x_wconf 90' lang='lat' dir='ltr'><strong>in</strong></span> <span class='ocrx_word' id='word_1_95' title='bbox 1406 1106 1482 1148; x_wconf 88' lang='lat' dir='ltr'><strong>eo</strong></span> <span class='ocrx_word' id='word_1_96' title='bbox 1522 1089 1662 1150; x_wconf 92' lang='lat' dir='ltr'><strong>loco</strong></span> <span class='ocrx_word' id='word_1_97' title='bbox 1706 1086 2247 1166; x_wconf 78' lang='lat' dir='ltr'><strong>vehementissime,</strong></span> <span class='ocrx_word' id='word_1_98' title='bbox 2287 1089 2425 1147; x_wconf 89' lang='lat' dir='ltr'><strong>cum</strong></span> <span class='ocrx_word' id='word_1_99' title='bbox 2463 1105 2576 1148; x_wconf 91' lang='lat' dir='ltr'><strong>nec</strong></span> <span class='ocrx_word' id='word_1_100' title='bbox 2614 1086 2875 1168; x_wconf 81' lang='lat' dir='ltr'><strong>linguam</strong></span> <span class='ocrx_word' id='word_1_101' title='bbox 2909 1091 3217 1168; x_wconf 88' lang='lat' dir='ltr'><strong>callerem,</strong></span> <span class='ocrx_word' id='word_1_102' title='bbox 3257 1109 3369 1150; x_wconf 91' lang='lat' dir='ltr'><strong>nec</strong></span> 
     </span>
     <span class='ocr_line' id='line_1_10' title="bbox 460 1165 3365 1247; baseline -0 -17"><span class='ocrx_word' id='word_1_103' title='bbox 460 1169 677 1230; x_wconf 86' lang='lat' dir='ltr'><strong>ducem</strong></span> <span class='ocrx_word' id='word_1_104' title='bbox 726 1167 1009 1228; x_wconf 88' lang='lat' dir='ltr'><strong>haberem</strong></span> <span class='ocrx_word' id='word_1_105' title='bbox 1048 1167 1269 1229; x_wconf 77' lang='lat' dir='ltr'><strong>itineris</strong></span> <span class='ocrx_word' id='word_1_106' title='bbox 1308 1167 1369 1227; x_wconf 92' lang='lat' dir='ltr'><strong>in</strong></span> <span class='ocrx_word' id='word_1_107' title='bbox 1410 1169 1541 1230; x_wconf 92' lang='lat' dir='ltr'><strong>solo</strong></span> <span class='ocrx_word' id='word_1_108' title='bbox 1580 1167 1913 1247; x_wconf 86' lang='lat' dir='ltr'><strong>incognit0.</strong></span> <span class='ocrx_word' id='word_1_109' title='bbox 1956 1168 2108 1229; x_wconf 83' lang='lat' dir='ltr'><strong>adeo</strong></span> <span class='ocrx_word' id='word_1_110' title='bbox 2149 1177 2213 1228; x_wconf 86' lang='lat' dir='ltr'><strong>vt</strong></span> <span class='ocrx_word' id='word_1_111' title='bbox 2249 1165 2368 1226; x_wconf 87' lang='lat' dir='ltr'><strong>iam</strong></span> <span class='ocrx_word' id='word_1_112' title='bbox 2408 1166 2800 1230; x_wconf 89' lang='lat' dir='ltr'><strong>deliberatum</strong></span> <span class='ocrx_word' id='word_1_113' title='bbox 2839 1181 2990 1232; x_wconf 90' lang='lat' dir='ltr'><strong>esset</strong></span> <span class='ocrx_word' id='word_1_114' title='bbox 3027 1179 3266 1230; x_wconf 89' lang='lat' dir='ltr'><strong>noctem</strong></span> <span class='ocrx_word' id='word_1_115' title='bbox 3305 1168 3365 1228; x_wconf 90' lang='lat' dir='ltr'><strong>in</strong></span> 
     </span>
     <span class='ocr_line' id='line_1_11' title="bbox 458 1244 3369 1340; baseline 0.001 -32"><span class='ocrx_word' id='word_1_116' title='bbox 458 1248 672 1326; x_wconf 84' lang='lat' dir='ltr'><strong>palude</strong></span> <span class='ocrx_word' id='word_1_117' title='bbox 732 1244 1003 1338; x_wconf 82' lang='lat' dir='ltr'><strong>proxima</strong></span> <span class='ocrx_word' id='word_1_118' title='bbox 1058 1247 1161 1309; x_wconf 87' lang='lat' dir='ltr'><strong>vbi</strong></span> <span class='ocrx_word' id='word_1_119' title='bbox 1218 1247 1407 1326; x_wconf 89' lang='lat' dir='ltr'><strong>pridie</strong></span> <span class='ocrx_word' id='word_1_120' title='bbox 1464 1249 1729 1340; x_wconf 84' lang='lat' dir='ltr'><strong>fueram,</strong></span> <span class='ocrx_word' id='word_1_121' title='bbox 1760 1246 2103 1340; x_wconf 79' lang='lat' dir='ltr'><strong>transigere.</strong></span> <span class='ocrx_word' id='word_1_122' title='bbox 2161 1249 2336 1308; x_wconf 89' lang='lat' dir='ltr'><strong>Haec</strong></span> <span class='ocrx_word' id='word_1_123' title='bbox 2371 1247 2672 1339; x_wconf 72' lang='lat' dir='ltr'><strong>cogitante</strong></span> <span class='ocrx_word' id='word_1_124' title='bbox 2711 1269 2836 1325; x_wconf 90' lang='lat' dir='ltr'><strong>me,</strong></span> <span class='ocrx_word' id='word_1_125' title='bbox 2877 1269 3018 1310; x_wconf 91' lang='lat' dir='ltr'><strong>ecee</strong></span> <span class='ocrx_word' id='word_1_126' title='bbox 3055 1248 3369 1327; x_wconf 90' lang='lat' dir='ltr'><strong>Brugensis</strong></span> 
     </span>
     <span class='ocr_line' id='line_1_12' title="bbox 457 1326 3371 1408; baseline 0 -19"><span class='ocrx_word' id='word_1_127' title='bbox 457 1329 555 1389; x_wconf 86' lang='lat' dir='ltr'><strong>ille</strong></span> <span class='ocrx_word' id='word_1_128' title='bbox 588 1327 837 1387; x_wconf 89' lang='lat' dir='ltr'><strong>nuncius</strong></span> <span class='ocrx_word' id='word_1_129' title='bbox 868 1327 1141 1404; x_wconf 87' lang='lat' dir='ltr'><strong>aduenit,</strong></span> <span class='ocrx_word' id='word_1_130' title='bbox 1176 1346 1393 1406; x_wconf 87' lang='lat' dir='ltr'><strong>rogans</strong></span> <span class='ocrx_word' id='word_1_131' title='bbox 1426 1327 1733 1388; x_wconf 89' lang='lat' dir='ltr'><strong>communi</strong></span> <span class='ocrx_word' id='word_1_132' title='bbox 1760 1326 2062 1390; x_wconf 84' lang='lat' dir='ltr'><strong>Ecclesiae</strong></span> <span class='ocrx_word' id='word_1_133' title='bbox 2095 1326 2336 1388; x_wconf 88' lang='lat' dir='ltr'><strong>nomine</strong></span> <span class='ocrx_word' id='word_1_134' title='bbox 2367 1326 2430 1386; x_wconf 88' lang='lat' dir='ltr'><strong>in</strong></span> <span class='ocrx_word' id='word_1_135' title='bbox 2461 1329 2671 1390; x_wconf 81' lang='lat' dir='ltr'><strong>vrbem</strong></span> <span class='ocrx_word' id='word_1_136' title='bbox 2691 1329 2958 1408; x_wconf 83' lang='lat' dir='ltr'><strong>veniam,</strong></span> <span class='ocrx_word' id='word_1_137' title='bbox 2991 1331 3048 1389; x_wconf 76' lang='grc' dir='ltr'><strong>δι</strong></span> <span class='ocrx_word' id='word_1_138' title='bbox 3069 1347 3371 1406; x_wconf 81' lang='lat' dir='ltr'><strong>exponens</strong></span> 
     </span>
     <span class='ocr_line' id='line_1_13' title="bbox 456 1406 3368 1499; baseline -0 -30"><span class='ocrx_word' id='word_1_139' title='bbox 456 1406 739 1488; x_wconf 86' lang='lat' dir='ltr'><strong>postulati</strong></span> <span class='ocrx_word' id='word_1_140' title='bbox 778 1425 1001 1468; x_wconf 84' lang='lat' dir='ltr'><strong>causas.</strong></span> <span class='ocrx_word' id='word_1_141' title='bbox 1044 1408 1125 1467; x_wconf 89' lang='lat' dir='ltr'><strong>At</strong></span> <span class='ocrx_word' id='word_1_142' title='bbox 1162 1425 1276 1499; x_wconf 80' lang='lat' dir='ltr'><strong>ego</strong></span> <span class='ocrx_word' id='word_1_143' title='bbox 1317 1411 1528 1468; x_wconf 79' lang='lat' dir='ltr'><strong>contra</strong></span> <span class='ocrx_word' id='word_1_144' title='bbox 1568 1409 1645 1470; x_wconf 92' lang='lat' dir='ltr'><strong>de</strong></span> <span class='ocrx_word' id='word_1_145' title='bbox 1686 1407 1799 1468; x_wconf 88' lang='lat' dir='ltr'><strong>alia</strong></span> <span class='ocrx_word' id='word_1_146' title='bbox 1834 1407 1931 1468; x_wconf 85' lang='lat' dir='ltr'><strong>via</strong></span> <span class='ocrx_word' id='word_1_147' title='bbox 1970 1408 2168 1484; x_wconf 90' lang='lat' dir='ltr'><strong>aliqua</strong></span> <span class='ocrx_word' id='word_1_148' title='bbox 2205 1407 2619 1488; x_wconf 84' lang='lat' dir='ltr'><strong>consulebam,</strong></span> <span class='ocrx_word' id='word_1_149' title='bbox 2666 1427 2742 1469; x_wconf 90' lang='lat' dir='ltr'><strong>ne</strong></span> <span class='ocrx_word' id='word_1_150' title='bbox 2785 1409 2930 1470; x_wconf 88' lang='lat' dir='ltr'><strong>mihi</strong></span> <span class='ocrx_word' id='word_1_151' title='bbox 2968 1411 3192 1487; x_wconf 88' lang='lat' dir='ltr'><strong>Brugas</strong></span> <span class='ocrx_word' id='word_1_152' title='bbox 3233 1425 3368 1468; x_wconf 90' lang='lat' dir='ltr'><strong>eun·</strong></span> 
     </span>
     <span class='ocr_line' id='line_1_14' title="bbox 455 1486 3374 1580; baseline -0 -31"><span class='ocrx_word' id='word_1_153' title='bbox 455 1489 599 1550; x_wconf 89' lang='lat' dir='ltr'><strong>dum</strong></span> <span class='ocrx_word' id='word_1_154' title='bbox 644 1494 815 1548; x_wconf 89' lang='lat' dir='ltr'><strong>esset.</strong></span> <span class='ocrx_word' id='word_1_155' title='bbox 884 1486 1156 1579; x_wconf 88' lang='lat' dir='ltr'><strong>Amplius</strong></span> <span class='ocrx_word' id='word_1_156' title='bbox 1194 1497 1449 1548; x_wconf 78' lang='lat' dir='ltr'><strong>instante</strong></span> <span class='ocrx_word' id='word_1_157' title='bbox 1485 1487 1736 1580; x_wconf 73' lang='lat' dir='ltr'><strong>nuncio,</strong></span> <span class='ocrx_word' id='word_1_158' title='bbox 1795 1491 1851 1548; x_wconf 73' lang='grc' dir='ltr'><strong>δι</strong></span> <span class='ocrx_word' id='word_1_159' title='bbox 1900 1507 2008 1566; x_wconf 89' lang='lat' dir='ltr'><strong>per</strong></span> <span class='ocrx_word' id='word_1_160' title='bbox 2045 1489 2244 1548; x_wconf 88' lang='lat' dir='ltr'><strong>Deum</strong></span> <span class='ocrx_word' id='word_1_161' title='bbox 2284 1495 2588 1550; x_wconf 84' lang='lat' dir='ltr'><strong>auctorem</strong></span> <span class='ocrx_word' id='word_1_162' title='bbox 2627 1488 2956 1550; x_wconf 85' lang='lat' dir='ltr'><strong>vocationis</strong></span> <span class='ocrx_word' id='word_1_163' title='bbox 2995 1489 3166 1550; x_wconf 87' lang='lat' dir='ltr'><strong>huius</strong></span> <span class='ocrx_word' id='word_1_164' title='bbox 3205 1489 3374 1549; x_wconf 84' lang='lat' dir='ltr'><strong>obse-</strong></span> 
     </span>
     <span class='ocr_line' id='line_1_15' title="bbox 456 1564 3372 1660; baseline 0 -32"><span class='ocrx_word' id='word_1_165' title='bbox 456 1578 659 1628; x_wconf 87' lang='lat' dir='ltr'><strong>crante</strong></span> <span class='ocrx_word' id='word_1_166' title='bbox 672 1611 690 1646; x_wconf 90' lang='lat'><strong>,</strong></span> <span class='ocrx_word' id='word_1_167' title='bbox 740 1565 931 1628; x_wconf 86' lang='lat' dir='ltr'><strong>victus</strong></span> <span class='ocrx_word' id='word_1_168' title='bbox 964 1564 1408 1659; x_wconf 84' lang='lat' dir='ltr'><strong>importunitate</strong></span> <span class='ocrx_word' id='word_1_169' title='bbox 1453 1567 1708 1630; x_wconf 89' lang='lat' dir='ltr'><strong>hominis</strong></span> <span class='ocrx_word' id='word_1_170' title='bbox 1722 1612 1742 1647; x_wconf 89' lang='lat'><strong>,</strong></span> <span class='ocrx_word' id='word_1_171' title='bbox 1773 1565 2056 1659; x_wconf 86' lang='lat' dir='ltr'><strong>respondi</strong></span> <span class='ocrx_word' id='word_1_172' title='bbox 2089 1587 2186 1629; x_wconf 92' lang='lat' dir='ltr'><strong>me</strong></span> <span class='ocrx_word' id='word_1_173' title='bbox 2216 1565 2366 1627; x_wconf 89' lang='lat' dir='ltr'><strong>scire</strong></span> <span class='ocrx_word' id='word_1_174' title='bbox 2399 1567 2728 1645; x_wconf 90' lang='lat' dir='ltr'><strong>periculum</strong></span> <span class='ocrx_word' id='word_1_175' title='bbox 2744 1614 2762 1646; x_wconf 92' lang='lat'><strong>,</strong></span> <span class='ocrx_word' id='word_1_176' title='bbox 2797 1571 2964 1646; x_wconf 90' lang='lat' dir='ltr'><strong>quod</strong></span> <span class='ocrx_word' id='word_1_177' title='bbox 2992 1568 3089 1629; x_wconf 89' lang='lat' dir='ltr'><strong>ille</strong></span> <span class='ocrx_word' id='word_1_178' title='bbox 3116 1569 3372 1660; x_wconf 74' lang='lat' dir='ltr'><strong>negabat</strong></span> 
     </span>
     <span class='ocr_line' id='line_1_16' title="bbox 458 1645 3370 1738; baseline 0 -30"><span class='ocrx_word' id='word_1_179' title='bbox 458 1645 970 1708; x_wconf 77' lang='lat' dir='ltr'><strong>constantissime:</strong></span> <span class='ocrx_word' id='word_1_180' title='bbox 1032 1645 1081 1706; x_wconf 91' lang='lat' dir='ltr'><strong>si</strong></span> <span class='ocrx_word' id='word_1_181' title='bbox 1139 1663 1258 1738; x_wconf 78' lang='lat' dir='ltr'><strong>qua</strong></span> <span class='ocrx_word' id='word_1_182' title='bbox 1319 1656 1518 1708; x_wconf 83' lang='lat' dir='ltr'><strong>tamen</strong></span> <span class='ocrx_word' id='word_1_183' title='bbox 1564 1649 1890 1709; x_wconf 90' lang='lat' dir='ltr'><strong>commoda</strong></span> <span class='ocrx_word' id='word_1_184' title='bbox 1928 1645 2078 1708; x_wconf 85' lang='lat' dir='ltr'><strong>ratio</strong></span> <span class='ocrx_word' id='word_1_185' title='bbox 2117 1646 2475 1708; x_wconf 87' lang='lat' dir='ltr'><strong>inueniretur</strong></span> <span class='ocrx_word' id='word_1_186' title='bbox 2514 1647 2921 1709; x_wconf 88' lang='lat' dir='ltr'><strong>dissimulandi</strong></span> <span class='ocrx_word' id='word_1_187' title='bbox 2959 1648 3078 1710; x_wconf 89' lang='lat' dir='ltr'><strong>mei</strong></span> <span class='ocrx_word' id='word_1_188' title='bbox 3115 1650 3172 1709; x_wconf 86' lang='lat'>&amp;</span> <span class='ocrx_word' id='word_1_189' title='bbox 3209 1647 3370 1709; x_wconf 86' lang='lat' dir='ltr'><strong>vrbis</strong></span> 
     </span>
     <span class='ocr_line' id='line_1_17' title="bbox 456 1725 3371 1807; baseline 0 -19"><span class='ocrx_word' id='word_1_190' title='bbox 456 1727 781 1804; x_wconf 87' lang='lat' dir='ltr'><strong>ineundae,</strong></span> <span class='ocrx_word' id='word_1_191' title='bbox 822 1746 919 1788; x_wconf 89' lang='lat' dir='ltr'><strong>me</strong></span> <span class='ocrx_word' id='word_1_192' title='bbox 957 1725 1153 1805; x_wconf 89' lang='lat' dir='ltr'><strong>potius</strong></span> <span class='ocrx_word' id='word_1_193' title='bbox 1191 1726 1254 1786; x_wconf 89' lang='lat' dir='ltr'><strong>in</strong></span> <span class='ocrx_word' id='word_1_194' title='bbox 1288 1725 1398 1788; x_wconf 89' lang='lat' dir='ltr'><strong>iter</strong></span> <span class='ocrx_word' id='word_1_195' title='bbox 1422 1728 1695 1788; x_wconf 90' lang='lat' dir='ltr'><strong>daturum</strong></span> <span class='ocrx_word' id='word_1_196' title='bbox 1726 1747 1881 1805; x_wconf 86' lang='lat' dir='ltr'><strong>esse,</strong></span> <span class='ocrx_word' id='word_1_197' title='bbox 1921 1729 2104 1804; x_wconf 80' lang='lat' dir='ltr'><strong>quam</strong></span> <span class='ocrx_word' id='word_1_198' title='bbox 2123 1725 2577 1788; x_wconf 89' lang='lat' dir='ltr'><strong>commissurum</strong></span> <span class='ocrx_word' id='word_1_199' title='bbox 2597 1738 2660 1789; x_wconf 89' lang='lat' dir='ltr'><strong>vt</strong></span> <span class='ocrx_word' id='word_1_200' title='bbox 2678 1745 2855 1790; x_wconf 90' lang='lat' dir='ltr'><strong>causa</strong></span> <span class='ocrx_word' id='word_1_201' title='bbox 2871 1727 3112 1807; x_wconf 91' lang='lat' dir='ltr'><strong>publica</strong></span> <span class='ocrx_word' id='word_1_202' title='bbox 3130 1737 3371 1806; x_wconf 89' lang='lat' dir='ltr'><strong>propter</strong></span> 
     </span>
     <span class='ocr_line' id='line_1_18' title="bbox 458 1806 3370 1902; baseline -0.001 -32"><span class='ocrx_word' id='word_1_203' title='bbox 458 1807 789 1870; x_wconf 83' lang='lat' dir='ltr'><strong>absentiam</strong></span> <span class='ocrx_word' id='word_1_204' title='bbox 847 1825 1042 1868; x_wconf 89' lang='lat' dir='ltr'><strong>meam</strong></span> <span class='ocrx_word' id='word_1_205' title='bbox 1102 1807 1331 1867; x_wconf 89' lang='lat' dir='ltr'><strong>deserta</strong></span> <span class='ocrx_word' id='word_1_206' title='bbox 1372 1818 1545 1869; x_wconf 89' lang='lat' dir='ltr'><strong>esset.</strong></span> <span class='ocrx_word' id='word_1_207' title='bbox 1584 1809 1693 1868; x_wconf 88' lang='lat' dir='ltr'><strong>Ille</strong></span> <span class='ocrx_word' id='word_1_208' title='bbox 1734 1807 2086 1868; x_wconf 85' lang='lat' dir='ltr'><strong>exhilaratus</strong></span> <span class='ocrx_word' id='word_1_209' title='bbox 2125 1806 2418 1899; x_wconf 82' lang='lat' dir='ltr'><strong>promisso</strong></span> <span class='ocrx_word' id='word_1_210' title='bbox 2457 1807 2785 1869; x_wconf 88' lang='lat' dir='ltr'><strong>rimabatur</strong></span> <span class='ocrx_word' id='word_1_211' title='bbox 2821 1809 3050 1902; x_wconf 89' lang='lat' dir='ltr'><strong>omnia,</strong></span> <span class='ocrx_word' id='word_1_212' title='bbox 3090 1810 3148 1869; x_wconf 73' lang='grc' dir='ltr'><strong>δι</strong></span> <span class='ocrx_word' id='word_1_213' title='bbox 3186 1807 3370 1868; x_wconf 81' lang='lat' dir='ltr'><strong>modo</strong></span> 
     </span>
     <span class='ocr_line' id='line_1_19' title="bbox 457 1885 3369 1981; baseline -0.001 -32"><span class='ocrx_word' id='word_1_214' title='bbox 457 1892 575 1949; x_wconf 89' lang='lat' dir='ltr'><strong>huc</strong></span> <span class='ocrx_word' id='word_1_215' title='bbox 594 1933 615 1966; x_wconf 90' lang='lat'><strong>,</strong></span> <span class='ocrx_word' id='word_1_216' title='bbox 674 1887 859 1948; x_wconf 79' lang='lat' dir='ltr'><strong>modo</strong></span> <span class='ocrx_word' id='word_1_217' title='bbox 918 1885 1059 1947; x_wconf 87' lang='lat' dir='ltr'><strong>illuc</strong></span> <span class='ocrx_word' id='word_1_218' title='bbox 1118 1905 1245 1948; x_wconf 89' lang='lat' dir='ltr'><strong>sese</strong></span> <span class='ocrx_word' id='word_1_219' title='bbox 1306 1889 1723 1966; x_wconf 88' lang='lat' dir='ltr'><strong>conuertebat,</strong></span> <span class='ocrx_word' id='word_1_220' title='bbox 1782 1897 1845 1948; x_wconf 88' lang='lat' dir='ltr'><strong>vt</strong></span> <span class='ocrx_word' id='word_1_221' title='bbox 1886 1885 2046 1948; x_wconf 84' lang='lat' dir='ltr'><strong>viam</strong></span> <span class='ocrx_word' id='word_1_222' title='bbox 2086 1886 2372 1966; x_wconf 83' lang='lat' dir='ltr'><strong>aliquam,</strong></span> <span class='ocrx_word' id='word_1_223' title='bbox 2434 1886 2484 1947; x_wconf 93' lang='lat' dir='ltr'><strong>si</strong></span> <span class='ocrx_word' id='word_1_224' title='bbox 2525 1890 2713 1966; x_wconf 88' lang='lat' dir='ltr'><strong>forte,</strong></span> <span class='ocrx_word' id='word_1_225' title='bbox 2767 1888 3038 1981; x_wconf 88' lang='lat' dir='ltr'><strong>aperiret.</strong></span> <span class='ocrx_word' id='word_1_226' title='bbox 3096 1888 3369 1948; x_wconf 87' lang='lat' dir='ltr'><strong>Tandem</strong></span> 
     </span>
     <span class='ocr_line' id='line_1_20' title="bbox 459 1933 3370 2061; baseline -0 -33"><span class='ocrx_word' id='word_1_227' title='bbox 459 1986 595 2029; x_wconf 87' lang='lat' dir='ltr'><strong>cum</strong></span> <span class='ocrx_word' id='word_1_228' title='bbox 635 1965 1033 2059; x_wconf 77' lang='lat' dir='ltr'><strong>caementario</strong></span> <span class='ocrx_word' id='word_1_229' title='bbox 1074 1975 1391 2060; x_wconf 86' lang='lat' dir='ltr'><strong>structore,</strong></span> <span class='ocrx_word' id='word_1_230' title='bbox 1430 1967 1534 2046; x_wconf 86' lang='lat' dir='ltr'><strong>qui</strong></span> <span class='ocrx_word' id='word_1_231' title='bbox 1572 1968 1635 2028; x_wconf 91' lang='lat' dir='ltr'><strong>in</strong></span> <span class='ocrx_word' id='word_1_232' title='bbox 1675 1933 2016 2060; x_wconf 88' lang='lat' dir='ltr'><strong>propinquo</strong></span> <span class='ocrx_word' id='word_1_233' title='bbox 2057 1967 2344 2029; x_wconf 88' lang='lat' dir='ltr'><strong>caedebat</strong></span> <span class='ocrx_word' id='word_1_234' title='bbox 2381 1967 2636 2046; x_wconf 88' lang='lat' dir='ltr'><strong>lapides,</strong></span> <span class='ocrx_word' id='word_1_235' title='bbox 2669 1967 3018 2061; x_wconf 76' lang='lat' dir='ltr'><strong>paciscitur,</strong></span> <span class='ocrx_word' id='word_1_236' title='bbox 3048 1987 3145 2028; x_wconf 91' lang='lat' dir='ltr'><strong>me</strong></span> <span class='ocrx_word' id='word_1_237' title='bbox 3179 1978 3370 2029; x_wconf 83' lang='lat' dir='ltr'><strong>vestes</strong></span> 
     </span>
     <span class='ocr_line' id='line_1_21' title="bbox 460 2046 3371 2140; baseline -0.001 -31"><span class='ocrx_word' id='word_1_238' title='bbox 460 2068 621 2109; x_wconf 88' lang='lat' dir='ltr'><strong>meas</strong></span> <span class='ocrx_word' id='word_1_239' title='bbox 682 2046 745 2107; x_wconf 90' lang='lat' dir='ltr'><strong>in</strong></span> <span class='ocrx_word' id='word_1_240' title='bbox 802 2049 941 2108; x_wconf 91' lang='lat' dir='ltr'><strong>loco</strong></span> <span class='ocrx_word' id='word_1_241' title='bbox 1002 2047 1345 2106; x_wconf 87' lang='lat' dir='ltr'><strong>relicturum</strong></span> <span class='ocrx_word' id='word_1_242' title='bbox 1397 2046 1557 2125; x_wconf 91' lang='lat' dir='ltr'><strong>apud</strong></span> <span class='ocrx_word' id='word_1_243' title='bbox 1600 2046 1941 2140; x_wconf 89' lang='lat' dir='ltr'><strong>hospitem,</strong></span> <span class='ocrx_word' id='word_1_244' title='bbox 1980 2049 2037 2108; x_wconf 78' lang='grc' dir='ltr'><strong>δι</strong></span> <span class='ocrx_word' id='word_1_245' title='bbox 2082 2047 2468 2108; x_wconf 88' lang='lat' dir='ltr'><strong>commodato</strong></span> <span class='ocrx_word' id='word_1_246' title='bbox 2508 2047 2771 2110; x_wconf 85' lang='lat' dir='ltr'><strong>vestibus</strong></span> <span class='ocrx_word' id='word_1_247' title='bbox 2808 2047 2989 2126; x_wconf 89' lang='lat' dir='ltr'><strong>ipsius</strong></span> <span class='ocrx_word' id='word_1_248' title='bbox 3031 2050 3371 2110; x_wconf 86' lang='lat' dir='ltr'><strong>abusurum.</strong></span> 
     </span>
     <span class='ocr_line' id='line_1_22' title="bbox 458 2125 3372 2219; baseline -0.001 -30"><span class='ocrx_word' id='word_1_249' title='bbox 458 2131 550 2189; x_wconf 78' lang='lat' dir='ltr'><strong>Ita</strong></span> <span class='ocrx_word' id='word_1_250' title='bbox 595 2138 837 2189; x_wconf 89' lang='lat' dir='ltr'><strong>ornatus</strong></span> <span class='ocrx_word' id='word_1_251' title='bbox 850 2173 868 2205; x_wconf 92' lang='lat'><strong>,</strong></span> <span class='ocrx_word' id='word_1_252' title='bbox 908 2144 1047 2187; x_wconf 93' lang='lat' dir='ltr'><strong>cum</strong></span> <span class='ocrx_word' id='word_1_253' title='bbox 1086 2125 1191 2188; x_wconf 88' lang='lat' dir='ltr'><strong>illo</strong></span> <span class='ocrx_word' id='word_1_254' title='bbox 1232 2125 1385 2187; x_wconf 90' lang='lat' dir='ltr'><strong>duce</strong></span> <span class='ocrx_word' id='word_1_255' title='bbox 1422 2126 1673 2205; x_wconf 75' lang='lat' dir='ltr'><strong>itineris»,</strong></span> <span class='ocrx_word' id='word_1_256' title='bbox 1714 2126 1945 2188; x_wconf 84' lang='lat' dir='ltr'><strong>excurri</strong></span> <span class='ocrx_word' id='word_1_257' title='bbox 1977 2129 2202 2219; x_wconf 79' lang='lat' dir='ltr'><strong>Brugas</strong></span> <span class='ocrx_word' id='word_1_258' title='bbox 2243 2125 2682 2204; x_wconf 77' lang='lat' dir='ltr'><strong>diligentissime</strong></span> <span class='ocrx_word' id='word_1_259' title='bbox 2719 2130 2882 2204; x_wconf 89' lang='lat' dir='ltr'><strong>(nam</strong></span> <span class='ocrx_word' id='word_1_260' title='bbox 2917 2127 3228 2207; x_wconf 86' lang='lat' dir='ltr'><strong>ingruebat</strong></span> <span class='ocrx_word' id='word_1_261' title='bbox 3244 2147 3372 2188; x_wconf 83' lang='lat' dir='ltr'><strong>ves-</strong></span> 
     </span>
     <span class='ocr_line' id='line_1_23' title="bbox 460 2204 3375 2300; baseline 0 -32"><span class='ocrx_word' id='word_1_262' title='bbox 460 2211 625 2286; x_wconf 88' lang='lat' dir='ltr'><strong>pera)</strong></span> <span class='ocrx_word' id='word_1_263' title='bbox 666 2209 723 2266; x_wconf 86' lang='lat'>&amp;</span> <span class='ocrx_word' id='word_1_264' title='bbox 750 2205 1121 2268; x_wconf 89' lang='lat' dir='ltr'><strong>intromissus</strong></span> <span class='ocrx_word' id='word_1_265' title='bbox 1152 2205 1217 2266; x_wconf 87' lang='lat' dir='ltr'><strong>in</strong></span> <span class='ocrx_word' id='word_1_266' title='bbox 1236 2209 1445 2267; x_wconf 81' lang='lat' dir='ltr'><strong>vrbem</strong></span> <span class='ocrx_word' id='word_1_267' title='bbox 1463 2208 1695 2285; x_wconf 88' lang='lat' dir='ltr'><strong>portula</strong></span> <span class='ocrx_word' id='word_1_268' title='bbox 1714 2204 2061 2300; x_wconf 72' lang='lat' dir='ltr'><strong>pertransitu</strong></span> <span class='ocrx_word' id='word_1_269' title='bbox 2084 2216 2390 2298; x_wconf 77' lang='lat' dir='ltr'><strong>vti-amque</strong></span> <span class='ocrx_word' id='word_1_270' title='bbox 2409 2207 2770 2282; x_wconf 84' lang='lat' dir='ltr'><strong>custodiam,</strong></span> <span class='ocrx_word' id='word_1_271' title='bbox 2791 2208 3108 2268; x_wconf 89' lang='lat' dir='ltr'><strong>seruiturus</strong></span> <span class='ocrx_word' id='word_1_272' title='bbox 3127 2217 3375 2268; x_wconf 87' lang='lat' dir='ltr'><strong>structu-</strong></span> 
     </span>
     <span class='ocr_line' id='line_1_24' title="bbox 458 2284 3373 2365; baseline -0.001 -17"><span class='ocrx_word' id='word_1_273' title='bbox 458 2307 559 2348; x_wconf 88' lang='lat' dir='ltr'><strong>rae</strong></span> <span class='ocrx_word' id='word_1_274' title='bbox 586 2285 789 2365; x_wconf 90' lang='lat' dir='ltr'><strong>templi</strong></span> <span class='ocrx_word' id='word_1_275' title='bbox 818 2284 1081 2347; x_wconf 88' lang='lat' dir='ltr'><strong>Domini.</strong></span> <span class='ocrx_word' id='word_1_276' title='bbox 1120 2285 1615 2348; x_wconf 79' lang='lat' dir='ltr'><strong>Commodissime</strong></span> <span class='ocrx_word' id='word_1_277' title='bbox 1644 2293 1789 2350; x_wconf 82' lang='lat' dir='ltr'><strong>vero</strong></span> <span class='ocrx_word' id='word_1_278' title='bbox 1808 2287 1963 2347; x_wconf 89' lang='lat' dir='ltr'><strong>inter</strong></span> <span class='ocrx_word' id='word_1_279' title='bbox 1979 2285 2286 2347; x_wconf 90' lang='lat' dir='ltr'><strong>custodias</strong></span> <span class='ocrx_word' id='word_1_280' title='bbox 2315 2286 2443 2347; x_wconf 89' lang='lat' dir='ltr'><strong>illas</strong></span> <span class='ocrx_word' id='word_1_281' title='bbox 2465 2288 2626 2347; x_wconf 92' lang='lat' dir='ltr'><strong>Deus</strong></span> <span class='ocrx_word' id='word_1_282' title='bbox 2645 2306 2904 2365; x_wconf 85' lang='lat' dir='ltr'><strong>prospex</strong></span> <span class='ocrx_word' id='word_1_283' title='bbox 2921 2297 3047 2348; x_wconf 90' lang='lat' dir='ltr'><strong>erat</strong></span> <span class='ocrx_word' id='word_1_284' title='bbox 3069 2287 3146 2348; x_wconf 92' lang='lat' dir='ltr'><strong>de</strong></span> <span class='ocrx_word' id='word_1_285' title='bbox 3165 2289 3228 2363; x_wconf 89' lang='lat' dir='ltr'><strong>(f.</strong></span> <span class='ocrx_word' id='word_1_286' title='bbox 3257 2291 3373 2362; x_wconf 89' lang='lat'><strong>18.)</strong></span> 
     </span>
     <span class='ocr_line' id='line_1_25' title="bbox 460 2366 3373 2460; baseline -0.001 -32"><span class='ocrx_word' id='word_1_287' title='bbox 460 2367 683 2428; x_wconf 87' lang='lat' dir='ltr'><strong>artifice</strong></span> <span class='ocrx_word' id='word_1_288' title='bbox 742 2367 1003 2445; x_wconf 89' lang='lat' dir='ltr'><strong>quodam</strong></span> <span class='ocrx_word' id='word_1_289' title='bbox 1056 2369 1143 2443; x_wconf 89' lang='lat' dir='ltr'><strong>(vt</strong></span> <span class='ocrx_word' id='word_1_290' title='bbox 1184 2366 1421 2444; x_wconf 87' lang='lat' dir='ltr'><strong>opinor)</strong></span> <span class='ocrx_word' id='word_1_291' title='bbox 1459 2366 1743 2447; x_wconf 89' lang='lat' dir='ltr'><strong>Brugensi</strong></span> <span class='ocrx_word' id='word_1_292' title='bbox 1782 2366 1945 2428; x_wconf 91' lang='lat' dir='ltr'><strong>ciue·</strong></span> <span class='ocrx_word' id='word_1_293' title='bbox 2009 2366 2112 2445; x_wconf 93' lang='lat' dir='ltr'><strong>qui</strong></span> <span class='ocrx_word' id='word_1_294' title='bbox 2154 2366 2313 2426; x_wconf 86' lang='lat' dir='ltr'><strong>viam</strong></span> <span class='ocrx_word' id='word_1_295' title='bbox 2350 2366 2649 2428; x_wconf 87' lang='lat' dir='ltr'><strong>sternebat</strong></span> <span class='ocrx_word' id='word_1_296' title='bbox 2686 2367 3028 2460; x_wconf 89' lang='lat' dir='ltr'><strong>imprudens</strong></span> <span class='ocrx_word' id='word_1_297' title='bbox 3042 2412 3059 2447; x_wconf 89' lang='lat'><strong>,</strong></span> <span class='ocrx_word' id='word_1_298' title='bbox 3118 2375 3185 2426; x_wconf 83' lang='lat' dir='ltr'><strong>vt</strong></span> <span class='ocrx_word' id='word_1_299' title='bbox 3228 2366 3373 2427; x_wconf 87' lang='lat' dir='ltr'><strong>citra</strong></span> 
     </span>
     <span class='ocr_line' id='line_1_26' title="bbox 462 2446 3375 2542; baseline -0 -34"><span class='ocrx_word' id='word_1_300' title='bbox 462 2446 869 2525; x_wconf 89' lang='lat' dir='ltr'><strong>quaestionem</strong></span> <span class='ocrx_word' id='word_1_301' title='bbox 930 2456 1031 2507; x_wconf 89' lang='lat' dir='ltr'><strong>aut</strong></span> <span class='ocrx_word' id='word_1_302' title='bbox 1088 2448 1557 2509; x_wconf 88' lang='lat' dir='ltr'><strong>controuersiam</strong></span> <span class='ocrx_word' id='word_1_303' title='bbox 1602 2466 1723 2542; x_wconf 36' lang='lat' dir='ltr'><strong>‘per</strong></span> <span class='ocrx_word' id='word_1_304' title='bbox 1782 2467 1882 2509; x_wconf 86' lang='lat' dir='ltr'><strong>eas</strong></span> <span class='ocrx_word' id='word_1_305' title='bbox 1940 2446 2380 2509; x_wconf 80' lang='lat' dir='ltr'><strong>transmitteret.</strong></span> <span class='ocrx_word' id='word_1_306' title='bbox 2441 2449 2548 2508; x_wconf 88' lang='lat' dir='ltr'><strong>Ille</strong></span> <span class='ocrx_word' id='word_1_307' title='bbox 2606 2446 2765 2508; x_wconf 89' lang='lat' dir='ltr'><strong>enim</strong></span> <span class='ocrx_word' id='word_1_308' title='bbox 2825 2449 3072 2509; x_wconf 90' lang='lat' dir='ltr'><strong>alterum</strong></span> <span class='ocrx_word' id='word_1_309' title='bbox 3110 2467 3208 2509; x_wconf 89' lang='lat' dir='ltr'><strong>me</strong></span> <span class='ocrx_word' id='word_1_310' title='bbox 3245 2466 3375 2507; x_wconf 88' lang='lat' dir='ltr'><strong>esse</strong></span> 
     </span>
     <span class='ocr_line' id='line_1_27' title="bbox 465 2526 3375 2620; baseline -0 -32"><span class='ocrx_word' id='word_1_311' title='bbox 465 2538 655 2619; x_wconf 86' lang='lat' dir='ltr'><strong>ratus,</strong></span> <span class='ocrx_word' id='word_1_312' title='bbox 709 2526 967 2587; x_wconf 85' lang='lat' dir='ltr'><strong>vicinum</strong></span> <span class='ocrx_word' id='word_1_313' title='bbox 1008 2527 1192 2587; x_wconf 90' lang='lat' dir='ltr'><strong>credo</strong></span> <span class='ocrx_word' id='word_1_314' title='bbox 1206 2572 1223 2605; x_wconf 93' lang='lat'><strong>,</strong></span> <span class='ocrx_word' id='word_1_315' title='bbox 1284 2536 1385 2587; x_wconf 89' lang='lat' dir='ltr'><strong>aut</strong></span> <span class='ocrx_word' id='word_1_316' title='bbox 1422 2527 1719 2607; x_wconf 90' lang='lat' dir='ltr'><strong>plebeium</strong></span> <span class='ocrx_word' id='word_1_317' title='bbox 1764 2526 1877 2589; x_wconf 86' lang='lat' dir='ltr'><strong>sibi</strong></span> <span class='ocrx_word' id='word_1_318' title='bbox 1933 2526 2296 2588; x_wconf 85' lang='lat' dir='ltr'><strong>familiariter</strong></span> <span class='ocrx_word' id='word_1_319' title='bbox 2334 2538 2570 2607; x_wconf 89' lang='lat' dir='ltr'><strong>notum,</strong></span> <span class='ocrx_word' id='word_1_320' title='bbox 2609 2528 2870 2620; x_wconf 77' lang='lat' dir='ltr'><strong>Flandro</strong></span> <span class='ocrx_word' id='word_1_321' title='bbox 2909 2545 3184 2589; x_wconf 90' lang='lat' dir='ltr'><strong>sermone</strong></span> <span class='ocrx_word' id='word_1_322' title='bbox 3223 2545 3375 2588; x_wconf 86' lang='lat' dir='ltr'><strong>voce</strong></span> 
     </span>
     <span class='ocr_line' id='line_1_28' title="bbox 463 2573 3372 2698; baseline -0.001 -30"><span class='ocrx_word' id='word_1_323' title='bbox 463 2573 719 2668; x_wconf 88' lang='lat' dir='ltr'><strong>maxima</strong></span> <span class='ocrx_word' id='word_1_324' title='bbox 776 2605 1161 2686; x_wconf 86' lang='lat' dir='ltr'><strong>acclamauit,</strong></span> <span class='ocrx_word' id='word_1_325' title='bbox 1218 2608 1419 2669; x_wconf 83' lang='lat' dir='ltr'><strong>bonam</strong></span> <span class='ocrx_word' id='word_1_326' title='bbox 1483 2616 1815 2685; x_wconf 80' lang='lat' dir='ltr'><strong>vesperam,</strong></span> <span class='ocrx_word' id='word_1_327' title='bbox 1878 2615 2202 2686; x_wconf 79' lang='lat' dir='ltr'><strong>compater.-</strong></span> <span class='ocrx_word' id='word_1_328' title='bbox 2262 2609 2318 2668; x_wconf 87' lang='lat'>&amp;</span> <span class='ocrx_word' id='word_1_329' title='bbox 2375 2608 2554 2669; x_wconf 83' lang='lat' dir='ltr'><strong>falsus</strong></span> <span class='ocrx_word' id='word_1_330' title='bbox 2596 2606 2876 2685; x_wconf 91' lang='lat' dir='ltr'><strong>opinione</strong></span> <span class='ocrx_word' id='word_1_331' title='bbox 2915 2606 3372 2698; x_wconf 75' lang='lat' dir='ltr'><strong>imprudensque</strong></span> 
     </span>
     <span class='ocr_line' id='line_1_29' title="bbox 462 2684 3375 2779; baseline -0.001 -32"><span class='ocrx_word' id='word_1_332' title='bbox 462 2686 665 2749; x_wconf 84' lang='lat' dir='ltr'><strong>fefellit</strong></span> <span class='ocrx_word' id='word_1_333' title='bbox 704 2686 1041 2763; x_wconf 80' lang='lat' dir='ltr'><strong>custodias,</strong></span> <span class='ocrx_word' id='word_1_334' title='bbox 1081 2704 1301 2764; x_wconf 85' lang='lat' dir='ltr'><strong>magno</strong></span> <span class='ocrx_word' id='word_1_335' title='bbox 1343 2686 1647 2749; x_wconf 87' lang='lat' dir='ltr'><strong>Ecclesiae</strong></span> <span class='ocrx_word' id='word_1_336' title='bbox 1684 2688 2032 2749; x_wconf 90' lang='lat' dir='ltr'><strong>commodo.</strong></span> <span class='ocrx_word' id='word_1_337' title='bbox 2071 2690 2164 2747; x_wconf 86' lang='lat' dir='ltr'><strong>Ita</strong></span> <span class='ocrx_word' id='word_1_338' title='bbox 2205 2687 2520 2779; x_wconf 80' lang='lat' dir='ltr'><strong>superueni</strong></span> <span class='ocrx_word' id='word_1_339' title='bbox 2559 2686 2836 2748; x_wconf 87' lang='lat' dir='ltr'><strong>fratribus</strong></span> <span class='ocrx_word' id='word_1_340' title='bbox 2861 2685 3237 2747; x_wconf 89' lang='lat' dir='ltr'><strong>haerentibus</strong></span> <span class='ocrx_word' id='word_1_341' title='bbox 3257 2684 3375 2745; x_wconf 89' lang='lat' dir='ltr'><strong>mei</strong></span> 
     </span>
     <span class='ocr_line' id='line_1_30' title="bbox 462 2764 3371 2845; baseline -0.001 -17.926"><span class='ocrx_word' id='word_1_342' title='bbox 462 2764 899 2845; x_wconf 84' lang='lat' dir='ltr'><strong>exspectatione</strong></span> <span class='ocrx_word' id='word_1_343' title='bbox 912 2811 930 2844; x_wconf 96' lang='lat'><strong>,</strong></span> <span class='ocrx_word' id='word_1_344' title='bbox 990 2768 1047 2825; x_wconf 90' lang='lat'>&amp;</span> <span class='ocrx_word' id='word_1_345' title='bbox 1106 2766 1284 2828; x_wconf 87' lang='lat' dir='ltr'><strong>rebus</strong></span> <span class='ocrx_word' id='word_1_346' title='bbox 1345 2766 1609 2845; x_wconf 86' lang='lat' dir='ltr'><strong>ipsorum</strong></span> <span class='ocrx_word' id='word_1_347' title='bbox 1666 2766 1937 2829; x_wconf 85' lang='lat' dir='ltr'><strong>consului</strong></span> <span class='ocrx_word' id='word_1_348' title='bbox 1951 2812 1970 2845; x_wconf 92' lang='lat'><strong>,</strong></span> <span class='ocrx_word' id='word_1_349' title='bbox 2029 2776 2207 2845; x_wconf 90' lang='lat' dir='ltr'><strong>prout</strong></span> <span class='ocrx_word' id='word_1_350' title='bbox 2268 2765 2516 2845; x_wconf 84' lang='lat' dir='ltr'><strong>gratiam</strong></span> <span class='ocrx_word' id='word_1_351' title='bbox 2567 2766 2743 2828; x_wconf 91' lang='lat' dir='ltr'><strong>nobis</strong></span> <span class='ocrx_word' id='word_1_352' title='bbox 2784 2776 2874 2827; x_wconf 89' lang='lat' dir='ltr'><strong>est</strong></span> <span class='ocrx_word' id='word_1_353' title='bbox 2909 2764 3149 2845; x_wconf 88' lang='lat' dir='ltr'><strong>largitus</strong></span> <span class='ocrx_word' id='word_1_354' title='bbox 3191 2767 3371 2826; x_wconf 90' lang='lat' dir='ltr'><strong>Deus.</strong></span> 
     </span>
     <span class='ocr_line' id='line_1_31' title="bbox 463 2845 3378 2940; baseline -0.001 -33"><span class='ocrx_word' id='word_1_355' title='bbox 463 2848 645 2925; x_wconf 91' lang='lat' dir='ltr'><strong>Apud</strong></span> <span class='ocrx_word' id='word_1_356' title='bbox 702 2848 927 2925; x_wconf 88' lang='lat' dir='ltr'><strong>Brugas</strong></span> <span class='ocrx_word' id='word_1_357' title='bbox 984 2846 1195 2907; x_wconf 89' lang='lat' dir='ltr'><strong>diebus</strong></span> <span class='ocrx_word' id='word_1_358' title='bbox 1250 2845 1475 2924; x_wconf 85' lang='lat' dir='ltr'><strong>aliquot</strong></span> <span class='ocrx_word' id='word_1_359' title='bbox 1534 2846 1932 2926; x_wconf 87' lang='lat' dir='ltr'><strong>consumptis,</strong></span> <span class='ocrx_word' id='word_1_360' title='bbox 1993 2846 2241 2908; x_wconf 87' lang='lat' dir='ltr'><strong>salutaui</strong></span> <span class='ocrx_word' id='word_1_361' title='bbox 2290 2848 2496 2909; x_wconf 80' lang='lat' dir='ltr'><strong>fratres</strong></span> <span class='ocrx_word' id='word_1_362' title='bbox 2511 2892 2528 2923; x_wconf 91' lang='lat'><strong>,</strong></span> <span class='ocrx_word' id='word_1_363' title='bbox 2587 2849 2642 2907; x_wconf 74' lang='lat'><strong>81</strong></span> <span class='ocrx_word' id='word_1_364' title='bbox 2694 2846 3078 2940; x_wconf 90' lang='lat' dir='ltr'><strong>Antuerpiam</strong></span> <span class='ocrx_word' id='word_1_365' title='bbox 3141 2862 3378 2905; x_wconf 87' lang='lat' dir='ltr'><strong>euersus</strong></span> 
     </span>
     <span class='ocr_line' id='line_1_32' title="bbox 464 2923 3373 3006; baseline -0.001 -18"><span class='ocrx_word' id='word_1_366' title='bbox 464 2944 621 2988; x_wconf 89' lang='lat' dir='ltr'><strong>sum:</strong></span> <span class='ocrx_word' id='word_1_367' title='bbox 683 2926 785 2987; x_wconf 87' lang='lat' dir='ltr'><strong>vbi</strong></span> <span class='ocrx_word' id='word_1_368' title='bbox 841 2938 1074 3005; x_wconf 88' lang='lat' dir='ltr'><strong>praeter</strong></span> <span class='ocrx_word' id='word_1_369' title='bbox 1130 2926 1475 3004; x_wconf 77' lang='lat' dir='ltr'><strong>opinionem</strong></span> <span class='ocrx_word' id='word_1_370' title='bbox 1534 2946 1631 2988; x_wconf 90' lang='lat' dir='ltr'><strong>me</strong></span> <span class='ocrx_word' id='word_1_371' title='bbox 1689 2929 1994 2988; x_wconf 89' lang='lat' dir='ltr'><strong>exclusum</strong></span> <span class='ocrx_word' id='word_1_372' title='bbox 2057 2926 2324 3006; x_wconf 88' lang='lat' dir='ltr'><strong>comperi</strong></span> <span class='ocrx_word' id='word_1_373' title='bbox 2373 2929 2452 2988; x_wconf 88' lang='lat' dir='ltr'><strong>ab</strong></span> <span class='ocrx_word' id='word_1_374' title='bbox 2497 2925 2799 2987; x_wconf 88' lang='lat' dir='ltr'><strong>Ecclesiae</strong></span> <span class='ocrx_word' id='word_1_375' title='bbox 2839 2925 2993 2987; x_wconf 89' lang='lat' dir='ltr'><strong>illius</strong></span> <span class='ocrx_word' id='word_1_376' title='bbox 3031 2923 3373 2986; x_wconf 91' lang='lat' dir='ltr'><strong>ministerio.</strong></span> 
     </span>
     <span class='ocr_line' id='line_1_33' title="bbox 463 3003 3377 3099; baseline -0.001 -32"><span class='ocrx_word' id='word_1_377' title='bbox 463 3010 621 3067; x_wconf 89' lang='lat' dir='ltr'><strong>Nam</strong></span> <span class='ocrx_word' id='word_1_378' title='bbox 659 3008 796 3067; x_wconf 81' lang='lat' dir='ltr'><strong>cum</strong></span> <span class='ocrx_word' id='word_1_379' title='bbox 836 3006 975 3067; x_wconf 90' lang='lat' dir='ltr'><strong>inde</strong></span> <span class='ocrx_word' id='word_1_380' title='bbox 1012 3008 1091 3067; x_wconf 91' lang='lat' dir='ltr'><strong>ab</strong></span> <span class='ocrx_word' id='word_1_381' title='bbox 1130 3008 1403 3097; x_wconf 84' lang='lat' dir='ltr'><strong>Augusto</strong></span> <span class='ocrx_word' id='word_1_382' title='bbox 1445 3026 1682 3085; x_wconf 90' lang='lat' dir='ltr'><strong>mense,</strong></span> <span class='ocrx_word' id='word_1_383' title='bbox 1722 3024 1843 3084; x_wconf 89' lang='lat' dir='ltr'><strong>quo</strong></span> <span class='ocrx_word' id='word_1_384' title='bbox 1884 3008 2295 3069; x_wconf 86' lang='lat' dir='ltr'><strong>Iconoclastae</strong></span> <span class='ocrx_word' id='word_1_385' title='bbox 2334 3006 2554 3099; x_wconf 75' lang='lat' dir='ltr'><strong>passim</strong></span> <span class='ocrx_word' id='word_1_386' title='bbox 2593 3006 2954 3099; x_wconf 88' lang='lat' dir='ltr'><strong>irruperant,</strong></span> <span class='ocrx_word' id='word_1_387' title='bbox 3021 3003 3377 3065; x_wconf 89' lang='lat' dir='ltr'><strong>seditionum</strong></span> 
     </span>
     <span class='ocr_line' id='line_1_34' title="bbox 464 3084 3377 3180; baseline -0.001 -32"><span class='ocrx_word' id='word_1_388' title='bbox 464 3090 520 3148; x_wconf 79' lang='grc' dir='ltr'><strong>δι</strong></span> <span class='ocrx_word' id='word_1_389' title='bbox 558 3102 891 3166; x_wconf 86' lang='lat' dir='ltr'><strong>pugnarum</strong></span> <span class='ocrx_word' id='word_1_390' title='bbox 930 3096 1123 3147; x_wconf 90' lang='lat' dir='ltr'><strong>metus</strong></span> <span class='ocrx_word' id='word_1_391' title='bbox 1162 3084 1566 3180; x_wconf 74' lang='lat' dir='ltr'><strong>impenderet,</strong></span> <span class='ocrx_word' id='word_1_392' title='bbox 1609 3088 1799 3148; x_wconf 84' lang='lat' dir='ltr'><strong>fuerat</strong></span> <span class='ocrx_word' id='word_1_393' title='bbox 1850 3085 2368 3148; x_wconf 88' lang='lat' dir='ltr'><strong>Gubernatoribus</strong></span> <span class='ocrx_word' id='word_1_394' title='bbox 2410 3085 2654 3165; x_wconf 88' lang='lat' dir='ltr'><strong>singulis</strong></span> <span class='ocrx_word' id='word_1_395' title='bbox 2693 3086 3041 3147; x_wconf 87' lang='lat' dir='ltr'><strong>mandatum</strong></span> <span class='ocrx_word' id='word_1_396' title='bbox 3054 3131 3072 3164; x_wconf 96' lang='lat'><strong>,</strong></span> <span class='ocrx_word' id='word_1_397' title='bbox 3113 3096 3179 3145; x_wconf 88' lang='lat' dir='ltr'><strong>vt</strong></span> <span class='ocrx_word' id='word_1_398' title='bbox 3215 3104 3377 3145; x_wconf 90' lang='lat' dir='ltr'><strong>com-</strong></span> 
     </span>
     <span class='ocr_line' id='line_1_35' title="bbox 462 3164 3378 3257; baseline -0.001 -29.955"><span class='ocrx_word' id='word_1_399' title='bbox 462 3167 647 3228; x_wconf 85' lang='lat' dir='ltr'><strong>moda</strong></span> <span class='ocrx_word' id='word_1_400' title='bbox 683 3165 1081 3227; x_wconf 89' lang='lat' dir='ltr'><strong>transactione</strong></span> <span class='ocrx_word' id='word_1_401' title='bbox 1120 3166 1525 3244; x_wconf 87' lang='lat' dir='ltr'><strong>tranquillitati</strong></span> <span class='ocrx_word' id='word_1_402' title='bbox 1564 3166 1838 3245; x_wconf 83' lang='lat' dir='ltr'><strong>publicae</strong></span> <span class='ocrx_word' id='word_1_403' title='bbox 1880 3169 2276 3228; x_wconf 89' lang='lat' dir='ltr'><strong>consulerent.</strong></span> <span class='ocrx_word' id='word_1_404' title='bbox 2325 3168 2468 3227; x_wconf 91' lang='lat' dir='ltr'><strong>Hoc</strong></span> <span class='ocrx_word' id='word_1_405' title='bbox 2507 3166 2756 3228; x_wconf 87' lang='lat' dir='ltr'><strong>consilio</strong></span> <span class='ocrx_word' id='word_1_406' title='bbox 2799 3165 3186 3227; x_wconf 86' lang='lat' dir='ltr'><strong>Aurasiorum</strong></span> <span class='ocrx_word' id='word_1_407' title='bbox 3225 3164 3378 3257; x_wconf 80' lang='lat' dir='ltr'><strong>prin-</strong></span> 
     </span>
     <span class='ocr_line' id='line_1_36' title="bbox 461 3244 3380 3336; baseline -0.001 -29"><span class='ocrx_word' id='word_1_408' title='bbox 461 3264 637 3324; x_wconf 83' lang='lat' dir='ltr'><strong>ceps,</strong></span> <span class='ocrx_word' id='word_1_409' title='bbox 674 3244 1071 3336; x_wconf 85' lang='lat' dir='ltr'><strong>Burggrauius</strong></span> <span class='ocrx_word' id='word_1_410' title='bbox 1107 3248 1195 3321; x_wconf 85' lang='lat' dir='ltr'><strong>(vt</strong></span> <span class='ocrx_word' id='word_1_411' title='bbox 1226 3250 1471 3323; x_wconf 87' lang='lat' dir='ltr'><strong>vocant)</strong></span> <span class='ocrx_word' id='word_1_412' title='bbox 1512 3264 1617 3309; x_wconf 85' lang='lat' dir='ltr'><strong>seu</strong></span> <span class='ocrx_word' id='word_1_413' title='bbox 1644 3246 1998 3307; x_wconf 88' lang='lat' dir='ltr'><strong>Vicecomes</strong></span> <span class='ocrx_word' id='word_1_414' title='bbox 2035 3244 2508 3324; x_wconf 77' lang='lat' dir='ltr'><strong>AntuerpianuS,</strong></span> <span class='ocrx_word' id='word_1_415' title='bbox 2549 3256 2710 3307; x_wconf 90' lang='lat' dir='ltr'><strong>certa</strong></span> <span class='ocrx_word' id='word_1_416' title='bbox 2739 3244 2932 3325; x_wconf 89' lang='lat' dir='ltr'><strong>capita</strong></span> <span class='ocrx_word' id='word_1_417' title='bbox 2961 3244 3380 3307; x_wconf 87' lang='lat' dir='ltr'><strong>conuentionis</strong></span> 
     </span>
     <span class='ocr_line' id='line_1_37' title="bbox 464 3323 3382 3405; baseline -0.001 -18"><span class='ocrx_word' id='word_1_418' title='bbox 464 3325 616 3387; x_wconf 89' lang='lat' dir='ltr'><strong>inter</strong></span> <span class='ocrx_word' id='word_1_419' title='bbox 636 3324 798 3385; x_wconf 89' lang='lat' dir='ltr'><strong>ciues</strong></span> <span class='ocrx_word' id='word_1_420' title='bbox 816 3323 1114 3402; x_wconf 84' lang='lat' dir='ltr'><strong>vtrimque</strong></span> <span class='ocrx_word' id='word_1_421' title='bbox 1128 3326 1257 3389; x_wconf 86' lang='lat' dir='ltr'><strong>fieri</strong></span> <span class='ocrx_word' id='word_1_422' title='bbox 1276 3336 1621 3403; x_wconf 89' lang='lat' dir='ltr'><strong>curauerat,</strong></span> <span class='ocrx_word' id='word_1_423' title='bbox 1660 3326 2236 3405; x_wconf 79' lang='lat' dir='ltr'><strong>transactionemque</strong></span> <span class='ocrx_word' id='word_1_424' title='bbox 2264 3325 2472 3405; x_wconf 86' lang='lat' dir='ltr'><strong>statui,</strong></span> <span class='ocrx_word' id='word_1_425' title='bbox 2502 3328 2668 3403; x_wconf 88' lang='lat' dir='ltr'><strong>cujus</strong></span> <span class='ocrx_word' id='word_1_426' title='bbox 2701 3325 3110 3387; x_wconf 89' lang='lat' dir='ltr'><strong>transactionis</strong></span> <span class='ocrx_word' id='word_1_427' title='bbox 3131 3326 3382 3385; x_wconf 87' lang='lat' dir='ltr'><strong>habetur</strong></span> 
     </span>
     <span class='ocr_line' id='line_1_38' title="bbox 466 3371 3378 3497; baseline -0.001 -30"><span class='ocrx_word' id='word_1_428' title='bbox 466 3406 803 3483; x_wconf 85' lang='lat' dir='ltr'><strong>exemplum</strong></span> <span class='ocrx_word' id='word_1_429' title='bbox 838 3404 1133 3483; x_wconf 87' lang='lat' dir='ltr'><strong>integrum</strong></span> <span class='ocrx_word' id='word_1_430' title='bbox 1174 3407 1235 3467; x_wconf 90' lang='grc' dir='ltr'><strong>ιιι</strong></span> <span class='ocrx_word' id='word_1_431' title='bbox 1278 3406 1512 3468; x_wconf 84' lang='lat' dir='ltr'><strong>Gallico</strong></span> <span class='ocrx_word' id='word_1_432' title='bbox 1551 3371 2000 3497; x_wconf 77' lang='lat' dir='ltr'><strong>M&#39;artyrologio.</strong></span> <span class='ocrx_word' id='word_1_433' title='bbox 2041 3408 2198 3466; x_wconf 88' lang='lat' dir='ltr'><strong>Nam</strong></span> <span class='ocrx_word' id='word_1_434' title='bbox 2221 3424 2296 3465; x_wconf 90' lang='lat' dir='ltr'><strong>ex</strong></span> <span class='ocrx_word' id='word_1_435' title='bbox 2314 3424 2390 3466; x_wconf 92' lang='lat' dir='ltr'><strong>eo</strong></span> <span class='ocrx_word' id='word_1_436' title='bbox 2411 3416 2681 3483; x_wconf 90' lang='lat' dir='ltr'><strong>tempore</strong></span> <span class='ocrx_word' id='word_1_437' title='bbox 2699 3412 2820 3465; x_wconf 83' lang='lat' dir='ltr'><strong>non</strong></span> <span class='ocrx_word' id='word_1_438' title='bbox 2841 3405 3060 3468; x_wconf 86' lang='lat' dir='ltr'><strong>licebat</strong></span> <span class='ocrx_word' id='word_1_439' title='bbox 3077 3404 3378 3465; x_wconf 86' lang='lat' dir='ltr'><strong>Ecclesiae</strong></span> 
     </span>
     <span class='ocr_line' id='line_1_39' title="bbox 464 3484 3380 3565; baseline -0.001 -18"><span class='ocrx_word' id='word_1_440' title='bbox 464 3484 903 3563; x_wconf 86' lang='lat' dir='ltr'><strong>Antuerpianae</strong></span> <span class='ocrx_word' id='word_1_441' title='bbox 942 3494 1177 3547; x_wconf 89' lang='lat' dir='ltr'><strong>nostrae</strong></span> <span class='ocrx_word' id='word_1_442' title='bbox 1215 3490 1412 3565; x_wconf 84' lang='lat' dir='ltr'><strong>plures</strong></span> <span class='ocrx_word' id='word_1_443' title='bbox 1454 3488 1687 3548; x_wconf 90' lang='lat' dir='ltr'><strong>duobus</strong></span> <span class='ocrx_word' id='word_1_444' title='bbox 1724 3484 2030 3546; x_wconf 90' lang='lat' dir='ltr'><strong>Ministros</strong></span> <span class='ocrx_word' id='word_1_445' title='bbox 2067 3486 2316 3563; x_wconf 86' lang='lat' dir='ltr'><strong>habere,</strong></span> <span class='ocrx_word' id='word_1_446' title='bbox 2365 3501 2586 3562; x_wconf 88' lang='lat' dir='ltr'><strong>eosque</strong></span> <span class='ocrx_word' id='word_1_447' title='bbox 2625 3484 2966 3565; x_wconf 86' lang='lat' dir='ltr'><strong>indigenas,</strong></span> <span class='ocrx_word' id='word_1_448' title='bbox 3004 3496 3107 3545; x_wconf 86' lang='lat' dir='ltr'><strong>aut</strong></span> <span class='ocrx_word' id='word_1_449' title='bbox 3146 3484 3380 3545; x_wconf 89' lang='lat' dir='ltr'><strong>ciuitate</strong></span> 
     </span>
     <span class='ocr_line' id='line_1_40' title="bbox 468 3563 3380 3657; baseline -0.001 -30"><span class='ocrx_word' id='word_1_450' title='bbox 468 3567 725 3657; x_wconf 81' lang='lat' dir='ltr'><strong>donatos</strong></span> <span class='ocrx_word' id='word_1_451' title='bbox 762 3564 958 3643; x_wconf 89' lang='lat' dir='ltr'><strong>aliqua</strong></span> <span class='ocrx_word' id='word_1_452' title='bbox 995 3566 1056 3626; x_wconf 89' lang='lat' dir='ltr'><strong>in</strong></span> <span class='ocrx_word' id='word_1_453' title='bbox 1094 3566 1328 3646; x_wconf 85' lang='lat' dir='ltr'><strong>Belgio,</strong></span> <span class='ocrx_word' id='word_1_454' title='bbox 1386 3568 1443 3625; x_wconf 85' lang='lat'>&amp;</span> <span class='ocrx_word' id='word_1_455' title='bbox 1486 3566 1589 3643; x_wconf 89' lang='lat' dir='ltr'><strong>qui</strong></span> <span class='ocrx_word' id='word_1_456' title='bbox 1627 3564 1927 3643; x_wconf 87' lang='lat' dir='ltr'><strong>stipulanti</strong></span> <span class='ocrx_word' id='word_1_457' title='bbox 1965 3564 2224 3643; x_wconf 89' lang='lat' dir='ltr'><strong>Principi</strong></span> <span class='ocrx_word' id='word_1_458' title='bbox 2262 3564 2564 3626; x_wconf 88' lang='lat' dir='ltr'><strong>dedissent</strong></span> <span class='ocrx_word' id='word_1_459' title='bbox 2600 3566 2809 3626; x_wconf 85' lang='lat' dir='ltr'><strong>fidem:</strong></span> <span class='ocrx_word' id='word_1_460' title='bbox 2871 3582 2989 3642; x_wconf 89' lang='lat' dir='ltr'><strong>qua</strong></span> <span class='ocrx_word' id='word_1_461' title='bbox 3026 3566 3156 3643; x_wconf 91' lang='lat' dir='ltr'><strong>lege</strong></span> <span class='ocrx_word' id='word_1_462' title='bbox 3197 3566 3234 3656; x_wconf 85' lang='lat' dir='ltr'><strong>ij</strong></span> <span class='ocrx_word' id='word_1_463' title='bbox 3279 3563 3380 3642; x_wconf 88' lang='lat' dir='ltr'><strong>qui</strong></span> 
     </span>
     <span class='ocr_line' id='line_1_41' title="bbox 469 3644 3379 3737; baseline -0.001 -30"><span class='ocrx_word' id='word_1_464' title='bbox 469 3658 597 3707; x_wconf 91' lang='lat' dir='ltr'><strong>tum</strong></span> <span class='ocrx_word' id='word_1_465' title='bbox 656 3644 717 3705; x_wconf 91' lang='lat' dir='ltr'><strong>in</strong></span> <span class='ocrx_word' id='word_1_466' title='bbox 778 3646 919 3705; x_wconf 89' lang='lat' dir='ltr'><strong>loco</strong></span> <span class='ocrx_word' id='word_1_467' title='bbox 960 3646 1237 3737; x_wconf 87' lang='lat' dir='ltr'><strong>aderant,</strong></span> <span class='ocrx_word' id='word_1_468' title='bbox 1297 3646 1458 3725; x_wconf 89' lang='lat' dir='ltr'><strong>prius</strong></span> <span class='ocrx_word' id='word_1_469' title='bbox 1497 3649 1677 3723; x_wconf 74' lang='lat' dir='ltr'><strong>quam</strong></span> <span class='ocrx_word' id='word_1_470' title='bbox 1716 3644 2084 3707; x_wconf 88' lang='lat' dir='ltr'><strong>reuertissem</strong></span> <span class='ocrx_word' id='word_1_471' title='bbox 2124 3644 2332 3723; x_wconf 87' lang='lat' dir='ltr'><strong>Brugis</strong></span> <span class='ocrx_word' id='word_1_472' title='bbox 2350 3690 2365 3719; x_wconf 91' lang='lat'><strong>,</strong></span> <span class='ocrx_word' id='word_1_473' title='bbox 2429 3644 2628 3705; x_wconf 72' lang='lat' dir='ltr'><strong>vooeti</strong></span> <span class='ocrx_word' id='word_1_474' title='bbox 2664 3646 2744 3706; x_wconf 88' lang='lat' dir='ltr'><strong>ad</strong></span> <span class='ocrx_word' id='word_1_475' title='bbox 2781 3644 3150 3723; x_wconf 87' lang='lat' dir='ltr'><strong>Principem,</strong></span> <span class='ocrx_word' id='word_1_476' title='bbox 3206 3644 3379 3705; x_wconf 89' lang='lat' dir='ltr'><strong>iusiu-</strong></span> 
     </span>
     <span class='ocr_line' id='line_1_42' title="bbox 476 3692 3377 3818; baseline -0.001 -31"><span class='ocrx_word' id='word_1_477' title='bbox 476 3726 729 3787; x_wconf 86' lang='lat' dir='ltr'><strong>randum</strong></span> <span class='ocrx_word' id='word_1_478' title='bbox 784 3723 925 3816; x_wconf 56' lang='lat' dir='ltr'><strong>fidei</strong></span> <span class='ocrx_word' id='word_1_479' title='bbox 983 3724 1045 3785; x_wconf 90' lang='lat' dir='ltr'><strong>in</strong></span> <span class='ocrx_word' id='word_1_480' title='bbox 1102 3692 1511 3787; x_wconf 83' lang='lat' dir='ltr'><strong>transactionis</strong></span> <span class='ocrx_word' id='word_1_481' title='bbox 1567 3727 1727 3818; x_wconf 86' lang='lat' dir='ltr'><strong>leges</strong></span> <span class='ocrx_word' id='word_1_482' title='bbox 1790 3724 2144 3786; x_wconf 85' lang='lat' dir='ltr'><strong>iurauerant.</strong></span> <span class='ocrx_word' id='word_1_483' title='bbox 2205 3725 2408 3800; x_wconf 87' lang='lat' dir='ltr'><strong>Quum</strong></span> <span class='ocrx_word' id='word_1_484' title='bbox 2465 3724 2662 3802; x_wconf 91' lang='lat' dir='ltr'><strong>itaque</strong></span> <span class='ocrx_word' id='word_1_485' title='bbox 2713 3724 2840 3785; x_wconf 87' lang='lat' dir='ltr'><strong>dies</strong></span> <span class='ocrx_word' id='word_1_486' title='bbox 2877 3724 3103 3801; x_wconf 90' lang='lat' dir='ltr'><strong>aliquot</strong></span> <span class='ocrx_word' id='word_1_487' title='bbox 3138 3723 3199 3784; x_wconf 91' lang='lat' dir='ltr'><strong>in</strong></span> <span class='ocrx_word' id='word_1_488' title='bbox 3238 3726 3377 3785; x_wconf 91' lang='lat' dir='ltr'><strong>loco</strong></span> 
     </span>
     <span class='ocr_line' id='line_1_43' title="bbox 478 3803 3377 3897; baseline -0.001 -30"><span class='ocrx_word' id='word_1_489' title='bbox 478 3804 705 3867; x_wconf 87' lang='lat' dir='ltr'><strong>otiosus</strong></span> <span class='ocrx_word' id='word_1_490' title='bbox 742 3804 1047 3883; x_wconf 82' lang='lat' dir='ltr'><strong>vixissem,</strong></span> <span class='ocrx_word' id='word_1_491' title='bbox 1086 3824 1280 3884; x_wconf 89' lang='lat' dir='ltr'><strong>neque</strong></span> <span class='ocrx_word' id='word_1_492' title='bbox 1321 3824 1551 3867; x_wconf 87' lang='lat' dir='ltr'><strong>moram</strong></span> <span class='ocrx_word' id='word_1_493' title='bbox 1590 3804 1651 3866; x_wconf 92' lang='lat' dir='ltr'><strong>in</strong></span> <span class='ocrx_word' id='word_1_494' title='bbox 1692 3804 1816 3866; x_wconf 89' lang='lat' dir='ltr'><strong>otio</strong></span> <span class='ocrx_word' id='word_1_495' title='bbox 1856 3806 2046 3883; x_wconf 92' lang='lat' dir='ltr'><strong>(quod</strong></span> <span class='ocrx_word' id='word_1_496' title='bbox 2084 3805 2380 3897; x_wconf 89' lang='lat' dir='ltr'><strong>rogabant</strong></span> <span class='ocrx_word' id='word_1_497' title='bbox 2415 3803 2522 3882; x_wconf 91' lang='lat' dir='ltr'><strong>illi)</strong></span> <span class='ocrx_word' id='word_1_498' title='bbox 2562 3806 2714 3865; x_wconf 86' lang='lat' dir='ltr'><strong>ferre</strong></span> <span class='ocrx_word' id='word_1_499' title='bbox 2751 3804 2914 3865; x_wconf 89' lang='lat' dir='ltr'><strong>bona</strong></span> <span class='ocrx_word' id='word_1_500' title='bbox 2954 3804 3092 3864; x_wconf 87' lang='lat' dir='ltr'><strong>fide</strong></span> <span class='ocrx_word' id='word_1_501' title='bbox 3109 3822 3377 3895; x_wconf 71' lang='lat' dir='ltr'><strong>possem,</strong></span> 
     </span>
     <span class='ocr_line' id='line_1_44' title="bbox 477 3882 3376 3964; baseline -0.001 -19"><span class='ocrx_word' id='word_1_502' title='bbox 477 3885 748 3946; x_wconf 82' lang='lat' dir='ltr'><strong>Ecclesia</strong></span> <span class='ocrx_word' id='word_1_503' title='bbox 802 3886 1137 3963; x_wconf 89' lang='lat' dir='ltr'><strong>postulante</strong></span> <span class='ocrx_word' id='word_1_504' title='bbox 1195 3905 1271 3947; x_wconf 90' lang='lat' dir='ltr'><strong>ne</strong></span> <span class='ocrx_word' id='word_1_505' title='bbox 1331 3887 1538 3947; x_wconf 89' lang='lat' dir='ltr'><strong>saltem</strong></span> <span class='ocrx_word' id='word_1_506' title='bbox 1598 3905 1671 3947; x_wconf 86' lang='lat' dir='ltr'><strong>ex</strong></span> <span class='ocrx_word' id='word_1_507' title='bbox 1709 3883 1953 3963; x_wconf 89' lang='lat' dir='ltr'><strong>regione</strong></span> <span class='ocrx_word' id='word_1_508' title='bbox 1994 3885 2234 3964; x_wconf 87' lang='lat' dir='ltr'><strong>Belgica</strong></span> <span class='ocrx_word' id='word_1_509' title='bbox 2247 3929 2264 3963; x_wconf 94' lang='lat'><strong>,</strong></span> <span class='ocrx_word' id='word_1_510' title='bbox 2324 3895 2387 3945; x_wconf 81' lang='lat' dir='ltr'><strong>vt</strong></span> <span class='ocrx_word' id='word_1_511' title='bbox 2424 3895 2614 3945; x_wconf 88' lang='lat' dir='ltr'><strong>metus</strong></span> <span class='ocrx_word' id='word_1_512' title='bbox 2654 3894 2816 3962; x_wconf 90' lang='lat' dir='ltr'><strong>erat,</strong></span> <span class='ocrx_word' id='word_1_513' title='bbox 2875 3884 3224 3943; x_wconf 87' lang='lat' dir='ltr'><strong>excederem</strong></span> <span class='ocrx_word' id='word_1_514' title='bbox 3239 3928 3257 3963; x_wconf 94' lang='lat'><strong>,</strong></span> <span class='ocrx_word' id='word_1_515' title='bbox 3315 3882 3376 3943; x_wconf 90' lang='lat' dir='ltr'><strong>in</strong></span> 
     </span>
     <span class='ocr_line' id='line_1_45' title="bbox 478 3962 3374 4045; baseline -0 -22"><span class='ocrx_word' id='word_1_516' title='bbox 478 3982 686 4043; x_wconf 87' lang='lat' dir='ltr'><strong>agrum</strong></span> <span class='ocrx_word' id='word_1_517' title='bbox 745 3964 1235 4042; x_wconf 88' lang='lat' dir='ltr'><strong>Limburgensem</strong></span> <span class='ocrx_word' id='word_1_518' title='bbox 1294 3964 1432 4027; x_wconf 88' lang='lat' dir='ltr'><strong>veni</strong></span> <span class='ocrx_word' id='word_1_519' title='bbox 1490 3964 1741 4028; x_wconf 89' lang='lat' dir='ltr'><strong>Octobri</strong></span> <span class='ocrx_word' id='word_1_520' title='bbox 1790 3984 2022 4045; x_wconf 88' lang='lat' dir='ltr'><strong>mense,</strong></span> <span class='ocrx_word' id='word_1_521' title='bbox 2079 3966 2155 4026; x_wconf 91' lang='lat' dir='ltr'><strong>de</strong></span> <span class='ocrx_word' id='word_1_522' title='bbox 2194 3964 2729 4043; x_wconf 87' lang='lat' dir='ltr'><strong>Antuerpianorum</strong></span> <span class='ocrx_word' id='word_1_523' title='bbox 2769 3965 3014 4024; x_wconf 80' lang='lat' dir='ltr'><strong>fratrum</strong></span> <span class='ocrx_word' id='word_1_524' title='bbox 3055 3962 3374 4036; x_wconf 87' lang='lat' dir='ltr'><strong>sententia,</strong></span> 
     </span>
     <span class='ocr_line' id='line_1_46' title="bbox 474 4012 3377 4135; baseline -0.001 -30"><span class='ocrx_word' id='word_1_525' title='bbox 474 4055 604 4105; x_wconf 86' lang='lat' dir='ltr'><strong>tota</strong></span> <span class='ocrx_word' id='word_1_526' title='bbox 640 4062 771 4135; x_wconf 80' lang='lat' dir='ltr'><strong>mea</strong></span> <span class='ocrx_word' id='word_1_527' title='bbox 808 4044 1167 4121; x_wconf 85' lang='lat' dir='ltr'><strong>supellectile</strong></span> <span class='ocrx_word' id='word_1_528' title='bbox 1204 4044 1443 4106; x_wconf 86' lang='lat' dir='ltr'><strong>libraria</strong></span> <span class='ocrx_word' id='word_1_529' title='bbox 1478 4065 1551 4106; x_wconf 89' lang='lat' dir='ltr'><strong>ac</strong></span> <span class='ocrx_word' id='word_1_530' title='bbox 1588 4043 1859 4107; x_wconf 84' lang='lat' dir='ltr'><strong>vestiaria</strong></span> <span class='ocrx_word' id='word_1_531' title='bbox 1898 4012 2058 4123; x_wconf 90' lang='lat' dir='ltr'><strong>apud</strong></span> <span class='ocrx_word' id='word_1_532' title='bbox 2097 4044 2228 4105; x_wconf 89' lang='lat' dir='ltr'><strong>illos</strong></span> <span class='ocrx_word' id='word_1_533' title='bbox 2267 4054 2590 4105; x_wconf 87' lang='lat' dir='ltr'><strong>asseruata:</strong></span> <span class='ocrx_word' id='word_1_534' title='bbox 2634 4064 2708 4105; x_wconf 85' lang='lat' dir='ltr'><strong>ex</strong></span> <span class='ocrx_word' id='word_1_535' title='bbox 2745 4061 2866 4122; x_wconf 93' lang='lat' dir='ltr'><strong>quo</strong></span> <span class='ocrx_word' id='word_1_536' title='bbox 2900 4042 3116 4105; x_wconf 89' lang='lat' dir='ltr'><strong>deinde</strong></span> <span class='ocrx_word' id='word_1_537' title='bbox 3136 4046 3377 4121; x_wconf 87' lang='lat' dir='ltr'><strong>factum,</strong></span> 
     </span>
     <span class='ocr_line' id='line_1_47' title="bbox 468 4121 3378 4203; baseline -0.001 -18"><span class='ocrx_word' id='word_1_538' title='bbox 468 4133 537 4185; x_wconf 88' lang='lat' dir='ltr'><strong>vt</strong></span> <span class='ocrx_word' id='word_1_539' title='bbox 589 4121 919 4184; x_wconf 85' lang='lat' dir='ltr'><strong>vniuersam</strong></span> <span class='ocrx_word' id='word_1_540' title='bbox 954 4123 1118 4185; x_wconf 88' lang='lat' dir='ltr'><strong>illam</strong></span> <span class='ocrx_word' id='word_1_541' title='bbox 1156 4124 1505 4186; x_wconf 88' lang='lat' dir='ltr'><strong>amitterem.</strong></span> <span class='ocrx_word' id='word_1_542' title='bbox 1589 4125 1733 4186; x_wconf 89' lang='lat' dir='ltr'><strong>Dies</strong></span> <span class='ocrx_word' id='word_1_543' title='bbox 1772 4126 2058 4203; x_wconf 87' lang='lat' dir='ltr'><strong>agebatur</strong></span> <span class='ocrx_word' id='word_1_544' title='bbox 2095 4123 2375 4186; x_wconf 90' lang='lat' dir='ltr'><strong>Octobris</strong></span> <span class='ocrx_word' id='word_1_545' title='bbox 2415 4121 2948 4202; x_wconf 84' lang='lat' dir='ltr'><strong>decimusquartus,</strong></span> <span class='ocrx_word' id='word_1_546' title='bbox 3008 4140 3194 4201; x_wconf 90' lang='lat' dir='ltr'><strong>quum</strong></span> <span class='ocrx_word' id='word_1_547' title='bbox 3234 4125 3378 4183; x_wconf 86' lang='lat' dir='ltr'><strong>Ant-</strong></span> 
     </span>
     <span class='ocr_line' id='line_1_48' title="bbox 472 4202 3379 4285; baseline -0 -23"><span class='ocrx_word' id='word_1_548' title='bbox 472 4202 679 4281; x_wconf 85' lang='lat' dir='ltr'><strong>verpia</strong></span> <span class='ocrx_word' id='word_1_549' title='bbox 714 4203 1013 4281; x_wconf 89' lang='lat' dir='ltr'><strong>profectus</strong></span> <span class='ocrx_word' id='word_1_550' title='bbox 1052 4221 1209 4266; x_wconf 89' lang='lat' dir='ltr'><strong>sum.</strong></span> <span class='ocrx_word' id='word_1_551' title='bbox 1270 4204 1554 4285; x_wconf 90' lang='lat' dir='ltr'><strong>postridie</strong></span> <span class='ocrx_word' id='word_1_552' title='bbox 1605 4205 1667 4265; x_wconf 90' lang='lat' dir='ltr'><strong>in</strong></span> <span class='ocrx_word' id='word_1_553' title='bbox 1708 4220 1913 4283; x_wconf 87' lang='lat' dir='ltr'><strong>agrum</strong></span> <span class='ocrx_word' id='word_1_554' title='bbox 1952 4204 2443 4282; x_wconf 89' lang='lat' dir='ltr'><strong>Limburgensem</strong></span> <span class='ocrx_word' id='word_1_555' title='bbox 2483 4203 2646 4283; x_wconf 85' lang='lat' dir='ltr'><strong>veni,</strong></span> <span class='ocrx_word' id='word_1_556' title='bbox 2705 4204 2806 4265; x_wconf 85' lang='lat' dir='ltr'><strong>vbi</strong></span> <span class='ocrx_word' id='word_1_557' title='bbox 2847 4222 2946 4264; x_wconf 91' lang='lat' dir='ltr'><strong>me</strong></span> <span class='ocrx_word' id='word_1_558' title='bbox 2982 4203 3127 4279; x_wconf 83' lang='lat' dir='ltr'><strong>varij</strong></span> <span class='ocrx_word' id='word_1_559' title='bbox 3168 4206 3379 4263; x_wconf 82' lang='lat' dir='ltr'><strong>fluctus</strong></span> 
     </span>
     <span class='ocr_line' id='line_1_49' title="bbox 470 4284 3374 4376; baseline -0.001 -31"><span class='ocrx_word' id='word_1_560' title='bbox 470 4294 848 4376; x_wconf 74' lang='lat' dir='ltr'><strong>exceperunt.</strong></span> <span class='ocrx_word' id='word_1_561' title='bbox 905 4284 1061 4345; x_wconf 89' lang='lat' dir='ltr'><strong>Nam</strong></span> <span class='ocrx_word' id='word_1_562' title='bbox 1110 4284 1368 4363; x_wconf 86' lang='lat' dir='ltr'><strong>primum</strong></span> <span class='ocrx_word' id='word_1_563' title='bbox 1408 4294 1472 4345; x_wconf 89' lang='lat' dir='ltr'><strong>vt</strong></span> <span class='ocrx_word' id='word_1_564' title='bbox 1510 4285 1723 4362; x_wconf 89' lang='lat' dir='ltr'><strong>pedem</strong></span> <span class='ocrx_word' id='word_1_565' title='bbox 1762 4286 2006 4353; x_wconf 86' lang='lat' dir='ltr'><strong>Heruae</strong></span> <span class='ocrx_word' id='word_1_566' title='bbox 2043 4284 2345 4363; x_wconf 90' lang='lat' dir='ltr'><strong>posuimus</strong></span> <span class='ocrx_word' id='word_1_567' title='bbox 2383 4284 2462 4359; x_wconf 89' lang='lat' dir='ltr'><strong>(is</strong></span> <span class='ocrx_word' id='word_1_568' title='bbox 2501 4300 2686 4363; x_wconf 88' lang='lat' dir='ltr'><strong>pagus</strong></span> <span class='ocrx_word' id='word_1_569' title='bbox 2729 4293 2816 4345; x_wconf 89' lang='lat' dir='ltr'><strong>est</strong></span> <span class='ocrx_word' id='word_1_570' title='bbox 2853 4284 3029 4345; x_wconf 89' lang='lat' dir='ltr'><strong>laude</strong></span> <span class='ocrx_word' id='word_1_571' title='bbox 3069 4300 3374 4345; x_wconf 82' lang='lat' dir='ltr'><strong>caseorum</strong></span> 
     </span>
     <span class='ocr_line' id='line_1_50' title="bbox 468 4362 3378 4441; baseline -0 -17"><span class='ocrx_word' id='word_1_572' title='bbox 468 4363 533 4424; x_wconf 90' lang='lat' dir='ltr'><strong>in</strong></span> <span class='ocrx_word' id='word_1_573' title='bbox 594 4362 803 4441; x_wconf 87' lang='lat' dir='ltr'><strong>Belgio</strong></span> <span class='ocrx_word' id='word_1_574' title='bbox 858 4365 915 4424; x_wconf 85' lang='lat'>&amp;</span> <span class='ocrx_word' id='word_1_575' title='bbox 976 4364 1297 4425; x_wconf 90' lang='lat' dir='ltr'><strong>Germania</strong></span> <span class='ocrx_word' id='word_1_576' title='bbox 1349 4364 1619 4441; x_wconf 89' lang='lat' dir='ltr'><strong>celebris)</strong></span> <span class='ocrx_word' id='word_1_577' title='bbox 1658 4366 1937 4426; x_wconf 86' lang='lat' dir='ltr'><strong>tumultus</strong></span> <span class='ocrx_word' id='word_1_578' title='bbox 1977 4364 2036 4425; x_wconf 88' lang='lat' dir='ltr'><strong>in</strong></span> <span class='ocrx_word' id='word_1_579' title='bbox 2078 4364 2213 4427; x_wconf 87' lang='lat' dir='ltr'><strong>vico</strong></span> <span class='ocrx_word' id='word_1_580' title='bbox 2255 4374 2492 4425; x_wconf 87' lang='lat' dir='ltr'><strong>exortus</strong></span> <span class='ocrx_word' id='word_1_581' title='bbox 2529 4374 2650 4427; x_wconf 88' lang='lat' dir='ltr'><strong>est.</strong></span> <span class='ocrx_word' id='word_1_582' title='bbox 2711 4365 2818 4425; x_wconf 89' lang='lat' dir='ltr'><strong>sed</strong></span> <span class='ocrx_word' id='word_1_583' title='bbox 2857 4363 3126 4425; x_wconf 88' lang='lat' dir='ltr'><strong>continui</strong></span> <span class='ocrx_word' id='word_1_584' title='bbox 3164 4382 3260 4424; x_wconf 91' lang='lat' dir='ltr'><strong>me</strong></span> <span class='ocrx_word' id='word_1_585' title='bbox 3299 4363 3378 4423; x_wconf 88' lang='lat' dir='ltr'><strong>ab</strong></span> 
     </span>
     <span class='ocr_line' id='line_1_51' title="bbox 3304 4460 3378 4501; baseline 0 0"><span class='ocrx_word' id='word_1_586' title='bbox 3304 4460 3378 4501; x_wconf 92' lang='lat' dir='ltr'><strong>eo</strong></span> 
     </span>
    </p>
   </div>
  </div>
 </body>
</html>
