3923 4875
1382 379 1707 425 THBSBS
1765 378 2425 426 THROLOGICAR.
3237 385 3345 426 211

425 555 582 621 tum,
624 547 742 620 qua
779 551 1033 603 mortem
1071 552 1348 620 operatur
1383 543 1438 601 ὅτ
1479 559 1756 619 poenam.
1797 539 2327 616 Quemadmodum
2366 540 2523 600 enim
2570 539 2923 602 dedolentia
2963 553 3051 604 est
3088 565 3161 604 ex
3182 543 3351 622 igno·

425 624 680 700 ratione,
738 624 958 702 Ephes.
1020 643 1078 698 4.
1145 641 1234 699 19.
1283 621 1370 682 sic
1410 623 1585 682 dolor
1623 631 1712 682 est
1752 639 1824 680 ex
1863 619 2224 698 cognitione.
2287 619 2405 680 Sed
2446 619 2543 678 hic
2588 622 2765 680 dolor
2802 621 2913 682 nisi
2956 625 3349 702 coniungatur

426 722 560 765 cum
603 701 818 782 Spiritu
858 701 1221 780 adoptionis,
1261 713 1539 779 operatur
1579 711 1832 762 mortem
1848 744 1865 777 ‚
1906 702 1963 759 &
2004 701 2181 760 dolor
2220 699 2425 761 mundi
2460 703 2617 761 recte
2648 699 2890 782 dicitur-3
2930 724 2983 764 2.
3012 707 3143 764 Gor.
3171 723 3223 780 7.
3256 725 3343 764 10.

427 787 644 844 fatente
681 783 1041 844 Bellarmino
1059 827 1076 855 ,
1116 781 1220 842 lib.
1273 802 1320 842 1.
1363 784 1441 843 de
1481 781 1702 860 poenit.
1745 800 1799 841 c.
1849 799 1938 860 19.
1982 780 2279 840 Secundus
2318 781 2495 841 dolor
2534 791 2777 858 propter
2814 783 3105 844 offensum
3150 786 3347 846 Deum

429 883 536 943 per
571 873 817 942 peccata
853 862 1058 923 dilatat
1095 871 1296 940 guttur
1331 873 1632 938 nostrum,
1675 865 1732 922 δι
1771 869 1860 921 est
1903 879 1977 920 ex
2010 860 2231 938 Spiritu
2250 859 2621 938 adoptionis:
2654 863 2827 921 Rom.
2850 865 2909 924 8.
2939 879 3028 942 15.
3070 862 3347 942 Gignitur

427 953 626 1005 autem
681 961 756 1003 ex
814 942 1257 1020 praedicatione
1316 941 1619 1020 Euangelij
1637 986 1654 1016 ,
1715 939 2025 1001 excitantis
2084 939 2145 1000 in
2202 937 2377 1000 nobis
2419 939 2825 1017 cognitionem
2866 943 3088 1022 gratiae
3130 943 3243 1004 Dei
3284 945 3345 1005 in

428 1024 690 1097 Christe,
731 1023 788 1083 δι
829 1022 1109 1083 fiduciam
1149 1023 1314 1100 quod
1355 1041 1428 1082 ea
1467 1021 1546 1082 ad
1581 1039 1696 1081 nos
1735 1020 2051 1100 pertineat,
2094 1037 2167 1079 ex
2208 1035 2327 1098 qua
2366 1037 2565 1080 rursus
2606 1019 2792 1080 oritur
2830 1021 3007 1083 dolor
3046 1025 3129 1084 ob
3160 1027 3344 1084 offen-

429 1121 560 1164 sum
620 1105 834 1164 Deum.
875 1104 1023 1162 Sunt
1061 1102 1200 1179 itaq.
1246 1105 1394 1163 haec
1431 1101 1555 1161 duo
1595 1100 1801 1162 simul:
1841 1099 2063 1161 laetitia
2102 1098 2440 1176 ineffabilis,
2468 1119 2519 1159 1.
2561 1102 2726 1162 Petr.
2772 1121 2823 1162 1.
2868 1106 2925 1163 8.
2966 1107 3022 1164 δι
3058 1103 3340 1184 suspiria,

429 1185 602 1244 Rom.
643 1186 698 1243 8.
745 1202 775 1241 2
781 1203 838 1259 3.
891 1183 1192 1243 Posterior
1227 1182 1326 1242 ille
1363 1181 1600 1258 proprie
1641 1199 1777 1259 pars
1815 1190 1904 1240 est
1944 1177 2379 1258 resipiscentiae
2392 1225 2409 1255 .‚
2452 1179 2713 1240 efficiens
2756 1180 3140 1244 mutationem
3182 1183 3341 1244 illam

427 1263 654 1337 consilij
699 1261 910 1323 mentis
923 1307 941 1338 ,
982 1261 1325 1340 voluntatis,
1367 1265 1422 1322 δε
1461 1261 1676 1322 cordis.
1717 1263 1918 1338 Vulgo
1957 1261 2067 1320 has
2104 1269 2301 1338 partes
2338 1269 2559 1320 vocant
2588 1261 3107 1324 Mortificationem
3128 1263 3345 1324 veteris

426 1342 682 1404 hominis
741 1344 799 1402 δι
855 1340 1314 1403 viuificationem
1371 1340 1536 1402 noui.
1597 1341 1714 1402 Sed
1761 1343 1872 1400 hae
1911 1351 2050 1401 sunt
2086 1349 2283 1419 partes
2320 1340 2806 1418 Regenerationis
2820 1387 2837 1419 ‚
2884 1359 3037 1420 quae
3078 1354 3343 1404 versatur

427 1425 579 1484 inter
637 1424 784 1483 duas
841 1421 1182 1500 qualitates,
1221 1420 1534 1482 terminum
1575 1423 1613 1480 a
1651 1438 1774 1498 quo
1787 1465 1804 1498 ,
1845 1421 2073 1482 habens
2110 1429 2355 1480 naturae
2393 1421 2869 1500 corruptionem3
2906 1423 3222 1484 terminum
3262 1424 3343 1484 ad

429 1521 604 1643 ‘³⁰3⁸'
620 1500 1300 1660 '2133ssoessssssss
1299 1500 1551 1642 3⁹32ss
1563 1510 2045 1642 ’ἔῖξῖζῗὲἑῗέ
2062 1498 3342 1659 ssigssgsmeissssmbi'iffitifffflri‘mifflm·

429 1661 787 1740 proximum.
830 1626 1008 1722 Mitt.
1071 1679 1126 1738 3.
1183 1681 1239 1740 9.
1271 1664 1454 1755 ‘Aca‘
1491 1663 1582 1722 26.
1641 1679 1736 1754 2ο..
1799 1661 2061 1721 Effectus
2110 1657 2175 1752 hi
2224 1669 2363 1720 sunt
2401 1660 2656 1753 duorum
2698 1678 3007 1739 generum.
3026 1603 3341 1756 „quosdagnff

429 1740 3337 1902 iffifflfioeffissisffinssssi⁰ffi¹p23oei¹⁶fi¹⁹1⁶⁸35‚Yiss‘iffiznssssdfflsifflessiussiigiiiffi

428 1903 488 1963 in
545 1902 775 1974 electis,
835 1900 1041 1962 odium
1097 1919 1314 1980 nempe
1371 1900 1600 1980 peccati
1655 1903 1776 1978 qua
1835 1911 2167 1978 peceatum.
2220 1898 2365 1960 foris
2402 1899 2543 1978 itaq.
2585 1899 2817 1979 vtrique
2858 1903 3081 1964 habent
3121 1905 3337 1965 multos

387 2015 400 2026 ·
427 1983 668 2043 effectus
725 1997 1100 2043 communes:
1161 1981 1268 2042 sed
1326 1980 1602 2042 differunt
1659 1979 1814 2041 inter
1871 1999 1965 2052 se,
2018 1979 2343 2058 quantitate
2397 1997 2501 2042 seu
2552 1980 2739 2041 modo
2754 2027 2770 2058 ·.
2825 1983 2882 2042 &
2919 1982 3336 2060 applicatione.

430 2061 771 2140 Quantitate
784 2107 804 2140 ,
861 2060 1004 2140 quia
1059 2062 1170 2140 piis
1229 2059 1701 2122 communicatur
1757 2061 1892 2120 fons
1950 2060 2076 2137 ipse
2128 2060 2185 2118 &
2236 2057 2405 2120 radix
2456 2062 2514 2120 δι
2554 2079 2731 2121 causa
2768 2061 3058 2143 formalis3
3098 2063 3337 2141 reliquis

427 2142 598 2203 riunli
656 2141 884 2204 tantum
897 2187 915 2220 ,
975 2143 1082 2202 sed
1141 2140 1286 2202 citra
1335 2143 1582 2203 sontem.
1633 2138 2050 2219 Applicatione
2063 2185 2081 2216 ‚
2134 2138 2275 2217 quia
2312 2137 2423 2217 piis
2464 2141 2613 2200 haec
2651 2141 2941 2202 beneficia
2978 2142 3235 2204 insident
3276 2147 3332 2205 ὅτ

427 2221 823 2301 percipiuntur
873 2221 1088 2282 corde:
1139 2225 1176 2282 a
1227 2221 1467 2300 reliquis
1503 2222 1736 2281 tantum
1773 2219 2132 2299 primoribus
2170 2218 2349 2279 labris
2386 2230 2489 2279 aut
2528 2219 2893 2297 aliquatenus
2932 2223 3333 2302 degustantur.

507 2321 562 2380 9.
644 2299 934 2378 Pontificij
989 2311 1108 2361 tres
1148 2311 1343 2379 partes
1382 2299 1788 2362 Poenitentiae
1826 2309 2119 2378 statuunt,
2158 2297 2577 2360 contritionem
2614 2301 2813 2361 cordis
2830 2345 2847 2379 ,
2896 2303 3333 2364 confessionem

427 2382 545 2444 oris
562 2430 579 2457 .,
639 2381 1095 2444 satisfactionem
1155 2380 1367 2461 operis.
1428 2381 1748 2442 Lombard.
1787 2382 1881 2441 lib.
1913 2400 1974 2455 4.
2012 2381 2141 2441 (ἰὼ-ί.
2192 2381 2280 2441 16.
2322 2381 2453 2441 Has
2488 2391 2687 2457 partes
2723 2391 2955 2459 ponunt
2994 2381 3169 2444 etiam
3208 2383 3334 2461 qui-

427 2463 567 2524 dam
609 2484 681 2524 ex
717 2460 960 2540 nostris„
1005 2462 1268 2540 Confess.
1327 2464 1705 2538 Virtemberg.
1744 2469 1862 2522 art.
1905 2481 1996 2521 12.
2039 2462 2313 2521 Perkt'us.
2352 2463 2415 2519 in
2453 2460 2681 2522 Cathol.
2720 2458 2967 2539 reform.
3007 2470 3193 2523 contr.
3239 2485 3331 2525 21.

422 2544 528 2605 sed
583 2544 763 2621 longe
818 2540 938 2603 alio
994 2546 1175 2619 quam
1239 2540 1506 2619 Papistae
1561 2558 1756 2603 sensu.
1803 2543 2215 2604 contritionem
2250 2539 2645 2601 admittimus:
2688 2541 2981 2603 nouimus.
3022 2562 3086 2603 n.
3126 2544 3323 2604 Deum

425 2641 548 2684 non
607 2622 916 2683 infundere
974 2623 1172 2683 oleum
1215 2620 1652 2683 misericordiae
1687 2619 1800 2681 nisi
1839 2618 1900 2681 in
1943 2640 2049 2682 vas
2088 2618 2441 2681 contritum:
2482 2622 2631 2681 Esa.
2670 2622 2771 2682 66.
2816 2641 2871 2683 2.
2911 2622 3015 2682 sed
3053 2625 3329 2683 volumus

431 2704 638 2763 abesse
695 2720 939 2763 omnem
993 2700 1338 2779 opinionem
1381 2700 1596 2763 meritiz
1639 2700 1820 2762 solius
1857 2699 2018 2761 enim
2059 2699 2279 2761 Christi
2317 2698 2673 2761 contritione
2712 2714 2961 2779 peccata
2990 2712 3191 2763 nostra
3230 2720 3333 2763 ex-

425 2782 582 2861 piata
617 2793 774 2843 sunt.
813 2800 952 2842 nam
985 2792 1076 2842 est
1105 2781 1167 2842 in
1201 2785 1411 2859 glossa
1449 2784 1519 2841 de
1557 2784 1782 2841 Poenit.
1821 2782 1951 2840 dist.
2036 2800 2085 2841 1.
2125 2800 2177 2839 c.
2228 2800 2277 2839 1.
2320 2780 2382 2839 Si
2418 2779 2708 2842 subtiliter
2728 2780 3063 2843 intueamur
3077 2827 3092 2858 ‚
3114 2783 3333 2860 gratiae

425 2862 538 2923 Dei
552 2907 570 2939 ,
631 2880 756 2922 non
813 2861 1181 2936 contritioni,
1239 2862 1615 2923 attribuenda
1673 2872 1763 2921 est
1800 2870 2187 2937 peccatorum
2226 2858 2513 2921 remissio.
2554 2860 2943 2922 Bellarminus
2957 2908 2973 2941 ‚
3016 2864 3084 2923 de
3110 2865 3330 2943 poenit.

427 2944 520 3003 lib.
571 2963 624 3003 2.
672 2951 798 3019 cap.
857 2961 947 3001 ι2.
995 2940 1412 3003 contritionem
1451 2940 1595 3001 dicit
1631 2958 1760 3001 esse
1799 2956 2039 3001 causam
2080 2938 2437 3000 remissionis
2477 2950 2893 3018 peccatorum,
2936 2941 3219 3019 quicquid
3257 2942 3332 3003 sit

423 3024 502 3083 de
563 3023 860 3083 vocabulo
913 3020 1122 3083 meriti.
1181 3021 1280 3082 Sic
1329 3021 1427 3081 ille
1475 3020 1654 3082 tacite
1693 3020 1995 3097 improbat
2024 3018 2375 3080 sententiam
2413 3020 2787 3097 quorundam
2828 3022 3331 3083 Scholasticorum

423 3104 906 3176 (Bonmnmrae
959 3104 1022 3161 in
1087 3120 1138 3160 2.
1192 3110 1332 3163 sent.
1375 3103 1507 3161 dist.
1551 3104 1643 3161 28.
1683 3109 1800 3160 art.
1847 3120 1900 3159 2.
1943 3120 2001 3178 9.
2052 3118 2109 3175 3.
2152 3098 2337 3177 Scoti,
2388 3102 2681 3162 Dur-andi
2690 3144 2709 3193 3
2762 3102 2972 3178 Vegae)
3014 3101 3073 3161 in
3114 3102 3331 3163 contri·

419 3181 581 3242 tione
637 3180 910 3241 meritum
969 3180 1046 3241 de
1105 3196 1376 3259 congruo
1425 3178 1810 3241 statuentium
1823 3224 1841 3257 ,
1907 3178 2073 3257 quod
2128 3189 2327 3239 tamen
2368 3190 2588 3272 negant
2628 3180 2725 3255 ahj
2770 3184 3029 3260 C'apreoI.
3080 3202 3132 3243 2.
3174 3182 3330 3243 sent.

423 3263 556 3323 dict.
598 3282 656 3337 4.
704 3262 996 3321 Dominic.
1039 3262 1078 3319 ὰ
1117 3262 1258 3323 Soto
1297 3262 1394 3321 lib.
1439 3280 1494 3321 2.
1535 3262 1604 3320 de
1641 3261 1796 3321 Nat.
1838 3260 1916 3319 ἂν·
1943 3266 2117 3336 grat.
2157 3278 2207 3319 c.
2243 3260 2327 3333 4.)
2364 3276 2465 3336 qui
2502 3260 2731 3320 tantum
2770 3260 3219 3339 dispositionem
3256 3262 3333 3321 ad

419 3340 824 3401 remissionem
863 3350 1246 3418 peccatorum
1283 3339 1626 3401 contritioni
1667 3340 1952 3401 tribuunt.
1992 3340 2167 3400 Idem
2208 3338 2507 3417 agnoscit,
2550 3340 2620 3399 de
2642 3343 2863 3418 poenit.
2908 3343 3007 3403 lib.
3056 3364 3107 3402 1.
3148 3362 3197 3403 c.
3243 3358 3333 3421 19.

419 3420 692 3481 virtutem
733 3419 1157 3499 poenitentiae,
1197 3423 1334 3481 cum
1373 3420 1448 3481 sit
1484 3418 1747 3495 habitus,
1791 3430 1989 3497 partes
2028 3436 2151 3479 non
2193 3420 2445 3497 habere,
2484 3436 2557 3479 ac
2608 3420 2979 3482 contritionis
3019 3422 3188 3501 signa
3228 3440 3333 3483 seu

421 3502 660 3562 effectus
713 3518 840 3561 esse
898 3501 1334 3563 confessionem
1391 3502 1448 3559 ὅτ
1487 3498 1979 3577 satisfactionem3
2021 3515 2177 3577 quae
2214 3498 2293 3557 ad
2330 3498 2753 3560 contritionem
2796 3503 3155 3579 referuntur,
3204 3520 3327 3562 non

421 3590 486 3641 vt
543 3592 744 3659 partes
801 3580 882 3639 ad
937 3592 1198 3659 partem,
1257 3580 1364 3641 sed
1425 3591 1488 3639 vt
1545 3581 1795 3641 effectus
1849 3578 1928 3639 ad
1970 3595 2244 3639 causam:
2288 3590 2486 3657 partes
2527 3583 2669 3641 vero
2710 3578 2862 3656 dici,
2904 3582 3045 3659 quia
3082 3581 3177 3642 isti
3216 3590 3337 3641 tres

423 3670 588 3722 actus
626 3680 698 3721 ex
741 3670 908 3738 parte
945 3660 1302 3739 poenitentis
1345 3658 1656 3735 necessa-ij
1697 3668 1864 3739 sunt,
1903 3661 1960 3720 &
2002 3678 2077 3719 ex
2102 3658 2319 3719 virtute
2338 3657 2733 3737 poenitentiae
2747 3704 2763 3733 ,
2784 3659 2923 3720 licet
2944 3680 3068 3722 non
3088 3676 3333 3738 aequae,

423 3739 762 3801 immediate
823 3744 878 3801 ἃ
937 3738 1334 3818 principaliter
1395 3740 1682 3801 oriuntur.
1742 3740 1983 3799 Fatetur
2020 3755 2291 3817 quoque,
2330 3740 2401 3797 de
2422 3742 2645 3816 poenit.
2684 3741 2785 3800 lib.
2831 3760 2882 3799 2.
2917 3760 2967 3801 c.
3018 3762 3067 3803 1.
3122 3740 3335 3801 contri·

419 3820 642 3881 tionem
703 3818 842 3881 inde
899 3840 1004 3899 spe
1066 3818 1426 3881 remissionis
1487 3829 1872 3898 peccatorum
1929 3836 2061 3879 esse
2120 3836 2245 3879 non
2304 3836 2499 3897 posse.
2560 3819 2681 3881 Sed
2721 3831 2855 3897 post
2897 3819 3041 3881 dicit
3054 3866 3071 3893 ,
3110 3828 3236 3898 cap.
3282 3837 3337 3881 2.

421 3920 598 3978 posse
657 3916 786 3961 esse
845 3898 970 3961 sine
1028 3908 1190 3961 certa
1247 3900 1366 3960 fide
1423 3896 1782 3961 remissionis
1823 3909 2229 3991 peccatorum.
2292 3898 2455 3959 Hinc
2494 3910 2586 3959 est
2626 3900 2793 3976 quod
2830 3900 3051 3975 nostri,
3094 3901 3339 3977 quando

416 3980 752 4041 Concilium
790 3978 1204 4041 Tridentinum
1243 3978 1513 4040 meminit
1548 3979 1610 4040 in
1651 3977 2011 4041 contritione
2050 3977 2301 4039 fiduciae
2342 3978 2419 4040 de
2458 3977 2661 4039 diuina
2692 3978 3099 4041 misericordia
3114 4025 3133 4053 .
3168 3978 3337 4041 intel-

421 4060 610 4143 ligunt
661 4059 996 4121 Concilium
1057 4059 1222 4137 loqui
1259 4061 1338 4120 de
1373 4058 1592 4121 fiducia
1629 4058 1989 4119 remissionis
2030 4068 2413 4136 peecatorum
2454 4076 2579 4119 non
2622 4069 2869 4137 propter
2907 4058 3125 4121 Christi
3168 4060 3337 4120 meri-

419 4151 546 4201 tum
562 4186 580 4217 ,
621 4140 728 4200 sed
767 4149 1014 4219 propter
1055 4151 1254 4201 motus
1293 4142 1350 4199 δι
1389 4150 1556 4200 actus
1595 4150 1836 4201 nostros
1850 4184 1866 4217 ‚
1907 4148 2075 4216 eosq.
2118 4148 2427 4199 externos:
2460 4158 2601 4199 nam
2638 4140 2775 4199 cnm
2813 4140 3115 4201 materiam
3134 4142 3341 4201 Sacra-

423 4220 608 4280 menti
667 4230 941 4297 oporteat
995 4232 1298 4281 externam
1339 4236 1470 4280 esse
1507 4220 1564 4281 ὅτ
1604 4218 1940 4281 sensibilem
1954 4264 1972 4291 .,
2012 4218 2385 4280 manifestum
2426 4228 2515 4279 est
2552 4218 2921 4279 aduersarios
2960 4238 3083 4280 non
3122 4217 3339 4281 contri·

423 4300 650 4361 tionem
691 4300 1028 4361 interiorem
1046 4344 1064 4377 ,
1105 4316 1218 4360 nec
1259 4298 1698 4360 confessionem
1740 4316 1894 4378 quae
1934 4300 2069 4359 Deo
2106 4298 2172 4359 fit
2185 4344 2204 4375 ,
2244 4318 2355 4359 nec
2392 4297 2687 4359 internum
2720 4298 3151 4361 emendationis
3197 4318 3333 4379 pro·

430 4379 690 4458 positum
755 4388 954 4459 partes
1013 4378 1414 4459 poenitentiae
1467 4380 1696 4457 facere,
1751 4381 1856 4440 sed
1895 4388 2061 4441 acms
2100 4390 2395 4441 externos.
2453 4380 2747 4441 Volumus
2789 4390 3093 4458 prae-terea
3130 4380 3338 4441 abesse

3096 4478 3335 4520 omnem
3376 4508 3385 4515 .
