3923 4875
1418 351 1821 397 intituler
1880 352 2094 397 PARS
2151 351 2196 397 1.
3148 350 3266 415 453

340 514 583 579 silentio
598 560 617 595 ,
656 514 824 594 quod
862 513 925 575 in
962 515 1085 576 hoc
1122 522 1377 592 vtroque
1418 532 1634 593 genere
1676 512 2094 606 praestantiam
2134 530 2426 575 summam
2465 514 2762 577 bonorum
2804 514 2881 574 ad
2921 534 3130 593 pacem
3149 534 3280 594 per·

336 596 661 658 tinentium
704 594 1083 675 amplissimis
1123 593 1375 657 vocibus
1416 594 1744 656 denotauit.
1779 596 1938 655 Nam
1979 594 2058 655 de
2096 593 2198 654 illa
2237 594 2584 657 defensione
2621 598 2658 655 a
2699 598 2860 656 malo
2879 608 3138 675 acturus,
3157 614 3282 657 non

336 675 689 755 simpliciter
748 692 982 737 murum
996 721 1014 754 ,
1068 677 1319 753 fossam,
1379 676 1601 735 vallum
1614 720 1631 753 ,
1684 685 1785 735 aut
1823 673 2048 751 aliquid
2088 673 2278 735 simile
2318 673 2670 753 appellauit3
2709 676 2818 736 sed
2857 694 3010 735 voce
3047 675 3281 754 amplis-

336 757 493 818 sima
548 774 687 818 vsus
750 766 871 834 est,
932 756 1191 833 quoduis
1249 754 1683 815 munimentum
1698 799 1717 833 ,
1776 755 1958 832 idque
2000 753 2473 833 potentissimum
2517 756 2573 814 &
2613 754 3162 817 commodissimum
3201 756 3282 817 ad

336 836 751 899 defensionem
792 835 1177 915 significante.
1232 836 1327 897 De
1356 833 1589 895 interna
1629 838 1773 896 vero
1810 836 2115 896 bonorum
2156 834 2334 913 copia
2370 844 2493 896 tam
2533 834 2845 913 magnifice
2883 835 3176 915 loquitur,
3216 846 3280 897 vt

334 916 692 1009 dignitatem
731 916 1035 977 Ecclesiae
1074 934 1199 977 non
1238 914 1429 993 possit
1464 914 1777 993 quisquam
1816 913 2069 993 amplius
2107 916 2392 976 extollere
2405 960 2424 994 ,
2479 916 2616 977 cum
2643 918 2888 995 palatia
2924 914 3278 977 nominaret.

334 998 605 1058 Videbat
648 995 807 1058 enim
862 997 1161 1075 Propheta
1198 1013 1410 1056 omnes
1452 994 1585 1073 pios
1626 994 1685 1055 in
1724 994 2029 1057 Christum
2059 998 2115 1057 δι
2154 994 2486 1056 Ecclesiam
2526 994 2765 1071 insitos,
2808 1014 2976 1074 reges
3016 998 3073 1057 δι
3087 1014 3278 1057 sacer·

336 1078 519 1139 dotes
568 1078 730 1156 apud
768 1078 965 1138 Deum
1019 1086 1251 1156 patrem
1290 1074 1353 1135 in
1392 1074 1633 1136 Christo
1672 1076 1888 1155 factos,
1930 1076 2130 1155 regale
2167 1076 2594 1147 sacerdotium,
2636 1086 2700 1135 vt
2735 1077 2996 1155 appellat
3034 1078 3241 1137 Petrus
3255 1121 3274 1154 ,

344 1178 397 1217 1.
442 1160 570 1220 Pet.
615 1178 669 1219 a.
710 1178 769 1235 9.
810 1156 1001 1217 Exod.
1052 1176 1145 1235 19.
1180 1176 1238 1233 9.
1280 1155 1406 1217 siue
1426 1201 1444 1234 ,
1485 1166 1549 1217 vt
1587 1156 1822 1235 Moses,
1866 1172 2116 1234 regnum
2137 1156 2524 1217 sacerdotale.
2567 1156 2732 1216 Huic
2750 1155 3020 1235 dignitati
3039 1156 3275 1234 piorum

330 1236 549 1317 dignas
606 1236 889 1299 stationes
948 1236 1138 1298 voluit
1196 1236 1607 1297 demonstrare
1664 1238 1702 1295 a
1740 1236 1877 1297 Deo
1916 1234 2226 1297 attributas
2249 1282 2266 1313 ,
2305 1255 2379 1296 ac
2417 1238 2579 1297 velut
2622 1236 2916 1314 praetoria
2953 1237 3010 1296 δι
3052 1237 3279 1328 regales

336 1319 561 1380 domos
612 1320 753 1379 cum
806 1315 1289 1395 tranquillitatem
1328 1314 1520 1377 inesse
1556 1313 1789 1394 palatiis
1829 1314 1955 1377 eius
1996 1326 2333 1394 expeteret:
2381 1316 2478 1377 De
2512 1317 2690 1377 rebus
2728 1315 3009 1378 videlicet
3049 1314 3278 1395 spiritu·

326 1398 527 1492 alibus
563 1408 691 1491 tam
730 1396 1045 1489 magnifice
1082 1394 1145 1457 in
1186 1396 1307 1489 tide
1345 1394 1658 1488 sentiens„
1674 1406 1738 1457 vt
1780 1394 1895 1457 sibi
1932 1394 2061 1475 ipse
2103 1414 2227 1457 non
2270 1406 2470 1474 posset
2491 1394 2862 1489 satisfacere,
2901 1395 3012 1457 nisi
3031 1416 3126 1457 res
3149 1395 3279 1458 illas

328 1478 1033 1638 ¹¹¹x⁹iic¹1¹¹e1²1¹1¹usm²gerg¹¹ssfi⁰3
1070 1476 1706 1635 fflssfiztffizffiff,
1729 1476 2060 1633 ⁶31²&ss
2079 1486 2784 1636 ffss‘l'fflssfgfflzzssa
2823 1560 2860 1617 a
2897 1554 3072 1618 nobis
3109 1554 3276 1617 omni

324 1649 610 1717 tempore
649 1656 890 1699 necesse
928 1649 1035 1699 est.
1078 1637 1200 1699 Sed
1238 1641 1277 1697 a
1316 1654 1441 1715 quo
1480 1646 1844 1715 expetamus,
1884 1636 2000 1697 nisi
2035 1639 2074 1697 a
2107 1637 2272 1713 Deo,
2321 1636 2424 1715 qui
2444 1646 2643 1714 potest
2663 1638 2900 1714 explere
2916 1635 3268 1716 petitionem

327 1715 649 1781 nostram?
696 1719 863 1780 Deus
900 1718 1109 1797 igitur,
1156 1717 1321 1779 Deus
1359 1716 1457 1777 ille
1497 1726 1731 1795 noster,
1770 1726 1981 1779 auctor
2019 1716 2327 1777 Ecclesiae
2340 1762 2358 1795 ,
2405 1728 2604 1793 custos
2645 1720 2702 1779 δι
2741 1719 2961 1796 hospes
3001 1726 3274 1779 constan-

328 1797 595 1860 tissimus
652 1796 835 1875 illius,
894 1797 975 1858 ad
1034 1815 1214 1875 quem
1254 1795 1527 1859 Ecclesia
1563 1795 1883 1874 respiciens
1922 1796 2069 1857 nihil
2109 1814 2235 1857 non
2275 1796 2458 1859 habet
2496 1796 2644 1858 boni
2659 1843 2676 1876 ,
2715 1800 2755 1858 a
2793 1814 2915 1875 quo
2959 1796 3276 1875 respiciens

328 1880 619 1941 aliorsum
678 1877 831 1939 nihil
892 1896 1019 1939 non
1074 1876 1250 1939 sentit
1308 1876 1477 1937 mali:
1518 1876 1569 1938 is
1628 1896 1773 1955 ergo
1814 1876 1941 1956 ipse
1981 1887 2100 1955 est,
2153 1876 2257 1954 qui
2296 1877 2448 1937 haec
2489 1894 2696 1939 curare
2734 1887 2934 1955 potest
2973 1875 3278 1939 Ecclesiae

332 1958 789 2036 efficacissime,
842 1959 899 2018 δι
952 1961 991 2019 a
1043 1971 1167 2036 quo
1220 1976 1333 2018 nos
1383 1955 1783 2019 indesinenter
1831 1972 1984 2036 opus
2026 1966 2114 2018 est
2153 1966 2356 2035 petere
2396 1973 2808 2035 quaecumque
2845 1958 2926 2018 ad
2963 1975 3178 2036 pacem
3219 1958 3276 2016 δι

340 2038 831 2118 tranquillitatem
872 2038 1026 2101 illius
1065 2037 1383 2116 pertinent.
1421 2055 1621 2115 neque
1659 2036 1909 2099 dubium
1948 2048 2070 2115 est,
2111 2036 2162 2097 si
2201 2056 2275 2099 ex
2317 2037 2516 2099 animo
2535 2038 2719 2099 fidem
2738 2040 2794 2099 δι
2814 2036 3276 2099 misericordiam

336 2119 497 2181 illius
534 2118 922 2197 imploremus
960 2119 1051 2179 his
1088 2116 1231 2196 ipsis
1270 2117 1473 2178 ferreis
1510 2118 1567 2179 δι
1608 2118 2058 2179 luctuosissimis
2093 2116 2464 2196 temporibus
2480 2162 2498 2189 ,
2536 2116 2680 2195 quin
2722 2116 2882 2177 oculi
2902 2118 3083 2197 ipsius
3101 2134 3279 2195 super

332 2198 527 2261 iustos
567 2198 925 2279 inuigilaturi
962 2196 1109 2277 sint,
1147 2200 1204 2259 δι
1248 2214 1417 2259 aures
1458 2195 1639 2277 ipsius
1678 2206 1935 2259 attentae
1956 2198 2188 2258 futurae
2209 2198 2288 2257 ad
2307 2196 2434 2275 pias
2451 2216 2658 2275 preces
2678 2198 2734 2259 δι
2756 2198 3002 2275 suspiria
3019 2196 3274 2259 illorum.

418 2280 539 2341 Sed
578 2278 719 2357 quia
760 2279 927 2340 Deus
964 2296 1177 2356 pacem
1216 2279 1273 2338 δι
1306 2276 1788 2355 tranquillitatem
1830 2276 2138 2339 Ecclesiae
2177 2294 2318 2339 suae
2357 2296 2480 2339 non
2518 2278 2714 2339 solum
2751 2288 3032 2357 procurat
3067 2279 3274 2339 imme-

332 2360 497 2421 diate
535 2363 626 2439 (vt
662 2360 1015 2437 loquuntur)
1055 2356 1341 2420 arbitratu
1380 2376 1493 2419 suo
1506 2403 1525 2434 ,
1564 2358 1949 2419 verumetiam
1991 2356 2465 2437 quibuscumque
2505 2356 2698 2419 visum
2740 2366 2829 2419 est
2866 2356 3078 2419 mediis
3093 2358 3274 2419 vtitur

334 2441 417 2502 ad
455 2439 873 2519 praestandam
914 2459 1127 2518 pacem
1166 2440 1223 2499 δι
1263 2437 1745 2517 tranquillitatem
1787 2437 1975 2520 illius3
2013 2437 2320 2500 videamus
2360 2457 2439 2500 ne
2478 2437 2691 2518 singuli
2726 2436 2913 2500 nostri
2931 2437 3276 2500 deficiamus

338 2522 417 2582 ab
470 2519 677 2582 officio
731 2529 971 2599 nostro,
1027 2519 1077 2582 si
1130 2521 1283 2581 forte
1336 2519 1501 2581 Deus
1540 2519 1743 2598 nobis,
1784 2528 2070 2597 tanquam
2107 2518 2509 2580 instrumentis
2549 2518 2804 2598 indignis
2850 2517 3094 2597 quidem
3109 2563 3129 2594 ,
3169 2520 3277 2580 sed

340 2599 715 2663 sanctificatis
754 2602 834 2662 ab
870 2599 999 2678 ipso
1038 2617 1146 2679 per
1185 2597 1464 2678 gratiam,
1504 2600 1583 2661 ad
1622 2609 1853 2661 tantum
1889 2617 2042 2677 opus
2071 2598 2344 2678 dignetur
2360 2597 2466 2660 vti.
2505 2601 2662 2660 Nam
2685 2599 2831 2677 quid
2848 2597 3025 2660 nobis
3045 2597 3277 2660 miseris

340 2683 597 2742 futurum
648 2691 770 2761 est,
820 2679 873 2740 si
920 2681 1087 2757 quod
1129 2698 1235 2741 ore
1288 2677 1569 2757 pertimus
1582 2725 1599 2759 ,
1651 2679 1797 2741 illud
1839 2679 2112 2741 manibus
2151 2677 2520 2758 pedibusque
2559 2677 2782 2740 obnixe
2825 2675 3279 2758 oppugnemus?

340 2771 440 2822 aut
476 2761 527 2822 si
565 2780 679 2822 nec
720 2778 964 2822 manum
1002 2779 1119 2822 nec
1156 2760 1373 2838 pedem
1410 2761 1867 2836 admoneamus,
1906 2762 2046 2821 cum
2083 2760 2378 2821 honorem
2399 2758 2576 2820 istum
2595 2761 2762 2821 Deus
2779 2759 2954 2821 nobis
2975 2757 3267 2838 habuerit,

336 2845 391 2903 δι
429 2841 509 2902 ad
549 2859 701 2920 opus
740 2840 1119 2902 immerentes
1160 2839 1579 2920 gratiosissime
1620 2837 1966 2901 vocauerit?
2005 2840 2173 2916 quod
2213 2857 2360 2919 ergo
2381 2839 2634 2918 petimus
2653 2857 2960 2916 sermone,
2998 2849 3268 2918 petamus

335 2920 566 3000 anim03
621 2921 789 3000 quod
840 2921 1045 2982 animo
1086 2923 1143 2982 δι
1190 2939 1465 2982 sermone
1502 2918 1757 2998 petimus
1772 2965 1791 2998 ,
1831 2918 1989 2980 idem
2031 2919 2211 2981 etiam
2251 2918 2446 2981 modis
2486 2918 2764 2981 omnibus
2804 2929 3172 3012 appetamus,
3211 2920 3268 2979 δι

338 3001 593 3064 studium
608 3045 625 3078 ,
667 3020 913 3080 operam
929 3048 948 3080 ,
988 3002 1256 3062 laborem
1270 3046 1288 3074 ,
1328 2998 1794 3092 industriamque
1831 3011 2097 3062 nostram
2135 3005 2212 3061 eo
2254 3001 2658 3077 conferamus,
2697 3009 2762 3060 vt
2799 2999 2863 3060 id
2882 3017 3076 3077 ipsum
3095 2999 3263 3076 quod

338 3081 618 3160 petimus,
660 3081 901 3142 tandem
935 3080 1227 3142 beneficio
1250 3079 1397 3158 Dei,
1416 3090 1483 3142 vt
1502 3079 1873 3142 benedicturi
1894 3080 2098 3142 officio
2119 3079 2566 3158 ministerioque
2586 3089 2792 3140 nostro
2808 3124 2826 3157 ,
2866 3097 3268 3157 assequamur.

344 3163 487 3222 Hoc
536 3171 736 3224 autem
786 3171 853 3223 vt
905 3161 1188 3223 faciamus
1238 3163 1473 3241 sancte,
1531 3159 1971 3222 meminerimus
2011 3162 2089 3220 ab
2129 3178 2204 3221 eo
2243 3159 2346 3238 qui
2387 3157 2588 3220 omnia
2626 3159 2730 3220 dat
2744 3205 2762 3238 ,
2801 3159 2997 3238 expeti
3037 3158 3267 3239 omnia3

336 3243 412 3302 ab
450 3240 520 3301 iis
557 3246 701 3304 vero
740 3241 843 3319 qui
880 3251 1127 3320 possunt
1165 3239 1392 3320 aliquid
1430 3239 1762 3301 ministrare
1780 3239 2110 3302 secundum
2131 3241 2498 3302 voluntatem
2520 3239 2636 3300 Dei
2653 3239 2959 3300 donatoris
2979 3237 3266 3316 omnium,

342 3321 537 3400 aliqua
575 3321 860 3400 postulari
898 3322 1225 3385 secundum
1265 3322 1463 3382 Deum
1503 3332 1799 3399 oportere.
1836 3323 2045 3400 Itaque
2085 3319 2290 3382 omnia
2328 3320 2575 3382 omnino
2614 3323 2651 3380 a
2696 3322 2832 3381 Deo
2865 3319 3152 3398 petimus,
3191 3320 3270 3380 ab

340 3400 493 3480 aliis,
552 3401 751 3480 aliqua
808 3403 1137 3464 secundum
1194 3403 1412 3463 Deum.
1474 3401 1629 3462 cum
1689 3411 1887 3462 autem
1934 3402 2014 3462 ab
2053 3399 2180 3461 aliis
2219 3399 2499 3479 dicimus3
2601 3399 2691 3461 uis
2729 3401 2884 3460 adeo
2922 3398 3166 3478 desipit,
3203 3409 3270 3460 vt

342 3481 591 3542 aliorum
636 3482 901 3543 officium
942 3483 1153 3544 merito
1193 3481 1510 3543 desiderari
1548 3491 1717 3560 putet
1730 3525 1749 3561 ,
1802 3485 1859 3541 &
1896 3479 2248 3542 dissimulari
2287 3419 2602 3542 nostrumci
2661 3481 3070 3558 Quaecunque
3109 3497 3270 3539 crea·

343 3573 505 3622 turae
556 3572 720 3640 sunt,
775 3573 1049 3623 tenentur
1102 3562 1429 3623 secundum
1468 3562 1667 3623 Deum
1710 3561 2036 3622 ministrare
2074 3561 2366 3622 voluntati
2409 3561 2553 3623 eius.
2594 3559 2738 3638 quid
2778 3579 2923 3638 ergo
2965 3560 3268 3638 exigamus

344 3643 418 3703 ab
464 3640 613 3716 aliis,
654 3642 821 3720 quod
860 3661 973 3703 nos
1014 3641 1127 3720 ipsi
1165 3653 1459 3719 praestare
1500 3640 1742 3702 minime
1782 3637 2149 3719 cogitamus?
2193 3642 2527 3718 Vtrumque
2566 3659 2718 3718 opus
2751 3641 2918 3701 estin
2941 3639 3270 3719 expetenda

345 3741 491 3798 pace
531 3723 587 3782 &
626 3721 1049 3800 tranquillitate
1088 3721 1433 3784 Ecclesiae:
1473 3732 1600 3782 tum
1640 3732 1701 3781 vt
1740 3721 1853 3800 ipsi
1894 3737 2128 3783 summo
2171 3721 2464 3782 desiderio
2504 3737 2892 3798 procuremus
2923 3723 2980 3781 δι
2999 3721 3268 3782 colamus

342 3819 503 3882 eam,
536 3812 664 3862 tum
706 3813 772 3862 vt
810 3801 1115 3880 proximos
1153 3802 1233 3863 ad
1274 3803 1435 3864 idem
1476 3801 1739 3862 officium
1780 3799 2054 3880 religiose
2093 3800 2433 3863 excitemus.
2473 3800 2784 3862 Proximos
2824 3811 3022 3861 autem
3058 3817 3267 3860 omnes

342 3882 611 3943 vniuerse
659 3881 975 3960 prouocati
1022 3882 1101 3944 ad
1156 3884 1277 3944 hoc
1332 3881 1596 3944 officium
1651 3900 1793 3961 erga
1842 3881 2176 3942 Ecclesiam
2224 3881 2340 3942 Dei
2379 3889 2660 3959 oportere
2699 3881 2990 3941 docemur
3026 3889 3235 3940 natura
3249 3925 3266 3958 ,

342 3964 394 4022 &
432 3961 785 4024 auctoritate
826 3963 1197 4040 Scripturae:
1240 3961 1746 4039 quemadmodum
1781 3961 2082 4023 Christum
2117 3960 2366 4040 legimus
2389 3961 2784 4040 praecepisse,
2827 3959 3072 4038 Diligite
3091 3960 3266 4020 etiam

342 4039 611 4103 inimicos
647 4051 909 4121 vestros,
949 4041 1283 4103 benedicite
1320 4041 1394 4102 iis
1434 4040 1535 4117 qui
1577 4041 1879 4102 deuouent
1918 4061 2030 4102 vos
2071 4045 2182 4102 διε.
2238 4043 2385 4102 Mat.
2429 4059 2482 4120 5.
2525 4061 2622 4115 44.
2664 4042 2720 4100 δι
2759 4041 3005 4100 Paulum
3044 4040 3268 4118 praeci·

346 4124 403 4191 (f.
438 4122 833 4200 727)pientem
851 4168 870 4201 ,
922 4121 971 4182 si
1026 4123 1153 4184 fieri
1206 4132 1429 4200 potest,
1484 4131 1773 4198 quantum
1828 4121 1889 4180 in
1938 4121 2114 4182 vobis
2169 4131 2285 4199 est,
2326 4139 2464 4182 cum
2505 4120 2784 4182 omnibus
2823 4119 3165 4180 hominibus
3204 4118 3267 4180 in

346 4221 490 4282 pace
541 4201 737 4264 viuite.
798 4203 916 4264 Sed
954 4203 1095 4280 quia
1132 4202 1295 4262 varia
1332 4211 1419 4263 est
1456 4200 1861 4280 proximorum
1901 4206 1990 4278 (vt
2031 4201 2093 4262 in
2133 4202 2432 4280 Scriptura
2475 4205 2784 4277 vocantur)
2825 4198 3006 4276 ratio,
3047 4203 3102 4260 δι
3143 4200 3270 4277 ipse

349 4298 585 4362 quoque
621 4285 919 4362 Propheta
958 4283 1019 4343 in
1060 4283 1181 4343 hoc
1220 4283 1359 4343 loco
1401 4281 1659 4359 aliquam
1700 4281 2140 4343 distinctionem
2179 4283 2408 4360 adfert3
2449 4281 2652 4360 paucis
2691 4283 2768 4344 de
2808 4279 3020 4340 ordine
3059 4297 3266 4340 eorum

348 4361 658 4425 dicendum
718 4374 807 4427 est
820 4410 840 4444 ,
904 4374 969 4426 vt
1028 4362 1239 4424 melius
1296 4370 1529 4424 constet
1544 4407 1561 4440 ,
1618 4361 1765 4440 quid
1822 4361 2040 4440 quibus
2099 4362 2222 4442 peti
2262 4364 2319 4423 δι
2357 4363 2640 4442 praestari
2679 4371 2970 4441 oporteat.
3007 4357 3266 4421 Proximi

3059 4459 3268 4504 omnes
