3923 4875
581 327 698 372 200
1513 321 1840 368 'rnlslts
1897 319 2545 368 Tnuotoolcat.

579 497 783 548 mento
841 483 1014 558 velit,
1075 489 1131 546 δι
1191 483 1684 562 quotiescumque
1736 483 1880 544 velit
1932 483 2081 543 scire
2119 482 2177 542 δι
2216 481 2476 575 cogitare
2516 481 2817 542 intellectu
2856 497 2967 540 suo
3006 481 3298 558 humano,
3336 499 3409 540 ac
3448 479 3495 540 si

581 567 882 629 obiectum
943 579 1094 626 esset
1151 565 1338 625 oculis
1387 565 1442 624 δι
1495 565 1761 625 sensibus
1801 563 1983 642 ipsius
2020 565 2449 640 corporalibus.
2490 562 2715 622 Verum
2755 561 2906 620 haec
2944 559 3181 638 omnia,
3222 563 3277 620 δι
3319 577 3493 638 quae-

580 665 838 724 cumque
895 645 1014 706 diei
1073 656 1348 723 possunt,
1399 645 1510 706 scit
1561 649 1617 706 δι
1655 645 1876 722 cogitat
1915 642 2203 703 distinctis
2245 647 2300 702 δι
2340 640 2686 702 successiuis
2726 639 3028 718 cogitandi
3066 640 3298 700 actibus
3312 685 3330 718 ,
3370 641 3493 701 siue

575 727 748 806 ideis,
789 725 914 787 siue
957 725 1267 803 speciebus
1307 724 1798 802 intelligibilibus,
1833 723 2161 784 secundum
2182 733 2415 782 creatae
2434 721 2647 782 mentis
2666 720 3087 799 proprietatem
3108 721 3495 782 essentialem.

577 809 734 868 Nam
786 809 936 867 haec
981 805 1148 866 omni
1185 804 1428 866 scientia
1466 805 1782 883 plurimum
1825 801 2019 870 differt
2058 804 2136 862 ab
2176 803 2437 862 increata
2474 801 2589 862 Dei
2626 799 2910 878 sapientia
2924 845 2943 880 ,
2982 818 3101 878 qua
3144 803 3311 862 Deus
3348 800 3495 878 seip—

579 904 738 964 sum,
787 887 845 947 δι
899 885 1103 946 omnia
1153 902 1336 962 opera
1375 901 1509 960 sua,
1550 888 1606 945 δι
1644 885 1835 944 aliena
1849 928 1865 961 ,
1905 901 2028 942 vno
2068 892 2309 942 aeterno
2352 883 2409 942 &
2447 880 2797 942 immutabili
2836 891 2973 941 actu
3016 881 3076 940 in
3115 899 3180 939 se
3220 881 3494 940 intuetur.

579 967 766 1042 Quod
806 967 1172 1028 voluntatem
1211 966 1520 1026 concernit
1533 1009 1551 1040 ,
1591 982 1800 1024 omnes
1838 961 2083 1022 virtutes
2120 962 2238 1021 tale
2276 961 2706 1022 incrementum
2746 962 2807 1022 in
2832 979 2903 1021 ea
2920 971 3303 1040 acceperunt,
3322 961 3497 1037 quale

579 1047 640 1106 in
701 1057 1028 1107 creaturam
1087 1045 1301 1106 cadere
1359 1055 1572 1123 potest.
1634 1047 1704 1104 In
1759 1061 2017 1119 summa,
2072 1042 2244 1102 dotes
2296 1051 2424 1101 tum
2474 1041 2767 1120 corporis,
2809 1052 2936 1101 tum
2976 1039 3211 1101 animae
3250 1040 3497 1118 Christi,
3610 1063 3627 1078 ·

585 1129 780 1204 plures
819 1126 1072 1186 maiores
1111 1129 1169 1186 δι
1207 1123 1588 1203 perfectiores
1629 1135 1794 1202 sunt,
1834 1126 2017 1200 quam
2046 1139 2257 1182 omnes
2276 1121 2425 1182 aliae
2444 1133 2745 1182 creaturae
2764 1119 2992 1199 possint
3010 1139 3223 1198 capere
3236 1166 3255 1198 ,
3276 1123 3496 1180 Psalm,

583 1223 684 1284 45.
726 1224 784 1282 7.
839 1209 1054 1268 Ioann.
1097 1223 1155 1282 3.
1191 1225 1287 1281 34.
1348 1222 1502 1282 quae
1553 1215 1750 1265 tamen
1791 1203 1932 1263 licet
1970 1219 2147 1280 supra
2184 1211 2454 1262 naturam
2492 1200 2641 1280 sint,
2681 1200 2738 1261 &
2778 1200 3047 1280 proprias
3088 1211 3265 1278 atque
3306 1219 3497 1261 essen-

580 1287 746 1347 tiales
807 1287 980 1347 dotes
1031 1297 1278 1347 naturae
1337 1287 1630 1346 humanae
1683 1303 1805 1344 non
1844 1283 2063 1344 tollunt
2076 1326 2094 1361 ,
2146 1299 2261 1342 nec
2302 1283 2639 1362 destruunt,
2678 1292 2742 1342 vt
2781 1299 2921 1342 caro
2962 1291 3165 1343 nostra
3202 1284 3259 1342 δι
3296 1300 3499 1342 semen

579 1365 828 1426 Dauidis
867 1365 930 1426 in
969 1366 1208 1428 caelesti
1247 1365 1436 1444 gloria
1475 1375 1780 1425 aeternum
1819 1373 2047 1442 regnet.

665 1465 755 1507 10.
837 1447 1177 1525 HactenuS,
1215 1445 1360 1523 quid
1399 1443 1474 1505 sit
1511 1443 1788 1505 exalta-tio
1827 1441 2233 1520 explicuimus.
2277 1441 2597 1519 Reliquum
2636 1441 2755 1501 iam
2796 1452 2913 1520 est,
2953 1451 3019 1501 vt
3049 1442 3125 1501 de
3154 1458 3333 1502 causa
3350 1440 3502 1501 illius

583 1526 874 1586 efficiente
913 1543 1176 1604 agamus.
1215 1528 1310 1585 Ac
1351 1543 1588 1585 causam
1630 1524 1872 1602 quidem
1911 1522 2264 1583 efficientem
2305 1521 2689 1599 principalem
2730 1539 2867 1583 cum
2906 1523 3203 1599 Apostolo
3243 1522 3402 1582 Phil.
3444 1541 3499 1580 2.

582 1627 639 1683 9.
679 1605 987 1667 statuimus
1026 1609 1224 1666 Deum
1261 1617 1517 1684 patrem,
1559 1623 1682 1664 non
1717 1605 1799 1664 ita
1837 1613 2039 1663 tamen
2077 1613 2143 1662 vt
2182 1601 2333 1662 filius
2372 1604 2427 1662 &
2470 1600 2718 1679 Spiritus
2756 1603 3006 1662 Sanctus
3037 1603 3114 1662 ab
3134 1603 3247 1662 hac
3266 1601 3502 1662 actione

579 1687 992 1764 excludantur,
1031 1687 1138 1746 sed
1177 1696 1242 1745 vt
1281 1687 1437 1747 ordo
1475 1684 1804 1764 personalis
1843 1683 1900 1742 &
1939 1681 2295 1744 oeconomia
2332 1680 2759 1760 redemptionis
2800 1681 3109 1743 indicetur.
3148 1683 3323 1742 Pater
3338 1681 3499 1741 enim

579 1777 645 1827 vt
683 1767 1038 1842 reliquarum
1081 1765 1314 1826 deitatis
1355 1781 1743 1844 personarum
1783 1761 2141 1843 principium
2182 1773 2300 1839 est,
2340 1780 2463 1823 non
2503 1760 2814 1839 temporie,
2844 1763 2953 1822 sed
2982 1773 3147 1823 ortus
3166 1763 3223 1824 &
3243 1761 3469 1823 ordinis
3482 1807 3501 1839 ,

578 1845 664 1905 sic
701 1845 762 1906 in
811 1846 1046 1924 agendo
1086 1845 1349 1906 similiter
1363 1845 1390 1906 :²
1427 1865 1566 1906 nam
1611 1845 1732 1922 agit
1780 1849 1818 1905 a
1856 1861 1919 1904 se
1955 1861 2063 1922 per
2100 1840 2286 1902 filium
2324 1845 2379 1904 δι
2424 1840 2701 1920 Spiritum
2745 1842 3055 1902 Sanctum:
3096 1842 3353 1920 ideoque
3392 1859 3500 1919 per

581 1925 990 1985 excellentiam
1051 1925 1274 1986 ordinis
1335 1925 1390 1986 ei
1447 1925 1783 1986 tribuuntur
1842 1942 1914 1984 ea
1953 1939 2107 2001 quae
2139 1921 2263 1982 filio
2300 1925 2355 1984 δι
2397 1920 2637 2000 Spiritui
2674 1930 2883 1981 sancto
2925 1922 3242 1999 aequaliter
3280 1939 3503 1982 conue—

581 2005 749 2064 niunt
762 2050 781 2082 ,
821 2004 1050 2065 ratione
1089 2004 1340 2065 actionis
1353 2051 1370 2083 ,
1411 2021 1564 2082 quae
1603 2024 1720 2064 vna
1758 2004 2089 2080 eademque
2120 2013 2229 2062 est.
2268 2001 2503 2062 Deinde
2524 2000 2809 2078 quoniam
2830 2001 3271 2080 dispensatione
3292 2003 3503 2062 volun-

580 2083 714 2144 tatis
773 2084 924 2144 filius
983 2103 1048 2144 se
1110 2083 1439 2146 humiliauit
1497 2104 1568 2144 ac
1622 2083 1774 2162 patri
1813 2081 2093 2161 subiecit,
2134 2081 2272 2143 ideo
2314 2079 2619 2160 exaltatio,
2660 2081 2801 2142 licet
2840 2099 3160 2142 commune
3200 2081 3501 2142 Trinitatis

581 2182 735 2242 opus
751 2209 770 2244 ,
810 2165 890 2225 ad
929 2167 1161 2226 Patrem
1200 2168 1338 2243 apte
1377 2166 1642 2225 refertur.

667 2263 690 2302 1
708 2264 758 2304 1.
839 2245 1095 2305 Causam
1132 2250 1278 2306 vero
1319 2242 1670 2306 efficientem
1709 2241 2083 2334 impulsiuam
2124 2239 2429 2301 statuimus
2500 2259 2623 2300 non
2652 2240 3121 2302 humiliationem
3140 2241 3199 2300 &
3219 2241 3505 2303 obedien-

578 2323 720 2384 tiam
775 2324 1026 2403 Christi,
1075 2326 1182 2386 sed
1236 2324 1416 2400 officij
1459 2324 1550 2384 sui
1589 2333 2017 2384 executionem.
2074 2323 2228 2381 Nam
2268 2322 2405 2380 cum
2443 2284 2603 2380 hanc
2642 2320 3049 2382 conditionem
3088 2321 3167 2382 de
3200 2323 3505 2382 voluntate

582 2405 766 2467 Patris
813 2405 1166 2483 susceperit,
1220 2413 1464 2483 propter
1503 2403 1680 2481 officij
1722 2401 2135 2464 executionem
2150 2446 2168 2481 ,
2207 2401 2409 2478 vtique
2448 2399 2629 2477 ipsius
2668 2400 3027 2479 humiliatiO,
3063 2401 3408 2463 obedientia
3444 2403 3501 2463 δι

582 2502 744 2545 mors
759 2530 778 2564 ,
837 2504 963 2545 non
1022 2496 1216 2563 potest
1270 2485 1447 2546 statui
1496 2502 1676 2545 causa
1714 2487 1772 2544 δι
1813 2482 2087 2545 meritum
2131 2480 2501 2541 exaltationis
2514 2526 2534 2555 ,
2572 2481 2739 2559 quasi
2778 2481 3107 2543 humilitate
3146 2500 3253 2543 sua
3290 2484 3503 2543 exalta-

579 2564 806 2625 tionem
847 2564 935 2625 sui
978 2565 1287 2643 spectarit,
1329 2572 1550 2643 suaque
1589 2562 1969 2642 perpessione
1990 2560 2229 2621 meritus
2269 2561 2343 2621 sit
2356 2606 2374 2639 ,
2412 2572 2478 2627 vt
2508 2563 2873 2623 attolleretur
2892 2579 3070 2640 super
3088 2581 3269 2624 omne
3284 2580 3505 2623 nomen

580 2646 844 2737 Philtpp.
888 2666 940 2705 2.
986 2664 1043 2722 9.
1081 2645 1190 2705 sed
1227 2648 1457 2705 tantum
1495 2646 1852 2705 antecedens
1889 2642 1947 2702 δι
1989 2640 2231 2720 modus,
2272 2659 2377 2702 seu
2416 2640 2542 2714 via,
2584 2658 2707 2719 quo
2748 2643 2827 2702 ad
2858 2641 3109 2721 gloriam
3144 2642 3505 2723 peruenitur.

579 2726 734 2785 Nam
790 2736 948 2785 iuxta
986 2724 1406 2785 oeconomiam
1447 2724 1676 2800 consilij
1719 2721 1906 2784 diuini
1944 2722 2262 2799 oportebat
2302 2719 2603 2782 Christum
2644 2721 2805 2799 prius
2847 2722 2909 2782 in
2946 2722 3039 2783 his
3079 2722 3247 2785 terris
3286 2722 3509 2785 sacrifi-

577 2804 736 2865 cium
785 2806 998 2866 offerre
1011 2851 1027 2883 ,
1079 2805 1136 2863 &
1174 2804 1417 2865 humani
1461 2804 1690 2883 generis
1745 2802 2013 2881 expiare,
2062 2805 2242 2879 quam
2282 2803 2455 2879 plene
2494 2803 2871 2879 perfecteque
2911 2814 3209 2884 regnaret,
3250 2804 3402 2865 adeo
3444 2812 3509 2862 vt

579 2884 906 2946 humiliatio
965 2884 1322 2945 antecedens
1383 2883 1488 2963 sit,
1541 2884 1816 2944 exaltatio
1871 2885 2016 2943 vero
2056 2898 2455 2959 consequens,
2494 2881 3003 2957 quemadmodum
3043 2885 3308 2965 Philaespp.
3352 2904 3407 2945 2.
3448 2903 3505 2959 9.

584 2964 762 3025 docet
819 2965 1146 3043 Apostolus
1161 3008 1179 3039 ,
1239 2965 1380 3025 cum
1419 2963 1642 3043 inquit,
1693 2965 2077 3041 Quapropter
2116 2963 2195 3021 ὁ·
2230 2962 2399 3021 Deus
2438 2964 2727 3023 exultauit
2759 2964 2953 3039 illum,
2994 2962 3107 3023 &c.
3167 2966 3307 3023 Non
3348 2962 3507 3024 enim

584 3042 815 3104 disserit
855 3044 974 3104 illic
1011 3045 1088 3103 de
1127 3060 1307 3105 causa
1343 3042 1712 3114 exaltationis
1750 3042 1991 3117 Christi,
2038 3042 2147 3102 sed
2184 3039 2668 3118 consequentiam
2704 3060 2898 3101 rerum
2918 3043 3207 3103 duntaxat
3224 3043 3511 3121 ostendit,

585 3132 650 3183 vt
707 3122 884 3185 nobis
946 3135 1101 3185 esset
1153 3126 1460 3203 exemplo:
1503 3144 1618 3185 nec
1659 3124 1906 3184 omnino
1947 3121 2107 3181 aliud
2151 3120 2369 3198 voluit,
2410 3124 2590 3197 quam
2630 3122 2795 3197 quod
2834 3121 3049 3182 dicitur
3086 3125 3231 3183 Luc.
3278 3143 3371 3195 24.
3418 3124 3509 3184 26.

586 3202 939 3280 Oportuisse
995 3202 1296 3265 Christum
1347 3205 1471 3283 pati
1508 3205 1563 3263 δι
1603 3204 1684 3265 ita
1723 3202 1942 3263 intrare
1983 3201 2045 3260 in
2084 3200 2354 3279 gloriam.
2414 3202 2567 3260 Nam
2610 3201 2897 3278 particula
2939 3202 3039 3262 illa
3078 3206 3512 3283 (Quapropter)

581 3299 705 3341 non
766 3282 1006 3361 respicit
1063 3286 1293 3345 tantum
1355 3284 1690 3363 proximum
1741 3282 1888 3343 illud
1927 3280 2092 3341 Pauli
2131 3279 2357 3341 dictum
2400 3282 2475 3340 de
2517 3280 2895 3359 perpessione
2936 3284 2991 3342 δι
3034 3294 3223 3344 morte
3261 3282 3511 3356 Christi,

587 3363 694 3421 sed
734 3372 924 3423 totam
968 3362 1128 3423 illam
1165 3382 1456 3425 summam
1497 3364 1778 3425 historiae
1817 3360 2215 3440 Euangelicae
2228 3402 2249 3439 ,
2288 3376 2467 3437 quam
2506 3370 2643 3420 ante
2684 3372 2980 3439 posuerat.
3022 3366 3175 3424 Nam
3196 3373 3513 3441 postquam

584 3440 750 3502 iussit
791 3453 856 3503 vt
895 3442 1078 3503 simus
1119 3444 1324 3505 itidem
1367 3444 1562 3505 affecti
1603 3454 1779 3521 provt
1811 3442 1919 3503 suit
1963 3439 2229 3501 Christus
2247 3485 2265 3518 ,
2304 3440 2443 3500 ilico
2482 3440 2745 3519 subiicit,
2766 3446 2872 3519 qui
2888 3462 3003 3502 non
3022 3446 3197 3504 duxit
3208 3447 3513 3522 rapinam,

588 3522 698 3581 διο.
751 3524 844 3582 Ex
881 3522 1096 3600 quibus
1137 3523 1333 3584 verbis
1373 3524 1518 3584 illud
1561 3523 1872 3583 conficitur
1885 3566 1902 3599 ,
1945 3520 2186 3581 Christo
2228 3518 2467 3598 proprie
2506 3518 2653 3579 nihil
2692 3521 3039 3602 accessisse,
3077 3532 3253 3601 provt
3286 3541 3352 3583 se
3390 3522 3514 3600 ipse

585 3600 822 3663 abiecit.
866 3604 942 3663 Se
983 3613 1180 3664 autem
1225 3602 1441 3664 abiecit
1481 3602 1934 3681 dispensatione.
1980 3602 2142 3679 Ergo
2182 3600 2467 3677 quicquid
2498 3600 2759 3680 accepit,
2778 3602 3044 3663 eiusdem
3064 3602 3515 3681 dispensationis

584 3682 794 3742 ordine
837 3684 1130 3759 acceperit
1171 3702 1412 3744 necesse
1452 3694 1543 3744 est
1557 3728 1575 3759 ,
1615 3700 1738 3761 quo
1778 3683 2153 3761 deposuerat.
2192 3680 2273 3739 Et
2310 3690 2373 3739 vt
2412 3690 2655 3758 propter
2694 3699 2831 3760 n03,
2851 3700 2973 3741 non
2997 3692 3237 3760 propter
3256 3681 3511 3760 seipsum

583 3762 920 3823 humiliatus
961 3772 1077 3841 est,
1117 3762 1200 3823 ita
1237 3762 1413 3823 etiam
1453 3774 1698 3841 propter
1737 3782 1850 3824 nos
1891 3764 2174 3823 exaltatus
2214 3770 2335 3819 est:
2376 3762 2553 3819 Rom.
2594 3763 2650 3820 8.
2692 3780 2789 3837 32.
2828 3762 2885 3820 δι
2928 3776 2983 3839 5.
3030 3782 3121 3824 10.
3158 3764 3375 3823 Ioann.
3422 3780 3511 3837 17.

591 3859 680 3917 19.
743 3844 886 3903 Huc
928 3842 1222 3919 pertinent
1283 3842 1660 3920 loquutiones
1719 3841 2130 3922 propheticae,
2182 3840 2349 3899 Puer
2382 3850 2555 3901 natus
2594 3849 2682 3900 est
2718 3842 2883 3901 nobis
2918 3842 3088 3903 Iesai.
3130 3860 3188 3920 9.
3228 3846 3287 3903 6.
3326 3842 3479 3902 Item
3494 3886 3513 3919 ,

584 3924 782 3981 exulta
811 3924 958 3999 fllia
999 3926 1171 4002 Sion,
1215 3942 1336 3982 ecce
1375 3926 1510 3983 Rea:
1549 3931 1681 3983 tuus
1719 3926 1878 3985 venit
1911 3924 2039 3993 tihi,
2080 3920 2323 3979 Zachar.
2366 3940 2423 3996 9.
2464 3940 2521 3998 9.

677 4019 700 4058 1
715 4020 768 4061 2.
849 4002 1146 4063 Beneficia
1205 4021 1387 4080 porro
1448 4020 1602 4081 quae
1655 4014 1775 4063 tam
1831 4022 1904 4063 ex
1943 3997 2352 4062 humiliatione
2391 4004 2571 4077 quam
2613 4000 2965 4061 exaltatione
3004 4000 3221 4061 Christi
3260 4004 3397 4061 Iesu
3436 4002 3517 4061 ad

583 4078 794 4141 fideles
834 4082 1115 4161 redeunt,
1156 4083 1494 4144 summatim
1539 4085 1888 4160 complexus
1931 4091 2021 4142 est
2061 4080 2425 4158 Apostolus,
2464 4082 2637 4139 Rom.
2660 4101 2717 4153 4.
2742 4096 2836 4157 25.
2874 4082 3013 4141 cum
3052 4080 3197 4140 dicit
3220 4082 3519 4141 Christum

585 4168 878 4219 mortuum
931 4180 1050 4221 esse
1099 4172 1347 4241 propter
1376 4171 1626 4243 peccata
1665 4172 1900 4239 nostra,
1942 4161 2021 4220 ὁ·
2060 4160 2395 4218 suscitatum
2423 4169 2677 4238 propter
2712 4162 3178 4237 iustificationem
3216 4168 3482 4220 nostram
3498 4180 3518 4218 .·

592 4258 643 4299 1.
687 4250 880 4300 morte
923 4239 1046 4301 eius
1089 4243 1386 4303 sublatum
1431 4252 1778 4321 peccatum,
1819 4246 1875 4305 δι
1915 4238 2375 4301 Resurrectione
2390 4282 2407 4315 ,
2448 4256 2601 4314 quae
2639 4240 2863 4317 primus
2902 4239 3269 4299 exaltationis
3300 4241 3521 4318 gradus

585 4330 704 4397 est,
747 4320 814 4394 (f.
861 4322 1040 4395 1676)
1081 4322 1469 4384 instauratam
1513 4322 1956 4401 restitutamque
1996 4316 2273 4379 iustitiam
2289 4362 2308 4397 ,
2344 4318 2496 4378 adeo
2536 4330 2599 4380 vt
2640 4322 2799 4379 nulla
2836 4320 2953 4379 iam
2985 4319 3427 4411 comdemnatio
3448 4332 3523 4379 nt

3308 4398 3525 4479 aisqui
