3923 4875
596 351 711 408 294
1558 345 1878 390 Tntsts
1938 343 2591 392 THEOLOGICAt.

590 512 821 570 Patrem
880 507 1217 586 supplicans
1275 512 1331 570 δι
1390 507 1760 568 intercedens
1816 525 1926 587 pro
1982 508 2178 584 nobis,
2229 519 2294 569 vt
2333 509 2624 570 Sacerdos
2665 516 2900 585 noster,
2943 507 3198 586 diceret,
3239 513 3508 573 Verbum

592 601 755 650 tuum
796 601 885 649 est
925 588 1155 649 veritas.
1196 590 1371 649 Ioan.
1424 605 1514 664 1⁷·
1565 605 1655 663 17.
1696 589 1863 650 Psal.
1914 607 2047 666 119.
2097 590 2226 648 160.

672 690 727 743 4.
808 670 1003 728 Tanta
1062 667 1221 729 enim
1273 678 1361 728 est
1408 670 1629 730 veritas
1668 669 2007 748 Scripturae
2045 687 2274 740 sacrae,
2317 679 2382 728 vt
2423 668 2625 730 diuina
2665 666 2910 745 veritas,
2951 685 3106 745 quae
3142 669 3387 748 quidem
3427 684 3516 733 est

592 769 698 829 per
757 768 1097 809 sermonem
1154 747 1215 808 in
1276 751 1395 810 hoc
1454 749 1657 808 seculo
1708 748 2246 827 communicabilis,
2287 766 2425 810 cum
2465 749 2764 826 Scriptura
2803 749 2983 808 Sacra
3021 747 3097 808 sit
3135 749 3520 830 ἀπιςροφοςε

590 829 741 891 adeo
803 840 865 889 vt
926 827 1070 888 nihil
1130 827 1365 889 diuinae
1426 827 1683 890 veritatis
1742 829 1893 889 illius
1942 829 2208 889 salutaris
2263 839 2426 890 extra
2467 827 2829 907 Scripturam
2873 847 3102 890 sacram
3145 827 3242 890 hic
3281 843 3510 893 exstare

590 909 809 989 possit,
851 912 905 970 δι
951 908 1095 980 nihil
1134 907 1195 968 in
1234 909 1349 970 hac
1390 908 1720 988 Scriptura,
1762 909 1929 988 quod
1971 907 2130 969 idem
2169 929 2294 970 non
2337 909 2412 968 sit
2451 909 2686 970 diuinae
2727 907 2880 969 illius
2924 907 3200 970 veritatis.

676 1007 731 1068 5.
814 990 1024 1050 Elucet
1080 999 1275 1049 autem
1342 987 1543 1049 diuina
1602 987 1701 1048 illa
1758 989 1973 1049 veritas
2027 999 2151 1048 tum
2206 989 2266 1048 in
2310 991 2486 1051 rebus
2527 989 2694 1067 ipsis,
2736 1000 2860 1048 tum
2896 987 2956 1048 in
2997 989 3266 1051 oratione
3305 991 3384 1050 ad
3423 1011 3519 1054 res

592 1069 1005 1149 significandas
1064 1068 1358 1146 adhibita,
1418 1069 1697 1129 omnibus
1755 1074 1811 1132 δι
1870 1067 2146 1146 sing-ulis,
2207 1069 2426 1146 vbique
2487 1071 2544 1129 &
2607 1087 2868 1144 semper:
2926 1085 3049 1146 quo
3098 1070 3342 1132 nomine
3381 1092 3514 1132 earn

592 1150 837 1210 Basilius
878 1148 1102 1227 optime
1140 1149 1419 1222 ἀλήθειαν
1459 1155 1848 1228 παναρμόνιον
1886 1148 2224 1226 appellauit.

673 1233 731 1291 6.
813 1232 907 1290 Ac
960 1229 1019 1289 in
1074 1229 1251 1289 rebus
1290 1227 1533 1305 quidem
1573 1231 1627 1288 δι
1670 1247 1943 1288 sermone
1987 1227 2321 1307 Scripturae
2362 1247 2564 1290 sacrae
2603 1239 2767 1289 tanta
2807 1240 2896 1288 est
2936 1228 3184 1307 veritas,
3220 1241 3282 1290 vt
3325 1231 3517 1310 Scrip-

595 1323 727 1372 tura
766 1329 934 1372 sacra
974 1328 1175 1370 sacrae
1216 1307 1298 1366 illi
1336 1309 1637 1384 Tbeolo(f.
1686 1325 1749 1384 17
1759 1309 2019 1387 56)giae,
2063 1309 2140 1368 de
2179 1325 2298 1386 qua
2333 1313 2471 1370 ante
2511 1307 2796 1384 diximus,
2837 1310 3211 1388 conformata
3239 1313 3295 1371 δι
3316 1311 3518 1372 diuina

596 1389 933 1469 symmetria
992 1389 1356 1467 respondens
1418 1388 1501 1467 ei,
1562 1388 1689 1448 sola
1740 1388 1852 1449 sibi
1892 1389 1950 1448 in
1995 1390 2112 1448 hoc
2153 1400 2506 1466 argumento
2548 1389 2786 1448 laudem
2827 1389 2981 1448 hanc
3021 1388 3312 1467 vindicet,
3354 1392 3523 1469 quod

593 1491 734 1532 vera
750 1517 767 1548 ,
808 1469 986 1548 iusta,
1041 1479 1273 1540 sancta,
1314 1469 1693 1547 perfectaque
1734 1469 1807 1529 sit
1847 1468 2158 1547 diuinitus,
2198 1470 2254 1528 δι
2296 1469 2502 1530 diuino
2545 1469 2752 1529 modo.

679 1569 733 1628 7.
814 1549 1142 1628 Diuinitus;
1196 1548 1335 1627 quia
1389 1565 1729 1626 expressum
1772 1559 1859 1610 est
1898 1551 2204 1627 speculum
2246 1548 2534 1622 veritatis„
2574 1549 2854 1624 iustitiae,
2897 1546 3219 1610 sanctitatis
3235 1595 3250 1626 ,
3295 1553 3350 1612 &
3392 1571 3520 1629 per-

596 1629 869 1694 fectionis
916 1629 1067 1706 Dei,
1120 1627 1597 1706 conditionisque
1638 1639 1877 1690 nostrae
1916 1629 2367 1707 (qualiscunque
2402 1629 2542 1706 suit,
2583 1640 2700 1706 est,
2741 1639 2844 1689 aut
2882 1630 3074 1689 futura
3115 1647 3204 1690 est
3243 1632 3416 1700 haec)
3457 1631 3518 1691 in

596 1712 785 1774 oculis
824 1709 1041 1850 nastris
1082 1728 1187 1788 per
1226 1707 1341 1768 Dei
1380 1707 1815 1788 prouidentiam
1859 1711 1913 1770 δι
1954 1709 2200 1788 gratiam
2243 1709 2597 1788 expositum.
2649 1729 2698 1770 1.
2743 1711 2877 1770 Gor.
2931 1728 3018 1786 13.
3070 1729 3158 1768 12.
3205 1731 3260 1770 2.
3307 1713 3438 1771 Gor.
3461 1731 3518 1787 3.

603 1797 691 1853 18.
733 1794 879 1852 laco
918 1837 932 1848 .
981 1793 1071 1850 18.
1118 1808 1211 1865 23.

675 1876 731 1933 8.
812 1869 1035 1932 Diuino
1074 1879 1273 1929 autem
1315 1869 1535 1946 modo,
1574 1867 1713 1946 quia
1752 1887 1865 1928 nec
1902 1869 1983 1930 ad
2021 1872 2315 1930 humanae
2355 1868 2676 1948 sapientiae
2716 1867 2964 1929 modum
3004 1879 3243 1929 exarata
3262 1879 3380 1941 est,
3401 1889 3518 1932 nec

595 1951 793 2015 verbis
809 1952 1152 2090 ffumana}
1176 1947 1523 2089 sapientiae:
1574 1949 1681 2010 sed
1720 1949 1897 2010 rebus
1934 1951 1992 2010 δι
2033 1948 2230 2010 verbis
2267 1951 2588 2010 humanam
2649 1947 2922 2026 quamuis
2961 1946 3311 2027 sapientiam
3350 1967 3520 2011 exsu-

706 2042 827 2092 anu
870 2049 958 2091 us.
1007 2050 1058 2090 1.
1148 2049 1239 2090 or.
1291 2051 1341 2091 1.
1482 2048 1539 2090 2.

599 2053 736 2190 pero.
816 2113 887 2172 1n
920 2109 1098 2170 rebus
1135 2108 1353 2169 etenim
1395 2127 1533 2173 vera
1572 2120 1661 2170 est
1704 2107 2009 2187 Scriptura
2047 2129 2242 2189 sacra,
2281 2109 2422 2188 quia
2461 2108 2761 2170 verissime
2801 2105 3048 2186 exponit
3081 2127 3284 2170 veram
3323 2109 3518 2171 Theo-

598 2193 849 2270 logiam:
910 2209 983 2250 ac
1040 2189 1292 2269 proinde
1352 2188 1493 2250 nihil
1555 2188 1687 2249 falsi
1744 2188 1952 2266 docet,
2010 2189 2274 2268 nihssque
2335 2209 2459 2251 non
2516 2189 2696 2250 docet
2735 2187 2889 2266 veri,
2928 2189 3096 2266 quod
3135 2189 3300 2251 Deus
3339 2189 3417 2251 de
3456 2208 3520 2250 se

598 2279 835 2350 suisque
850 2272 1055 2410 iebus
1093 2269 1346 2331 voluerit
1384 2269 1603 2347 exponi
1644 2268 1945 2330 Ecclesiae
1987 2287 2128 2330 suae
2143 2315 2160 2346 ,
2202 2270 2258 2329 δι
2304 2271 2470 2346 quod
2511 2267 2736 2330 intersit
2773 2272 2811 2329 a
2851 2268 3026 2330 nobis
3065 2269 3220 2330 sciri.
3259 2273 3391 2330 Act.
3428 2290 3520 2330 20.

606 2370 702 2429 27.
746 2372 799 2413 π.
899 2353 998 2410 im.
1039 2371 1095 2428 3.
1148 2353 1237 2410 16.

688 2454 777 2493 10.
860 2429 1093 2492 Eodem
1146 2448 1385 2509 quoque
1435 2440 1785 2509 argumento
1824 2432 1982 2490 iusta
2020 2440 2108 2491 est
2146 2427 2456 2509 diuinitus,
2498 2428 2638 2508 quia
2675 2427 2820 2489 nihil
2861 2427 3057 2490 iniusti
3093 2428 3276 2491 docet
3315 2431 3490 2509 plane
3503 2475 3522 2509 ,

598 2515 863 2591 nihilque
902 2510 1039 2573 iusti
1078 2530 1203 2572 non
1245 2511 1451 2573 docet:
1490 2511 1659 2588 quod
1699 2528 1774 2570 ex
1813 2510 1937 2569 iure
1980 2520 2070 2571 est
2111 2510 2441 2571 secundum
2481 2520 2784 2583 naturam,
2827 2507 3100 2589 gratiam,
3142 2509 3523 2588 officiumque

599 2595 995 2673 singulorum3
1038 2594 1094 2653 δι
1133 2589 1420 2670 quicquid
1460 2600 1549 2651 est
1588 2588 1761 2667 facti,
1802 2588 1946 2649 illud
1985 2608 2293 2669 exponens
2333 2589 2670 2651 iustissime.

687 2696 711 2733 1
726 2694 777 2735 1.
858 2672 1043 2749 Quod
1100 2670 1259 2732 enim
1319 2671 1476 2732 sacta
1528 2670 1769 2749 iniusta,
1822 2676 2248 2748 sermonesque
2287 2668 2484 2731 iniusti
2522 2669 2583 2729 in
2623 2670 2923 2747 Scriptura
2963 2680 3274 2730 narrantur
3287 2716 3306 2747 ,
3346 2670 3408 2731 id
3451 2672 3527 2732 de

599 2752 815 2816 iustitia
855 2752 1193 2831 Scripturae
1232 2750 1627 2829 nequicquam
1666 2750 1947 2811 detrahit:
1992 2750 2130 2828 quia
2168 2752 2223 2809 δι
2265 2749 2478 2811 iniuste
2516 2760 2828 2811 narrantur
2848 2762 2911 2811 vt
2931 2752 3086 2811 facta
3107 2760 3244 2811 sunt
3257 2796 3276 2831 ,
3297 2752 3353 2811 δι
3372 2750 3522 2811 iuste

599 2834 773 2897 nobis
814 2834 894 2893 ad
936 2834 1300 2910 exemplum,
1344 2841 1407 2891 vt
1444 2830 1701 2891 vitemus
1740 2850 1843 2907 ea,
1884 2841 2279 2909 exponuntur.

687 2934 777 2974 12.
858 2914 986 2973 Nec
1024 2913 1225 2973 obstat
1264 2912 1430 2989 quod
1467 2910 1529 2971 in
1566 2911 1847 2989 exemplis
1888 2929 2084 2970 rerum
2123 2910 2466 2971 iniustarmn
2508 2910 2812 2971 narrandis
2855 2911 3155 3001 Scriptura
3193 2930 3363 2971 sacra
3401 2930 3524 2970 non

600 2994 803 3055 definit
842 2994 1154 3070 plurimum
1174 3038 1191 3071 ,
1232 2991 1377 3070 quid
1418 2988 1771 3069 reprehendi
1810 3002 2120 3067 oporteat,
2159 2990 2306 3068 quid
2347 2990 2514 3067 ferri,
2558 2989 2704 3068 quid
2743 3008 3011 3051 excusari
3049 2988 3260 3069 possit:
3295 3010 3434 3051 nam
3455 3010 3526 3050 ea

598 3076 841 3134 demum
894 3085 984 3134 est
1037 3072 1219 3132 virtus
1264 3070 1571 3149 historiae,
1624 3080 1685 3130 vt
1706 3086 1931 3131 ‘causas
1952 3117 1969 3147 ,
2011 3070 2290 3149 consilia,
2328 3072 2515 3147 facta,
2557 3078 2888 3147 euentaque
2929 3080 3130 3130 narret
3167 3074 3348 3148 quam
3391 3068 3524 3131 sim-

600 3153 941 3232 plicissime:
982 3151 1390 3247 quaestionem
1429 3154 1573 3211 vero
1614 3150 1747 3211 iusti
1788 3152 1844 3211 ἃ
1884 3150 2086 3211 iniusti
2126 3151 2427 3228 permittat
2457 3150 2788 3229 legentibus
2809 3160 2972 3209 extra
2991 3150 3526 3228 perturbationem,

596 3252 675 3294 ne
716 3250 833 3311 qua
870 3244 1091 3312 gratiae
1130 3242 1233 3293 aut
1272 3232 1581 3293 simultatis
1620 3232 1849 3309 species
1887 3230 2081 3291 inesse
2121 3230 2384 3298 dicam..
2427 3242 2528 3293 aut
2569 3229 2920 3307 suspicionis
2963 3249 3112 3291 ansa
3151 3231 3526 3308 praebeatur.

600 3316 755 3374 Nam
808 3312 1139 3392 quaestioni
1190 3311 1325 3372 iusti
1378 3314 1435 3373 δι
1472 3312 1671 3373 iniusti
1712 3328 1851 3372 suus
1890 3320 1982 3371 est
2021 3320 2186 3371 extra
2223 3313 2642 3391 ooqummqv
2683 3309 2988 3371 historiam
3023 3312 3192 3371 locus
3229 3310 3292 3371 in
3333 3310 3523 3387 Scrip-

602 3406 733 3455 tura
772 3413 957 3454 sacra.

688 3494 777 3551 13.
862 3478 1078 3534 Sancta
1136 3488 1375 3551 quoque
1434 3472 1583 3533 haec
1642 3471 1943 3550 Scriptura
1997 3469 2210 3531 merito
2266 3467 2458 3547 reipsa
2511 3470 2750 3548 dicitur,
2795 3470 2934 3548 quia
2973 3469 3118 3531 nihil
3155 3470 3388 3548 profani
3425 3478 3528 3529 aut

602 3557 849 3633 profane
908 3554 1086 3616 docet
1099 3599 1117 3632 ,
1168 3552 1434 3630 nihssque
1488 3552 1676 3613 sancti
1728 3570 1847 3611 non
1890 3550 2072 3611 docet
2087 3596 2106 3629 ,
2145 3550 2325 3627 idque
2367 3553 2698 3629 θεοπρεπῶς
2739 3553 2794 3611 &
2835 3550 3258 3611 conuenienter
3295 3547 3524 3611 institu-

603 3635 751 3697 tioni
790 3644 1045 3695 nostrae.

688 3734 779 3789 14.
859 3714 1135 3792 Denique
1198 3712 1247 3772 si
1308 3731 1433 3772 rem
1491 3711 1681 3790 ipsam
1739 3713 1795 3771 δι
1854 3720 2266 3789 argumentum
2331 3708 2668 3787 Scripturae
2723 3717 3056 3787 spectemus
3070 3751 3089 3786 ,
3143 3706 3530 3786 scriptionum

604 3796 868 3857 omnium
910 3805 999 3854 est
1024 3794 1491 3871 perfectissima,
1534 3802 1659 3852 tum
1701 3792 1839 3870 quia
1876 3790 2022 3851 nihil
2063 3790 2123 3850 in
2163 3808 2226 3849 se
2271 3788 2420 3851 labis
2459 3790 3065 3867 imperfectionisque,
3105 3808 3181 3848 ne
3207 3786 3268 3847 in
3291 3786 3530 3848 minima

604 3876 845 3953 quidem
888 3874 975 3935 sui
1018 3884 1216 3951 parte,
1258 3874 1469 3949 habet,
1510 3882 1637 3932 tum
1677 3872 1816 3949 quia
1856 3870 2338 3949 perfectissimam
2380 3869 2712 3946 veritatem,
2757 3868 3032 3929 iustitiam
3049 3914 3066 3943 ,
3088 3870 3143 3927 δι
3164 3865 3531 3929 sanctitatem

603 3956 847 4035 exponit
890 3952 1339 4032 perfectissime,
1382 3964 1662 4029 tanquam
1704 3952 1907 4012 diuina
1945 3952 2043 4009 fax
2086 3953 2422 4027 praeferens
2463 3949 2724 4009 diuinam
2767 3952 2960 4009 lucem
3001 3947 3266 4009 salutaris
3307 3946 3458 4007 illius
3479 3950 3535 4009 δι

604 4055 777 4097 verae
820 4033 1205 4111 Theologiae.
1253 4052 1305 4091 2.
1350 4036 1517 4093 Petr.
1565 4054 1615 4093 1.
1666 4052 1756 4110 19.

696 4132 782 4193 ¹5-
867 4112 1392 4190 Quemadmodum
1433 4123 1629 4173 autem
1670 4110 2172 4189 contemplatione
2212 4128 2410 4169 rerum
2449 4127 2596 4187 quas
2637 4108 2938 4186 Scriptura
2971 4109 3176 4179 tradit..
3199 4110 3310 4169 hae
3331 4112 3535 4171 laudes

608 4195 847 4273 proprie
886 4214 959 4255 ac
1002 4193 1373 4271 singulariter
1404 4192 1525 4270 ‘ipsi
1564 4192 1927 4253 tribuuntur:
1979 4192 2064 4251 sic
2103 4188 2280 4251 etiam
2321 4190 2397 4249 de
2439 4208 2711 4250 sermone
2735 4188 3041 4262 vniuerso,
3063 4190 3118 4247 δι
3150 4188 3392 4267 singulis
3413 4189 3537 4250 eius

610 4275 871 4353 partibus
912 4275 1292 4334 affirmamus

700 4358 789 4419 16.
887 4357 1071 4415 Verus
1124 4353 1283 4415 enim
1326 4363 1415 4415 est
1465 4352 1801 4431 Scripturae
1842 4370 2072 4429 serm0,
2111 4354 2166 4413 δι
2203 4352 2241 4409 a
2281 4350 2428 4411 salso
2467 4348 2642 4427 plane
2679 4347 2936 4427 alienus,
2973 4348 3126 4410 adeo
3169 4363 3232 4409 vt
3269 4368 3347 4410 ne
3373 4368 3538 4490 ‚apex

3287 4447 3392 4508 qm
3435 4448 3530 4489 em
