3923 4875
1332 363 1668 411 ‘russas
1729 365 2380 412 Tnzonoorcnn.
3225 377 3334 432 123

691 601 853 658 VIII.
938 599 1067 656 DE
1132 598 1611 658 ESSENTIA
1674 597 1835 656 DEI
1894 599 2017 656 ET
2083 599 2680 658 ATTRIBUTIS
2740 599 3086 660 ILLIUS.

517 781 627 842 De
671 780 955 843 diuinae
1006 779 1209 842 illins
1256 778 1634 862 sapientiae
1653 825 1667 851 ‚
1716 797 1913 858 quam
1963 777 2298 841 nobiscnm
2350 778 2790 842 communicat
2831 779 3049 854 Beier,
3091 781 3350 845 instru-

404 881 682 946 vicmo,
756 869 1123 952 Scriptura
1189 869 1407 932 Sacra
1469 869 1759 943 scilicet,
1820 877 2045 931 actum
2107 877 2210 932 est
2259 869 2610 945 hactenus,
2658 871 2839 934 ratio
2885 870 3136 934 ordinis
3179 893 3355 936 nnnc

400 961 735 1046 postulat
796 971 873 1026 vt
942 961 1021 1024 de
1061 961 1342 1046 proprio
1402 960 1778 1043 sapientiae
1824 959 2024 1023 illius
2068 960 2354 1025 subiecto
2399 961 2741 1034 dicamns‚·
2787 962 2966 1044 qnod
3001 962 3188 1026 Deus
3233 973 3350 1028 est.

422 1052 619 1132 Quia
667 1057 825 1116 verb
874 1051 1061 1116 Deus
1116 1051 1611 1128 consideratur,
1660 1051 1777 1114 vel
1814 1051 2288 1128 essentialiter,
2338 1057 2471 1136 qua
2515 1053 2806 1116 essentid
2825 1074 2998 1119 vnus
3015 1100 3031 1132 ,
3071 1053 3190 1118 vel
3193 1066 3354 1138 per-

412 1143 779 1220 sonaliter,
856 1147 989 1226 qua
1044 1143 1363 1227 personis
1428 1143 1657 1206 trinus
1668 1165 1697 1216 ,·
1761 1163 1881 1207 nos
1941 1145 2202 1207 tantam
2255 1144 2336 1208 de
2384 1143 2622 1227 priori
2677 1145 2867 1210 modo
2921 1165 3196 1229 agemus
3213 1195 3230 1224 ,
3277 1145 3357 1210 de

412 1235 721 1300 essentia
769 1235 909 1298 Dei
926 1284 943 1311 ,
992 1237 1061 1300 &
1108 1234 1465 1299 attributis
1508 1233 1729 1298 illius.

1557 1477 1877 1520 THESIS
1936 1475 2228 1520 PRIMA.

507 1643 602 1700 De
642 1642 778 1699 Deo
819 1637 1033 1698 dicturi
1049 1685 1067 1716 ,
1108 1637 1435 1716 primordia
1474 1637 1714 1698 dicendi
1758 1637 2060 1716 capiemus
2099 1643 2136 1698 a
2176 1639 2412 1718 vulgata
2452 1638 2552 1698 illa
2590 1637 2895 1698 cuiusdam
2929 1641 3143 1702 veteris
3164 1643 3350 1704 Patris

428 1719 721 1782 sententia
735 1765 753 1796 ,
795 1722 864 1779 de
901 1721 1036 1778 Deo
1076 1722 1247 1780 etiam
1286 1738 1486 1780 verum
1527 1721 1717 1778 dicere
1749 1721 2134 1795 periculosum
2175 1729 2286 1798 est,
2326 1728 2392 1779 vt
2433 1717 2656 1794 conscij
2695 1735 2833 1778 cum
2869 1719 3078 1780 animis
3099 1723 3312 1784 nostris
3327 1769 3345 1802 ,

426 1804 625 1860 Deum
642 1845 659 1872 ,
700 1801 783 1860 ob
822 1798 1377 1876 incomprehensam
1422 1799 1848 1876 perfectionem
1868 1815 2036 1858 suam
2051 1843 2070 1877 ,
2110 1800 2321 1860 mentis
2341 1809 2582 1860 nostrae
2600 1798 3024 1879 infirmitatem,
3054 1803 3342 1863 sermonis

430 1881 873 1959 indignitatem,
914 1889 1091 1957 prout
1128 1878 1189 1938 in
1230 1897 1295 1938 se
1340 1888 1456 1957 est,
1494 1883 1532 1938 a
1572 1877 1747 1940 nobis
1787 1890 1986 1940 mente
2023 1879 2289 1960 concipi,
2327 1879 2490 1956 quod
2512 1879 2590 1939 de
2609 1878 2740 1957 ipso
2759 1889 2956 1942 mente
2975 1881 3345 1960 concipimus

430 1961 591 2021 dicto
646 1958 893 2038 exprimi
946 1977 1069 2019 non
1122 1977 1328 2036 posse:
1378 1957 1439 2017 in
1486 1969 1716 2018 tantum
1755 1959 2004 2019 velimus
2045 1960 2122 2019 de
2163 1960 2414 2020 essentia
2453 1957 2577 2020 eius
2618 1979 2984 2039 cognoscere
3023 1963 3080 2022 δε
3118 1961 3344 2042 dicere,

431 2050 716 2118 quantum
770 2058 881 2116 pro
920 2039 1169 2100 modulo
1212 2047 1418 2099 nostro
1456 2037 1745 2116 cognosci
1782 2059 1821 2098 a
1851 2039 2028 2099 nobis
2060 2041 2114 2098 δι
2152 2038 2445 2100 enuntiari
2474 2040 2692 2099 voluit:
2727 2043 2783 2101 δι
2811 2059 2886 2101 eo
2916 2041 3104 2103 modo
3119 2088 3137 2122 ,
3167 2059 3347 2120 quem

428 2120 605 2182 nobis
644 2118 1053 2197 praescripsit,
1095 2119 1197 2195 qui
1237 2119 1456 2196 duplex
1493 2130 1600 2178 est.

514 2223 563 2260 2.
645 2203 786 2260 Duo
838 2207 974 2260 sunt
1028 2199 1187 2259 enim
1240 2199 1740 2258 documentorum
1790 2217 2042 2277 genera,
2093 2197 2308 2276 quibus
2356 2199 2434 2258 ad
2489 2198 2578 2258 sui
2625 2199 3030 2277 cognitionem
3080 2222 3192 2264 nos
3245 2204 3346 2265 ad-

430 2281 623 2358 ducit,
686 2298 795 2358 pro
836 2297 1086 2339 numero
1126 2277 1343 2338 scilicet
1386 2289 1758 2357 respectuum
1775 2323 1793 2354 ,
1834 2296 1988 2355 quos
2026 2279 2249 2338 habent
2285 2277 2358 2357 ij,
2400 2278 2614 2355 quibus
2655 2299 2718 2340 se
2756 2279 3087 2341 salutariter
3123 2303 3344 2360 cogno-

426 2364 493 2439 (s.
540 2360 1021 2439 1609.)scendum
1076 2360 1358 2436 praebere
1419 2358 1699 2419 decreuit.
1758 2359 1846 2418 Hi
1904 2369 2105 2418 autem
2166 2359 2290 2418 duo
2351 2368 2513 2435 sunt,
2571 2361 2828 2418 homines
2868 2362 2946 2419 ἐν
2991 2363 3347 2422 Christiani:

430 2442 547 2519 qua
597 2444 851 2501 homines
904 2440 1095 2519 enim3
1146 2443 1311 2499 Deus
1357 2442 1615 2501 Naturae
1655 2439 2030 2500 documentis
2069 2458 2180 2499 nos
2220 2437 2500 2499 informat
2536 2440 2597 2499 in
2638 2440 2924 2501 essentiae
2965 2458 3104 2501 suae
3143 2444 3345 2521 cogni-

429 2524 618 2598 tione,
671 2524 844 2581 Rom.
902 2540 951 2580 1.
999 2540 1091 2579 20.
1136 2523 1254 2597 que
1292 2520 1608 2580 Christiani
1646 2524 1819 2600 vero,
1860 2520 2226 2599 Scripturae,
2270 2520 2426 2579 vnde
2466 2519 2733 2579 videmus
2770 2529 2898 2579 tum
2935 2521 3180 2598 gratiam
3221 2542 3344 2583 non

426 2604 632 2662 tollere
682 2610 952 2661 naturam
970 2646 987 2675 ,
1042 2601 1147 2660 sed
1202 2610 1411 2660 contra
1458 2610 1727 2661 naturam
1776 2603 2061 2679 perficere
2075 2645 2093 2671 ,
2135 2602 2191 2659 δι
2232 2610 2502 2659 naturam
2541 2617 2718 2676 supra
2755 2608 3024 2659 naturam
3061 2602 3311 2663 euehere
3326 2648 3342 2681 ,

428 2695 553 2743 tum
613 2692 883 2741 naturam
945 2680 1279 2757 Scripturae
1328 2680 1771 2741 subordinatam
1826 2699 1985 2741 esse:
2027 2682 2082 2738 &
2122 2699 2232 2757 per
2271 2695 2640 2756 consequens
2682 2680 2933 2757 pessime
2974 2682 3168 2742 facere
3206 2702 3310 2742 eos
3327 2728 3343 2760 ,

429 2760 532 2840 qui
584 2760 821 2839 namra,
871 2762 1157 2821 aduersus
1196 2762 1507 2821 authorem
1547 2771 1790 2821 naturae
1806 2806 1823 2839 ,
1866 2764 1921 2820 δι
1963 2759 2242 2819 aduersus
2282 2758 2642 2836 Scripturarn
2684 2759 2803 2837 qua
2842 2760 3166 2837 perficitur,
3203 2764 3344 2823 abu-

430 2852 650 2903 tuntur.
710 2862 784 2902 ex
846 2851 1054 2901 natura
1114 2843 1286 2919 igitur
1346 2846 1401 2901 &
1450 2842 1774 2919 Scriptura,
1812 2843 2024 2921 ⁸Deum
2077 2858 2238 2917 esse,
2293 2844 2346 2899 δι
2388 2838 2700 2899 essentiam
2744 2858 2906 2919 esse,
2949 2844 3004 2901 81
3044 2840 3231 2917 qualis
3272 2842 3346 2902 sit

427 2922 683 2983 essentia
721 2921 837 2982 Dei
875 2922 1228 2982 videbimus

510 3024 568 3081 3.
650 3006 795 3063 Esse
846 3004 1075 3081 Deum,
1114 3004 1369 3063 lVatnra
1408 3002 1669 3061 declarat
1708 3002 1975 3078 abunde,
2015 3010 2140 3061 tum
2185 3009 2473 3076 quatenus
2511 3009 2806 3077 spectatur
2845 3002 2908 3061 in
2949 3002 3269 3063 communi.
3311 3003 3350 3063 i.

430 3086 550 3161 qua
592 3103 685 3144 res
725 3100 963 3160 omneS,
1019 3102 1171 3159 quae
1212 3090 1351 3143 sunt
1390 3092 1506 3141 tam
1550 3082 1609 3142 in
1650 3084 1823 3143 coelo
1867 3086 2047 3159 quam
2087 3081 2148 3140 in
2186 3090 2340 3139 terra
2383 3080 2823 3158 complectitur,
2865 3091 2990 3140 tum
3031 3085 3148 3160 qua
3187 3102 3350 3160 spec-

430 3176 587 3224 tatur
624 3164 684 3222 in
724 3161 1031 3241 singulari,
1072 3166 1128 3223 δι
1168 3161 1383 3221 dicitur
1424 3172 1674 3235 natura,
1714 3180 1853 3223 cum
1891 3161 2224 3223 adiectione
2263 3162 2541 3221 humana.

512 3264 569 3316 4.
650 3244 721 3302 In
781 3253 991 3301 natura
1044 3243 1139 3301 illa
1192 3242 1526 3320 communi,
1566 3242 2022 3302 luculentissime
2063 3251 2348 3302 testantur
2385 3258 2580 3301 rerum
2623 3258 2836 3301 causae
2875 3244 2930 3301 δε
2970 3250 3198 3321 motuS,
3239 3243 3341 3319 qui

429 3342 551 3383 non
594 3332 841 3400 possunt
878 3342 1007 3382 esse
1046 3323 1105 3382 in
1146 3321 1467 3401 infinitum,
1511 3323 1616 3383 sed
1657 3323 1959 3399 requirunt
1999 3320 2328 3383 necessario
2369 3340 2608 3381 causam
2649 3340 2826 3381 vnam
2868 3321 3116 3400 primam
3132 3369 3148 3401 ,
3190 3339 3341 3399 quae

434 3403 506 3463 sit
558 3422 735 3463 causa
784 3403 1049 3462 omnium
1088 3419 1239 3480 quae
1278 3412 1447 3478 sunt,
1488 3406 1541 3462 δι
1575 3407 1613 3461 a
1651 3404 1816 3462 nullo
1857 3402 1963 3481 sit,
2003 3406 2058 3463 &
2097 3402 2350 3479 primum
2392 3417 2641 3461 mouens
2682 3418 2896 3481 vnum,
2938 3402 3100 3479 quod
3141 3402 3340 3462 omnia

432 3502 571 3543 mou
687 3529 704 3562 ,
745 3500 899 3559 quae
942 3492 1285 3558 mouentur,
1328 3486 1381 3542 δι
1426 3486 1465 3540 a
1504 3485 1669 3542 nullo
1710 3492 2052 3561 moueatur,
2093 3482 2255 3559 quod
2293 3485 2490 3542 Deum
2531 3483 2914 3560 appellamus,

512 3580 565 3640 5.
676 3584 713 3623 n
754 3573 965 3622 natura
1002 3572 1203 3621 nostra
1240 3562 1526 3641 humana,
1566 3579 1913 3623 communes
1950 3562 2224 3623 notiones
2267 3566 2322 3622 &
2343 3562 2655 3641 principia,
2675 3579 2828 3640 quae
2849 3561 3124 3622 omnibus
3141 3563 3330 3621 homi-

432 3642 637 3721 nibuS,
696 3644 875 3703 etiam
925 3641 1223 3719 barbariS,
1276 3642 1476 3702 innata
1528 3653 1691 3703 sunt:
1749 3660 1903 3719 quae
1953 3661 2158 3703 eorum
2175 3688 2192 3719 ,
2234 3642 2334 3718 qui
2375 3643 2526 3702 inter
2563 3645 2852 3702 humanas
2888 3642 3044 3702 athei
3081 3640 3332 3702 maxime

430 3722 615 3784 videri
666 3724 901 3799 volunt,
950 3724 1168 3782 vellere
1208 3740 1411 3783 aurem
1456 3741 1578 3783 non
1618 3721 1919 3783 desinunt:
1963 3740 2114 3799 quae
2155 3722 2291 3799 ipsis
2331 3723 2664 3783 volentibus
2703 3742 2776 3783 ex
2815 3732 3014 3781 mente
3053 3724 3110 3781 δι
3149 3722 3336 3782 corde

432 3803 692 3879 ipsorum
732 3800 901 3863 euelli
941 3822 1065 3861 non
1106 3812 1383 3879 possunt:
1425 3802 1733 3900 perspicue
1773 3802 2183 3863 demonstrant
2221 3804 2418 3861 Deum
2459 3822 2613 3880 esse,
2655 3804 2757 3880 qui
2789 3804 2936 3861 tales
2967 3801 3026 3859 in
3061 3800 3202 3878 ipsis
3221 3803 3334 3863 ciet

431 3894 654 3956 motus,
696 3883 910 3961 quibus
949 3883 1273 3943 redduntur
1314 3884 1768 3963 dranolqutm,
1808 3885 1863 3941 &
1904 3902 2113 3944 omnes
2149 3882 2420 3942 homines
2461 3882 2752 3943 docentur
2788 3883 2988 3941 Deum
3028 3900 3174 3942 esse.

509 3966 565 4023 6.
646 3966 975 4039 Quaerere,
1018 3982 1095 4023 an
1136 3982 1263 4023 esse
1299 3964 1500 4021 Deum
1542 3964 1840 4039 Scriptura
1876 3972 2144 4041 testetur,
2179 3964 2440 4039 ineptum
2471 3962 2790 4039 &impium
2811 3972 2930 4039 est,
2951 3963 3086 4021 cum
3105 3963 3337 4039 pagella

428 4062 736 4105 sacrorum
776 4044 1101 4103 Bibliorum
1142 4044 1333 4121 nulla,
1372 4042 1841 4120 locupletissimis
1884 4062 2060 4121 super
2097 4044 2212 4101 hac
2239 4060 2302 4101 re
2321 4042 2668 4103 testimoniis
2685 4052 2885 4120 vacet,
2907 4040 3121 4119 quibus
3141 4042 3336 4102 Chris-

426 4122 570 4184 tiani
610 4122 918 4202 homines,
962 4124 1039 4183 de
1080 4123 1327 4183 veritate
1368 4122 1479 4183 Dei
1516 4125 1691 4200 plene
1730 4124 1994 4201 persuasi
2034 4142 2160 4183 esse
2199 4120 2446 4198 possint.

512 4222 565 4279 7.
648 4202 929 4281 Cognitio
972 4222 1045 4263 ex
1084 4214 1327 4264 naturae
1367 4203 1773 4282 documentiS,
1815 4204 1980 4281 quod
2019 4205 2184 4263 Deus
2223 4200 2295 4261 sit
2309 4246 2326 4280 ,
2368 4220 2442 4260 ex
2483 4200 2692 4261 iisdem
2731 4210 2894 4279 patet
2929 4203 3125 4262 Deum
3145 4220 3337 4262 essen-

378 4330 387 4337 ,
428 4284 573 4344 tiam
613 4302 769 4361 esse,
808 4282 947 4361 quia
984 4282 1262 4345 omnibus
1300 4282 1828 4362 consentientibuS,
1869 4282 2120 4344 essentia
2155 4280 2319 4359 prior
2357 4284 2412 4341 &
2449 4282 2735 4359 nobilior,
2777 4292 2865 4341 est
2901 4282 3240 4360 accidente,
3276 4285 3332 4342 δι

426 4366 592 4424 Deus
632 4364 823 4442 prima
862 4379 1069 4425 caussa
1108 4362 1493 4426 essentiarum
1508 4408 1527 4444 ,
1569 4368 1624 4427 δι
1662 4362 1917 4443 primum
1959 4382 2208 4424 mouens
2248 4359 2514 4423 omnium
2555 4372 2694 4451 estu
2710 4382 2784 4423 ex
2824 4364 2970 4425 thes.
3012 4382 3068 4437 4.
3085 4444 3120 4503 8
3204 4441 3265 4519 Q
3309 4438 3321 4450 ο

3129 4484 3139 4499 .
3269 4458 3325 4501 ιιι
