3923 4875
46 961 71 1301 οΠΠΠΠ

47 1825 49 1830 “
46 1775 59 1814 V'-
46 1691 61 1734 V·
46 1609 63 1654 „
46 1529 63 1570 ῃ
47 1447 65 1490 Π
46 1369 65 1408 ‘⁷'-

1338 336 1667 380 Tflnsts
1725 335 2384 380 Tunonoolcan.
3197 341 3312 402 275

388 500 533 572 alia:‚
574 503 699 560 cum
743 503 875 559 olim
920 505 1091 576 (teste
1129 501 1421 577 Ruperto)
1459 499 1688 558 minim&
1726 505 1889 558 tanto
1928 507 2234 579 apparatu
2255 501 2564 560 exterioris
2584 503 2806 561 decoris
2827 505 3084 562 solennia
3103 506 3322 563 Missae

390 581 833 642 celebrabantur
872 587 1043 656 atque
1082 599 1262 658 nunc,
1306 579 1408 639 lib.
1454 599 1506 639 2.
1548 598 1685 671 cap,
1724 597 1756 637 2
1769 597 1821 639 1.

472 682 529 734 4.
609 659 791 720 Cuius
855 671 1097 720 ornatus
1152 679 1227 720 ac
1277 677 1533 738 pompae
1592 658 1855 737 priorem
1920 677 2160 720 causam
2212 661 2514 737 Rupertus
2553 659 2778 720 ibidem
2819 661 2993 739 citat,
3035 664 3317 742 decuassc,

392 741 661 818 inquiens
674 785 691 816 ,
734 743 1010 820 maxime,
1050 750 1120 802 vt
1138 742 1297 818 fides
1336 759 1487 818 quae
1531 741 1755 800 Christi
1791 747 1870 805 ὁ·
1888 741 2309 819 Apostolorum
2341 748 2594 819 tempore
2625 743 2793 800 rudis
2819 743 3008 801 adhuc
3029 745 3151 801 &⁰
3123 763 3314 803 meon-

393 824 517 881 dita
556 829 713 898 erat,
754 823 852 882 vbi
885 823 1103 882 ornari
1123 821 1347 901 potuit,
1388 821 1634 880 maxime
1670 823 1734 879 in
1760 823 1873 882 hac
1887 828 2113 912 parte,
2155 828 2432 897 tanquam
2471 822 2534 880 in
2576 839 2645 880 ca
2605 823 2762 960 αέἐίι
2780 841 2886 881 suo
2907 823 3318 884 deauraretur.

396 901 616 961 Mirum
674 905 831 961 certe
880 901 1037 962 vnde
1078 910 1429 962 ornamenta
1466 920 1538 960 ea
1576 899 1972 978 protraxerint
2011 899 2324 977 pontifices
2338 943 2355 978 ,
2395 917 2548 977 quae
2581 900 2632 960 C
2676 901 2849 962 ristus
2887 901 3014 979 ipse
3056 905 3318 964 reuelare

394 980 619 1058 noluit,
674 979 955 1058 Apostoli
1003 983 1269 1059 proferre
1315 999 1439 1040 non
1478 990 1814 1059 potuerunt.
1854 982 2121 1041 Alteram
2175 981 2347 1040 huius
2398 979 2484 1040 rei
2525 999 2763 1041 causam
2803 983 3070 1042 Thomas
3111 985 3316 1062 refert,

394 1064 535 1138 quia
590 1065 653 1121 in
710 1062 818 1122 hoc
861 1059 1239 1122 sacramento
1280 1069 1459 1121 totum
1500 1063 1830 1130 mysterium
1872 1070 2112 1121 nostrae
2149 1063 2356 1120 salutis
2397 1063 2919 1141 comprehenditur,
2961 1081 3026 1120 ea·
3065 1083 3128 1122 eo
3154 1075 3316 1143 prae

394 1144 635 1201 caeteris
672 1142 1067 1202 Sacramentis
1108 1161 1234 1201 cum
1274 1143 1499 1201 maiore
1540 1143 1879 1203 solennitate
1916 1144 1979 1200 in
2017 1142 2282 1200 Ecclesia
2302 1144 2530 1221 peragi
2545 1143 2749 1201 debere
2767 1151 3053 1203 statums:
3078 1145 3234 1203 Part.
3255 1164 3310 1220 3.

394 1233 619 1299 quaest.
660 1225 757 1299 38.
798 1231 905 1282 art.
948 1242 1003 1295 4.
1050 1220 1237 1297 Quasi
1272 1226 1417 1284 vero
1458 1221 1823 1282 Sacramenti
1862 1220 2036 1280 huius
2075 1219 2420 1298 dignitatem
2442 1220 2746 1282 Christus
2731 1223 3122 1314 ignorauerit,
3149 1225 3315 1300 quod

396 1313 597 1362 tamen
636 1303 795 1362 nude
834 1303 1059 1378 absque
1100 1301 1191 1361 his
1230 1299 1593 1363 ornamentis
1630 1299 1894 1362 instituit.
1934 1300 2232 1376 Equidem
2269 1299 2622 1360 modestiam
2664 1304 2719 1362 &
2762 1301 3041 1380 pietatem
3067 1302 3316 1379 discipu-

396 1384 591 1442 lorum
632 1381 849 1442 Christi
890 1400 1013 1441 non
1052 1381 1227 1443 decet
1240 1425 1257 1458 ,
1318 1383 1413 1442 vel
1451 1380 1927 1459 splendidissima
1979 1379 2290 1441 1ιοιιιιιιιιιιι
2342 1380 2584 1442 inuenta
2621 1385 2914 1459 praeferre
2955 1381 3314 1460 simplicitati

398 1461 617 1522 Christi
636 1465 690 1522 &
711 1463 1161 1540 Apostolorum.
1180 1461 1415 1522 Deinde
1436 1461 1615 1522 vero
1598 1479 1659 1521 m
1683 1459 2036 1522 ceremoniis
2054 1459 2328 1521 humanis
2345 1462 2823 1539 obseruandum,
2863 1481 2939 1522 ne
2955 1461 3318 1524 Iudaismum

398 1545 685 1618 referant,
726 1543 805 1602 ad
844 1541 1083 1619 copiam
1122 1540 1345 1603 scilicet
1384 1543 1441 1602 δι
1480 1540 1925 1602 similitudinem
1984 1559 2222 1614 eorum,
2268 1559 2422 1617 quae
2465 1541 2674 1603 veteris
2715 1543 3078 1604 Testamenti
3119 1553 3319 1622 erant,

402 1641 543 1683 com
628 1587 795 1684 sitae.

482 1719 537 1780 5.
544 1641 979 1779 poQuanquam
1018 1703 1137 1762 hoc
1178 1701 1261 1761 ita
1300 1711 1417 1778 est,
1476 1698 1857 1762 nihilominus
1894 1701 2144 1762 Missam
2185 1717 2354 1762 suam
2395 1699 2758 1762 Sacrificium
2796 1707 2936 1764 vere
2975 1702 3316 1794 propitiato-

402 1782 552 1842 rium
591 1781 881 1842 definiunt
894 1827 911 1858 ,
954 1800 1075 1859 quo
1118 1782 1383 1842 Christus
1422 1785 1461 1841 a
1501 1782 1855 1862 Sacerdote,
1894 1784 2030 1843 Deo
2043 1827 2061 1859 ,
2100 1799 2211 1859 pro
2243 1780 2518 1842 vinorum
2560 1783 2616 1840 δι
2655 1792 3025 1844 mortuorum
3057 1783 3318 1860 peccatis

399 1862 761 1922 immolatur.
806 1865 1017 1922 Concil.
1066 1864 1225 1922 Trici.
1265 1882 1404 1923 sess.
1446 1881 1539 1921 22.
1582 1872 1711 1941 cap.
1754 1880 1807 1922 2.
1836 1827 2130 1923 ’Bellarm
2171 1861 2270 1921 lib.
2307 1881 2362 1922 1.
2383 1872 2508 1940 cap.
2557 1877 2611 1938 5.
2633 1865 2702 1922 de
2719 1865 2886 1924 Miss.
2926 1865 3054 1924 Nos
3074 1867 3317 1940 contra,

400 1961 533 2002 eam
572 1943 788 2003 Sacrae
828 1944 1071 2003 Coenae
1107 1941 1443 2003 dominicae
1482 1943 1733 2002 abusum
1772 1941 2154 2004 Diabolicum
2167 1987 2185 2018 ,
2225 1960 2299 2001 ac
2344 1942 2767 2032 ςίδωλομανιαν
2806 1943 3073 2005 dicimus.
3117 1945 3314 2019 Quam

404 2021 485 2082 illi
524 2025 670 2083 falso
688 2067 705 2098 ,
746 2026 927 2100 quam
966 2025 1105 2083 vere
1142 2041 1257 2084 nos
1270 2068 1289 2102 ,
1348 2021 1655 2084 videamus
1696 2022 1925 2084 ordine.
1986 2025 2226 2100 Primo,
2283 2019 2468 2082 Missa
2505 2031 2812 2084 aeternum
2852 2024 3072 2086 Christi
3111 2026 3314 2084 Sacer

401 2102 631 2162 dotium
691 2103 930 2164 euertit:
992 2121 1189 2180 neque
1248 2101 1407 2164 enim
1466 2119 1906 2183 successorem,
1967 2104 2108 2163 cum
2165 2101 2240 2162 sit
2283 2101 2634 2162 immortalis
2694 2103 2964 2165 Christus
3019 2103 3314 2164 admittit:

402 2182 890 2260 quandoquidem
950 2182 1079 2261 ipse
1115 2186 1154 2242 a
1193 2185 1364 2244 Patre
1422 2199 1533 2244 suo
1592 2184 1779 2243 sactus
1833 2203 1905 2243 ac
1944 2180 2398 2261 cognominatus
2435 2191 2527 2242 est
2565 2182 2894 2244 Pontifex‘
2877 2205 2938 2244 ιιι
2977 2195 3282 2245 aeternum
3299 2229 3316 2260 ,

401 2263 728 2323 secundum
768 2263 1071 2342 ordinem,
1132 2264 1251 2324 hoc
1310 2275 1431 2343 est,
1490 2262 1570 2322 ad
1609 2261 2052 2326 similitudinem
2093 2263 2528 2338 Melchisedec,
2570 2261 2804 2342 vnicus,
2845 2264 3010 2324 cuius
3051 2265 3315 2342 typicum

403 2342 811 2404 Sacerdotium
872 2309 1161 2420 impleuit.
1198 2344 1396 2403 Hebr.
1439 2359 1493 2422 5.
1538 2360 1595 2422 5.
1645 2363 1693 2401 1.
1740 2351 1817 2409 ὁ·
1862 2361 1915 2422 7.
1960 2362 2016 2420 7.
2053 2345 2343 2404 Asserunt
2395 2341 2710 2419 aduersarij
2759 2363 2976 2421 panem
3015 2347 3072 2404 δι
3112 2343 3314 2405 vinum

401 2423 679 2484 Abrahae
718 2428 755 2485 a
794 2424 1237 2485 Melchisedeco
1293 2423 1559 2517 oblatum
1574 2470 1591 2501 ,
1652 2435 1859 2504 typum
1918 2425 2097 2486 fuisse
2154 2425 2384 2485 futurae
2437 2421 2670 2487 Missae.
2724 2425 2910 2515 Resp.
2953 2425 3311 2487 Munuscula

402 2503 501 2564 illa
538 2503 916 2565 humanitatis
946 2502 1365 2565 Melchisedeci
1404 2504 1465 2565 in
1506 2506 1913 2568 Abrahmnum
1953 2524 2028 2566 ex
2065 2502 2160 2565 via
2194 2504 2524 2581 defessum,
2558 2502 2777 2564 indicia
2807 2505 3052 2566 recitare
3072 2507 3312 2580 Mosen3

404 2584 565 2643 nulla
622 2584 889 2661 sacrificij
958 2587 1117 2645 facta
1175 2583 1494 2645 mentione.
1536 2588 1768 2665 Vrgent
1804 2586 1935 2665 hic,
1995 2585 2162 2663 quod
2209 2584 2270 2645 in
2321 2592 2484 2644 textu
2526 2583 2750 2643 dicatur
2805 2585 2982 2645 fuisse
3023 2584 3314 2645 Sacerdos

404 2662 687 2755 altissimi.
726 2668 909 2744 Resp.
950 2667 1029 2726 D.
1069 2664 1315 2725 Paulum
1356 2662 1505 2726 illud
1546 2666 1627 2726 ad
1667 2664 2147 2728 benedictionem
2179 2666 2398 2725 referre
2411 2710 2428 2741 ,
2471 2680 2650 2741 quam
2669 2666 2708 2723 ὲ.
2728 2665 3072 2743 Sacerdote,
3093 2664 3314 2742 quippe

406 2743 631 2804 maiore
672 2764 769 2824 se,
808 2745 1041 2824 accepit
1079 2744 1415 2837 Abraham,
1454 2746 1651 2807 Hebr.
1696 2763 1750 2823 7.
1791 2748 1847 2807 6.
1899 2765 1951 2822 7.

485 2825 540 2882 6.
626 2827 755 2884 Nec
815 2826 1132 2902 quicquam
1194 2823 1263 2885 ιι3
1303 2827 1543 2885 Patrum
1602 2827 1923 2887 authoritas
1965 2824 2384 2903 patrocinatur.
2441 2824 2588 2883 Esto
2601 2868 2620 2901 ,
2661 2824 2928 2885 Coenam
2971 2824 3318 2885 sacrificium

406 2916 642 2965 vocent.
682 2907 765 2964 At
806 2902 1013 2983 quale?
1052 2904 1212 2967 vnici
1248 2904 1401 2965 illius
1440 2904 1659 2967 Christi
1711 2906 1976 2983 sacrificij
2017 2906 2081 2965 in
2139 2922 2316 2965 cruce
2357 2903 2580 2983 peracti
2627 2906 2972 2965 memoriam
2987 2951 3006 2983 ,
3065 2908 3319 2979 August.

402 2986 501 3044 lib.
540 3006 635 3045 2ο.
674 2994 883 3045 contra
922 2990 981 3045 F
976 2994 1127 3045 aust
1169 2996 1300 3076 cap.
1345 2988 1403 3045 8.
1442 2984 1761 3063 gratiarum
1822 2986 2122 3047 actionem
2181 2994 2358 3062 atque
2409 2985 3069 3062 commemorationem,
3107 2986 3208 3045 lib.
3252 2987 3321 3044 de

392 3068 457 3143 s
430 3066 523 3123 de
561 3066 699 3129 adu.
740 3067 904 3125 Petr.
948 3068 1207 3127 Diacon.
1244 3063 1564 3143 imaginem
1602 3086 1673 3127 ac
1712 3066 2146 3141 testimonium,
2186 3068 2278 3125 lib.
2319 3074 2528 3125 contra
2567 3067 2804 3125 aduers.
2845 3067 3006 3158 legis·
3013 3068 3088 3125 ἂν*
3095 3066 3320 3145 proph

404 3163 585 3205 omne
625 3145 855 3205 bonum
898 3164 1049 3224 opus
1087 3148 1223 3206 Deo
1256 3144 1567 3236 placitum,
1608 3150 1679 3207 de
1718 3150 1872 3208 cluit.
1914 3147 2058 3225 Dei,
2088 3146 2188 3206 lib.
2236 3164 2328 3206 10.
2369 3155 2498 3237 cap.
2539 3146 2596 3204 6.
2637 3143 2819 3205 serias
2859 3148 2916 3206 δι
2948 3145 3074 3224 pias
3097 3164 3324 3223 preces,

413 3226 815 3285 Tertullianus
854 3228 942 3287 ad
974 3226 1214 3318 Scapul.
1254 3224 1419 3285 Hinc
1451 3226 1657 3287 Coena
1706 3230 1953 3287 Irenaeo
1975 3224 2328 3288 eucharistia
2367 3224 2562 3305 dicta,
2600 3226 2698 3285 lib.
2739 3244 2796 3298 4.
2837 3236 2965 3305 cap.
3011 3245 3108 3302 32.
3129 3227 3208 3285 ἃ
3225 3245 3323 3302 34.

405 3306 497 3365 Ita
533 3304 987 3366 eucharisticum
1028 3304 1383 3367 sacrificium
1424 3307 1578 3367 bene
1618 3305 1853 3384 dicitur,
1892 3316 1957 3367 vt
1997 3306 2328 3367 orationem
2363 3322 2534 3365 suam
2567 3304 2876 3366 incensum
2909 3318 3087 3367 vocat
3106 3305 3324 3381 Dauid,

406 3387 630 3447 Psalm.
678 3404 805 3459 141.
853 3407 907 3447 2.
968 3383 1287 3463 gratiarum
1346 3386 1611 3449 actiones
1669 3353 1956 3448 sacrificia
2009 3384 2228 3466 laudis,
2281 3388 2505 3446 Psalm.
2550 3401 2582 3463 5
2595 3406 2646 3447 ι.
2692 3387 3068 3448 2'1.easdem
3107 3386 3326 3446 vitulos

404 3463 701 3525 labiorum
740 3466 959 3557 Oseas,
998 3476 1125 3544 cap.
1172 3486 1262 3539 14.
1304 3484 1457 3559 vers,
1504 3488 1557 3528 2.
1596 3486 1669 3527 ea
1708 3466 1937 3529 ratione
1999 3432 2228 3528 fideles
2263 3485 2473 3559 omnes
2515 3476 2753 3543 oportet
2792 3486 2922 3529 esse
2959 3467 3326 3544 sacerdotes,

406 3547 651 3624 Apocal.
698 3564 751 3605 1.
792 3548 847 3605 6.
890 3510 975 3606 sic
1014 3548 1176 3608 bona
1214 3564 1397 3623 opera
1435 3545 1497 3607 in
1535 3564 1701 3609 nouo
1742 3550 2128 3609 Testamento
2187 3545 2408 3625 passim
2469 3546 2754 3607 sacrificia
2807 3548 3109 3625 dicuntur,
3149 3548 3324 3607 Rom.

413 3640 505 3702 15.
550 3626 643 3686 16.
684 3627 903 3706 Philip.
947 3645 1001 3686 2.
1052 3643 1141 3701 17.
1201 3628 1447 3706 Apocal.
1493 3643 1547 3705 5.
1590 3632 1647 3689 8.
1688 3628 1883 3688 Hebr.
1935 3644 1992 3707 5.
2041 3644 2134 3707 15.
2172 3630 2348 3688 Rom.
2395 3646 2484 3687 12.
2534 3646 2585 3687 1.
2625 3627 2713 3687 sic
2751 3626 2865 3705 ipsi
2905 3627 3108 3687 fideles
3153 3626 3330 3687 sacri-

404 3704 607 3764 ficium
666 3715 937 3765 sanctum
984 3716 1290 3783 vocantur,
1352 3707 1433 3767 ad
1492 3708 1865 3768 offerendum
1924 3710 2061 3769 Deo
2123 3706 2452 3800 spirituales
2493 3706 2751 3786 hostias,
2820 3728 2872 3768 1.
2931 3708 3097 3767 Petr.
3159 3726 3214 3767 2.
3275 3726 3326 3766 ι.

406 3783 771 3846 Huiusmodi
814 3787 872 3847 S.
916 3786 1125 3847 Coena
1166 3797 1287 3865 est,
1327 3805 1452 3847 non
1494 3790 1770 3867 ἱλαςική,
1810 3806 1965 3867 quae
2004 3787 2148 3850 noui
2164 3786 2528 3849 Testamenti
2551 3788 2726 3849 vnica
2763 3790 2992 3849 tantum
3033 3796 3153 3865 est,
3193 3789 3328 3849 Iesu

404 3864 656 3944 Christi,
694 3866 755 3925 in
796 3884 977 3926 cruce
1014 3868 1197 3927 semel
1240 3876 1499 3944 peracta.
1538 3868 1737 3929 Hebr.
1779 3871 1837 3930 6.
1884 3890 1979 3944 24.

488 3961 543 4021 7.
624 3945 912 4037 Secundo,
956 3956 1018 4005 vt
1058 3945 1503 4037 Sacerdotium,
1544 3947 1627 4007 ita
1664 3966 1908 4009 crucem
1948 3954 2004 4011 &
2043 3946 2378 4026 passionem
2418 3946 2636 4008 Christi
2681 3947 2890 4009 euertit
2931 3946 3143 4024 Missa,
3185 3948 3328 4007 dum

404 4026 589 4084 altare
627 4023 824 4104 erigit,
872 4025 933 4085 in
974 4026 1221 4087 Canone
1259 3993 1503 4088 maiore
1524 4028 1581 4087 &
1626 4029 1873 4091 minore.
1916 4030 2098 4106 Quod
2141 4027 2190 4089 si
2239 4044 2506 4089 summus
2547 4028 2646 4089 hic
2693 4028 2966 4089 Pontifex
3001 4028 3188 4087 semel
3225 4046 3331 4105 per

404 4068 877 4166 immolationem
919 4106 1007 4166 sui
1046 4106 1227 4199 ipsius
1264 4108 1593 4183 patefactus
1635 4121 1753 4265 est9,
1794 4111 1988 4171 Hehr.
2033 4130 2091 4186 9.
2135 4111 2230 4169 26.
2275 4108 2335 4169 Si
2374 4107 2550 4169 vnica
2597 4108 2724 4169 eius
2763 4108 3066 4171 oblatione
3107 4108 3168 4167 in
3207 4127 3336 4185 per-

406 4196 653 4276 petuum
713 4186 1109 4247 consummati
1166 4204 1369 4247 sumus
1385 4232 1402 4263 ,
1462 4188 1659 4247 Hebr.
1747 4209 1864 4263 4.
1904 4192 1982 4250 ὁ·
2027 4209 2120 4249 ιο.
2169 4208 2261 4250 ιο.
2323 4190 2476 4249 adeo
2540 4200 2603 4249 vt
2657 4188 2761 4249 vbi
2815 4198 2904 4249 est
2953 4200 3334 4266 peccatorum

408 4264 678 4325 remissio
728 4268 843 4342 (est
902 4277 1100 4327 autem
1162 4285 1235 4327 ea
1272 4265 1537 4329 fidelium
1588 4268 1883 4347 omnium)
1939 4270 2022 4330 ibi
2061 4288 2186 4331 non
2230 4269 2306 4329 sit
2343 4268 2596 4346 amplius
2635 4270 2862 4331 oblatio
2901 4288 3012 4346 pro
3053 4278 3334 4347 peccato,

410 4344 1323 4423 Hebr.10.18.v(f.1740)bi
1362 4358 1501 4425 post
1542 4360 1873 4427 ·acceptam
1926 4349 2332 4429 cognitionem
2369 4348 2630 4411 veritatis
2669 4360 3014 4427 peccatum,
3055 4349 3138 4411 ibi
3177 4350 3338 4408 nulla

3223 4446 3336 4505 pro
