3923 4875
671 310 788 383 318
1613 322 1940 367 Tntsts
2006 322 2653 366 rnssoLoorcAe.

749 484 844 543 61.
927 484 1162 543 Mediae
1201 502 1344 561 ergo
1385 482 1730 543 traditiones
1767 493 1902 543 sunt
1917 530 1932 559 ,
1975 482 2023 544 si
2064 482 2375 545 essentiam
2416 500 2621 543 earum
2660 492 2901 560 spectes
2914 528 2932 559 ,
2974 502 3131 560 quae
3152 488 3309 547 fiunt
3330 488 3415 548 de
3435 490 3595 549 rebus

669 563 880 703 megiis⁸
915 562 1546 704 {iigseiniiirciltifferentibus
1587 580 1694 623 vsu
1736 565 1792 623 δι
1833 562 2223 624 conscientia:
2267 564 2373 624 sed
2416 576 2577 643 ortu,
2622 564 2739 623 fine
2756 608 2773 641 ,
2807 574 2909 623 aut
2950 576 3171 627 euentu
3218 568 3597 631 mediaeesse

670 646 726 704 ἃ
748 662 882 783 ὀπῗζι
928 724 1108 803 Ortu,
1165 727 1221 785 &
1274 725 1416 784 fine:
1470 723 1520 783 si
1571 727 1609 783 a
1661 726 1820 785 malo
1871 726 1928 785 δι
1968 722 2274 801 illegitimo
2314 733 2585 801 auctore,
2626 724 2783 783 malo
2826 720 3031 785 animo
3072 726 3465 806 consilioque
3504 731 3601 790 ob-

667 804 1184 961 tmgiinuguentu,
1245 882 1293 943 si
1353 892 1668 961 postquam
1727 885 1880 943 bene
1921 894 2172 961 coeptae
2212 886 2266 944 δι
2306 882 2601 943 institutae
2638 891 2775 944 sunt
2788 927 2806 959 ,
2866 888 3003 960 post
3042 883 3107 943 in
3148 887 3413 947 abusum
3426 934 3447 966 ,
3506 902 3603 950 ant

663 963 1068 1055 necessitatem
1106 964 1366 1042 aliquam
1407 966 1484 1041 τῷ
1522 964 1682 1041 μέσῳ
1725 963 2083 1023 contrariam
2096 1006 2115 1040 ‚
2166 973 2267 1023 aut
2304 962 2555 1042 imperio
2594 962 2790 1023 alieno
2804 1007 2822 1040 ,
2876 974 2981 1023 aut
3020 966 3363 1027 voluntaria
3404 986 3601 1047 super·

665 1054 904 1197 8¹:¹22}ae
925 1056 1429 1261 Izpteurlilgmalieno
1481 1122 1790 1201 impositae
1831 1122 2201 1200 traditiones,
2252 1122 2303 1184 si
2354 1122 2765 1203 superstitione
2820 1133 2994 1183 vacat
3046 1126 3403 1188 obseruatio
3418 1174 3439 1207 ,
3482 1148 3599 1189 ser·

665 1214 878 1363 uagtsur
917 1226 1559 1361 'sinnssi'iggistitionem
1621 1282 1984 1375 implicatam
2044 1284 2265 1344 habent
2278 1330 2297 1359 ,
2358 1300 2549 1360 neque
2590 1280 2841 1373 ciuiliter
2854 1326 2873 1359 ,
2934 1300 3132 1361 neque
3174 1286 3597 1349 Ecclesiasticus}

663 1382 884 1425 seruari
945 1366 1104 1423 bona
1153 1364 1270 1425 fide
1310 1373 1588 1441 possunt:
1633 1380 1773 1440 qma
1812 1380 1924 1423 nec
1966 1363 2281 1424 seruatur-is
2301 1408 2317 1439 ,
2378 1382 2491 1424 nec
2528 1363 2930 1443 spectantibus
2968 1374 3073 1423 aut
3112 1365 3377 1427 consciis
3418 1388 3593 1447 expe-

665 1444 870 1521 diunt,
912 1446 967 1505 &
1008 1443 1120 1503 Dei
1160 1442 1384 1521 gloriae
1423 1444 1827 1504 aduersantur.

743 1527 840 1583 66.
925 1524 1306 1601 Quapropter
1357 1528 1516 1584 recte
1565 1522 1918 1583 Scholastici
1957 1523 2150 1601 legem
2192 1526 2511 1583 humanam
2550 1520 2823 1599 quamuis
2862 1522 2919 1580 δι
2958 1523 3351 1586 traditionem
3365 1574 3383 1603 ,
3444 1528 3601 1587 dixe·

665 1616 801 1664 runt
842 1602 1119 1663 virtutem
1161 1602 1468 1681 obligandi
1507 1621 1631 1663 non
1673 1605 1922 1680 habere,
1961 1620 2145 1681 quum
2186 1607 2223 1663 a
2264 1602 2569 1663 communi
2612 1605 2775 1663 bono
2810 1600 3043 1683 deficit3
3084 1607 3143 1665 a&
3186 1604 3353 1665 illam
3388 1608 3593 1669 Mode-

569 1694 577 1699 ·
665 1682 800 1744 stini
855 1682 1202 1743 sententiam
1245 1684 1548 1744 adferunt:
1615 1685 1848 1743 Nullam
1889 1682 2029 1743 iuris
2068 1683 2359 1744 rationem
2403 1694 2505 1744 aut
2544 1680 2855 1761 aequitatis
2896 1683 3017 1759 pati
3034 1727 3051 1759 ,
3114 1696 3182 1744 vt
3222 1685 3404 1746 etiam
3448 1706 3597 1764 quae

666 1764 978 1823 salubriter
1018 1782 1130 1841 pro
1175 1762 1417 1823 vtilitate
1457 1762 1768 1823 hominum
1809 1762 2266 1823 introducuntur
2288 1808 2305 1841 ,
2346 1782 2419 1823 ea
2458 1782 2569 1823 nos
2610 1761 2847 1823 duriore
2875 1760 3371 1841 interpretatione
3392 1780 3597 1827 contra

662 1842 928 1921 ipsorum
961 1843 1352 1903 commodum
1395 1844 1798 1921 producamus
1839 1843 1920 1903 ad
1959 1843 2357 1903 seueritatem.

1939 2055 2323 2063 ..Q—..—

1395 2196 1526 2255 DE
1591 2196 1842 2257 DEO:
1919 2198 2149 2275 SEU,
2214 2198 2511 2257 DEVM
2593 2198 2861 2260 ESSE.

1922 2378 2249 2437 Tnnsrs
2308 2379 2357 2437 1.

749 2553 1062 2632 Proprium
1101 2555 1434 2616 subiectum
1475 2555 1838 2633 materiaque
1879 2554 2215 2633 scripturae
2254 2573 2459 2616 sacrae
2472 2601 2490 2634 ,
2528 2566 2617 2616 est
2656 2557 2837 2615 Deus.

753 2655 803 2693 2.
888 2637 1070 2714 Deus,
1111 2636 1358 2697 Graecis
1397 2640 1454 2698 δι
1493 2635 1718 2696 Latinis
1755 2640 1792 2696 a
1829 2655 1981 2696 voce
2022 2635 2299 2695 Hebraea
2337 2637 2498 2712 Dai,
2538 2651 2693 2712 quae
2732 2635 3125 2698 sufficientem
3154 2633 3211 2697 ’δι
3252 2639 3511 2716 αὐταρκῆ
3532 2637 3586 2697 in

667 2734 731 2776 se
771 2734 844 2775 ac
885 2735 990 2794 per
1030 2735 1094 2775 se
1133 2727 1341 2796 sonat,
1378 2719 1724 2795 appellatur.

743 2813 800 2872 3.
879 2797 1078 2855 Deum
1117 2807 1318 2856 autem
1358 2815 1521 2875 esse,
1561 2808 1774 2856 natura
1813 2795 1977 2872 ipsa,
2019 2798 2075 2856 δι
2116 2796 2405 2873 scriptura
2444 2805 2749 2856 testantur.

745 2896 802 2949 4.
883 2877 1118 2953 Itaque,
1181 2876 1320 2954 qui,
1381 2878 1479 2936 vel
1531 2876 1782 2936 naturali
1819 2875 1938 2935 luci
1980 2876 2158 2936 fidem
2199 2877 2444 2954 habent,
2488 2878 2582 2935 vel
2622 2875 3049 2953 supernaturali
3088 2874 3151 2935 in
3190 2877 3379 2938 sacris
3417 2876 3589 2954 scrip-

665 2957 806 3017 turis
848 2955 1179 3034 expositae,
1221 2956 1282 3016 hi
1319 2958 1518 3016 Deum
1561 2975 1718 3033 esse,
1759 2973 2135 3032 nequaquam
2178 2955 2471 3016 dubitant.

746 3053 799 3114 5.
881 3037 1038 3108 Sed,
1094 3037 1432 3114 quicunque
1451 3081 1468 3114 ,
1523 3037 1670 3108 Dei,
1711 3039 1767 3096 δι
1807 3047 2053 3095 naturae
2092 3036 2397 3095 veritatem
2416 3081 2433 3108 ,
2476 3034 2537 3095 in
2576 3035 2892 3097 mendacio
2932 3035 3222 3115 detinent,
3266 3035 3305 3112 ij
3348 3046 3585 3096 caecata

665 3115 1050 3194 intelligentia
1072 3161 1089 3192 ,
1131 3117 1185 3175 δι
1226 3117 1473 3194 abrepta
1511 3115 1718 3177 studiis
1759 3115 2211 3193 particularibus
2253 3116 2555 3176 voluntate
2594 3133 2732 3194 sua,
2769 3135 2987 3194 negare
3026 3118 3239 3176 solent.
3284 3117 3451 3176 Psal.
3501 3135 3585 3187 14.

666 3196 939 3272 quamuis
979 3197 1158 3256 euicti
1197 3196 1622 3273 supernaturali
1661 3196 1792 3255 luce
1813 3242 1831 3268 ,
1873 3197 1928 3254 ὅτ
1969 3195 2221 3256 naturali
2258 3193 2669 3256 conscientiae.

743 3278 800 3334 6.
880 3277 1011 3334 Lux
1031 3275 1513 3354 supernaturalis,
1547 3287 1638 3336 est
1659 3275 2060 3336 testimonium
2082 3275 2327 3354 Spiritus
2356 3275 2502 3353 Dei,
2534 3275 2595 3334 in
2618 3275 2913 3336 mentibus
2934 3275 3169 3336 nostriS.
3192 3296 3242 3337 1.
3264 3276 3403 3336 Cor.
3422 3295 3475 3336 2.
3498 3295 3583 3333 10.

751 3375 804 3431 7.
885 3357 1114 3416 Oculus
1154 3355 1611 3434 supernaturalis
1653 3356 1867 3416 mentis
1905 3366 2175 3427 nostrae,
2218 3367 2309 3416 est
2346 3357 2515 3416 fides.
2552 3357 2747 3416 Hebr.
2802 3377 2825 3413 1
2842 3375 2893 3416 1.
2940 3376 2991 3417 1.

745 3441 802 3496 3.
885 3437 1055 3495 Haec
1093 3437 1194 3494 lux
1235 3435 1334 3495 illa
1374 3435 1659 3513 afficitur,
1701 3437 1758 3495 &
1798 3437 1876 3495 ab
1917 3437 2031 3495 hac
2074 3435 2173 3496 illa
2212 3435 2623 3514 prehenditur,
2663 3446 2727 3496 vt
2770 3437 2964 3496 Deum
3004 3435 3321 3495 credamus
3360 3453 3507 3495 esse.

743 3535 801 3592 9.
883 3517 1108 3575 Neutra
1168 3519 1310 3574 vero
1369 3516 1504 3593 capi
1563 3519 1640 3575 ab
1696 3515 1938 3576 homine
1981 3517 2227 3576 naturali
2268 3525 2504 3594 potest,
2564 3531 2683 3592 qua
2722 3515 3176 3594 supernaturalis
3217 3518 3273 3576 δι
3314 3513 3583 3592 spiritalis

668 3606 773 3656 est.
825 3615 872 3656 1.
921 3597 1058 3655 Cor.
1105 3615 1159 3655 2.
1210 3615 1303 3668 14.

751 3695 839 3734 ιο.
924 3677 1080 3735 Nam
1125 3677 1260 3736 cum
1303 3686 1492 3752 vtraq.
1533 3674 1993 3752 supernaturalis
2034 3679 2089 3736 δι
2130 3675 2441 3754 spiritualis
2480 3675 2555 3735 sit
2592 3686 2803 3736 neutra
2842 3676 3012 3736 aliter
3050 3677 3131 3735 ab
3171 3673 3419 3734 homine
3434 3671 3583 3751 capi,

666 3759 843 3833 quam
886 3755 1314 3833 supernaturali
1355 3756 1567 3832 mod0,
1609 3758 1664 3815 δι
1705 3754 2018 3834 spirituali,
2058 3767 2257 3833 potest
2275 3800 2294 3835 ,
2336 3768 2513 3833 atque
2552 3753 2651 3814 hic
2681 3755 2743 3815 in
2783 3755 3025 3816 homine
3064 3753 3317 3814 naturali
3336 3771 3463 3813 non
3482 3761 3582 3812 est.

750 3856 774 3894 1
792 3857 840 3896 1.
921 3835 1190 3895 Medium
1240 3835 1318 3894 ad
1361 3846 1670 3912 vtramque
1725 3839 1920 3895 lucem
1963 3836 2455 3910 instrumentum,
2510 3846 2600 3895 est
2638 3837 2889 3896 verbum
2930 3835 3045 3895 Dei
3084 3833 3491 3912 praedicatum
3530 3834 3582 3892 δι

669 3916 785 3976 scri
829 3927 976 3976 tum.

751 3937 840 4054 ῙΞ.
925 3998 1016 4054 Ac
1071 4013 1149 4054 ne
1205 3995 1325 4054 hoc
1367 3993 1608 4071 quidem
1652 3996 1786 4072 capi
1831 3994 2042 4054 vtiliter
2082 4005 2308 4073 potest,
2348 3995 2459 4055 nisi
2494 3997 2921 4074 supernaturali
2961 3995 3017 4053 δι
3056 3992 3343 4070 spirituali
3384 3994 3584 4053 mode.

751 4094 838 4151 13.
921 4077 1064 4134 Hoc
1099 4085 1296 4134 autem
1339 4075 1526 4134 verbo
1568 4077 1857 4134 docemur
1897 4085 2209 4152 oportere,
2250 4086 2346 4153 vt,
2386 4074 2490 4152 qui
2530 4073 2761 4134 accedit
2798 4075 2877 4135 ad
2922 4077 3117 4134 Deum
3142 4117 3159 4150 ,
3214 4073 3421 4133 credat
3460 4091 3581 4133 esse
3612 4091 3623 4100 ⁹

659 4157 1107 4231 μισθαποδότην
1145 4153 1214 4212 iis
1237 4199 1254 4231 ,
1297 4154 1396 4230 qui
1437 4153 1752 4230 exquirunt
1791 4155 1985 4232 ipsum
2008 4200 2027 4231 ,
2070 4155 2265 4215 Hebr.
2314 4174 2404 4214 11.
2448 4157 2502 4214 6.

755 4253 842 4304 ¹4·
923 4233 1044 4307 Qui
1103 4236 1232 4292 sola
1291 4244 1535 4293 naturae
1588 4237 1719 4294 luce
1759 4235 2153 4311 illustrantur,
2212 4234 2251 4310 ij
2294 4253 2641 4294 communes
2680 4235 2967 4311 quasdam
3007 4232 3285 4294 notiones
3324 4233 3581 4308 babent,

660 4315 832 4372 Rom.
883 4332 929 4370 1.
975 4317 1154 4390 (quae
1193 4312 1482 4390 principia
1523 4316 1703 4392 vulgo
1745 4313 2049 4392 dicuntur)
2082 4314 2505 4376 conuenientes
2546 4330 2685 4374 cum
2728 4313 3153 4392 supernaturali
3190 4313 3405 4453 luce.E
3507 4392 3520 4403 α

3176 4409 3269 4470 15.
3405 4403 3579 4452 temm
