3923 4875
660 354 779 409 402
1720 350 2134 393 zlaunic!
2195 350 2410 393 PARS
2467 350 2510 393 1.

661 509 1595 600 amplectendamaccendamur.
1636 506 3202 569 EstautemhorumPsalmommexoellentiasiue
3239 508 3636 585 paenarum:

663 592 797 649 Vna
838 592 1203 665 communis,
1244 591 1447 648 Altera
1486 588 1745 666 propria.
1808 590 2162 650 Communis
2203 602 2322 650 cst.
2363 592 2528 665 quod
2559 608 2596 646 a
2627 590 2766 647 Deo
2797 601 3056 647 amore
3094 602 3282 649 sunt.
3329 592 3514 664 quod
3549 609 3634 647 res

662 670 893 730 diuinas
926 672 1197 745 tradunt,
1232 672 1287 729 &
1324 671 1489 746 quod
1518 670 1725 729 diuino
1748 672 1931 729 modo
1952 669 2700 729 adeamremsanctifioeti
2721 680 2898 730 sunt.
2921 682 2986 726 vt
3013 668 3244 744 reiiqtii
3277 670 3634 746 Suiptnne

664 750 815 827 loci,
876 752 1183 811 Praeter&
1237 752 1605 809 psalmorum
1644 754 1703 810 δι
1740 752 2102 825 hymnorum
2141 750 2528 826 spiritualium
2571 750 2634 807 in
2677 748 3008 824 Scimuris
3047 769 3124 808 ea
3165 762 3271 807 est
3314 751 3524 819 ratio,
3577 764 3634 805 rt

664 842 931 909 respecm
970 830 1153 889 nostri
1190 830 1671 904 excellentioreS,
1710 832 1841 889 aliis
1880 830 2196 905 Scripturis
2235 830 2296 889 in
2335 830 2648 889 doctrinae
2685 831 2882 887 modo
2915 829 3438 888 essevidmnmr.
3483 833 3628 887 Nam

662 930 757 971 res
800 922 1031 970 sanctas
1072 910 1351 987 singulari
1386 911 1653 987 quodam
1692 911 1881 970 modo
1916 910 2044 969 vsui
2083 922 2292 969 nostro
2331 909 2832 983 accommodant,
2855 912 2914 967 δι
2935 909 3628 1002 qussitemper-nisuni

662 990 743 1051 ad
804 992 1113 1050 modulum
1174 1002 1417 1051 naturae
1476 1002 1713 1050 nostrae
1748 1010 1825 1049 ex
1860 990 2170 1049 inscientia
2211 990 2590 1049 commodius
2635 988 3098 1058 informandae,
3153 1008 3240 1048 ex
3279 990 3630 1049 'nfirmitate

662 1070 1135 1147 confirmandae,
1186 1081 1367 1146 atque
1418 1070 1479 1129 in
1532 1069 1813 1147 veritate,
1848 1068 2066 1129 iustitia
2103 1073 2162 1129 δι
2201 1069 2624 1137 sanctimonia,
2663 1070 2960 1128 aduersus
2999 1088 3222 1129 omnes
3263 1070 3470 1129 animi
3507 1089 3628 1147 per·

660 1150 1025 1211 turbationes
1078 1154 1132 1211 δι
1174 1150 1593 1227 impedimenta
1632 1149 1789 1209 intus
1830 1150 2090 1241 sorisqw
2125 1148 2540 1221 obuenientia,
2581 1168 2688 1239 per
2727 1148 3100 1239 singularem
3139 1152 3322 1209 inum
3365 1151 3625 1227 applicu-

664 1230 843 1291 tionis
898 1231 1145 1290 modum
1198 1230 1735 1291 constabiliendae:
1778 1230 1881 1305 qui
1920 1230 2138 1289 modus
2177 1248 2301 1289 non
2339 1230 2424 1289 ita
2458 1240 2552 1289 est
2589 1230 2650 1287 in
2691 1228 2826 1288 aliis
2859 1228 3272 1307 scriptionum
3315 1248 3622 1289 sacrarum

662 1308 995 1389 generibus.
1034 1312 1159 1386 itaq
1170 1328 1241 1369 ue
1282 1311 1337 1367 &
1380 1312 1533 1368 hanc
1572 1310 1980 1369 excellentiam
2021 1310 2390 1369 Psalmorum
2429 1313 2484 1369 δι
2517 1307 2892 1367 anticorum
2923 1308 3332 1386 spiritualium
3351 1328 3622 1370 eommu-

664 1410 803 1451 nem
842 1390 931 1449 his
970 1392 1207 1467 psalmis
1244 1388 1651 1449 adscribimus,
1698 1388 1855 1448 Nam
1892 1389 2184 1467 scriptura
2211 1390 2454 1467 quidem
2475 1389 2574 1448 illa
2591 1388 2948 1448 diuinaaliis
2967 1388 3620 1449 omnibusanteoenit:

660 1470 765 1531 sed
804 1468 867 1529 in
904 1470 1193 1547 scriptura
1230 1480 1499 1546 respectu
1538 1468 1947 1546 applicationis
1985 1468 2064 1528 ad
2097 1470 2378 1559 vulnera,
2415 1467 2858 1559 perpessionem
2900 1468 3210 1532 actiones.
3255 1470 3320 1527 δι
3363 1472 3616 1529 difficul-

663 1560 811 1609 tates
860 1550 1096 1625 quasuis
1146 1550 1473 1609 animorum
1513 1561 1851 1608 nostrorum
1898 1547 2114 1608 Psalmi
2151 1550 2280 1609 aliis
2317 1548 2640 1625 scripturae
2677 1549 2956 1625 partibus
2995 1550 3426 1626 anteponendi
3469 1563 3620 1609 simi.

742 1629 1267 1705 Quemadmodum
1326 1640 1525 1689 autem
1578 1629 1883 1719 Scriptura
1930 1630 1994 1689 S.
2043 1628 2172 1689 aliis
2223 1629 2458 1705 scriptis
2499 1640 2630 1688 toto
2669 1648 2922 1717 gemere,
2963 1632 3022 1689 δι
3067 1630 3294 1688 Psalmi
3341 1631 3618 1707 reliquae

662 1708 987 1785 scripturae
1024 1708 1349 1770 secundum
1388 1710 1686 1785 quendam
1726 1706 2135 1787 applicationis
2173 1710 2424 1769 modum
2459 1709 2854 1768 antecellunt:
2897 1708 2988 1767 ita
3025 1708 3210 1768 etiam
3253 1710 3320 1769 hi
3363 1710 3612 1787 psalmi.

664 1786 2164 1959 &masmim13⁸20‘3‘g‘322‘2‘mffl5123fiit,
2171 1788 2798 1929 ἀὲῗᾚῖἑῖῗὲἵ
2821 1789 2990 1929 ,ἓξ
3022 1800 3230 1928 ἑ“ω«’“ῗ
3249 1786 3612 1929 Ξῗῃῖοῗ

665 1946 795 2038 ipso
854 1948 1145 2027 singulare
1194 1947 1419 2026 aliquid
1479 1948 2032 2039 recognoscendum
2085 1958 2193 2007 est.
2251 1950 2322 2007 In
2360 1967 2427 2009 re
2467 1948 2626 2008 enim
2665 1948 2800 2006 Lux
2837 1950 3142 2025 quaedam
3181 1949 3612 2010 familiaritatis

662 2026 876 2088 emicat
924 2028 1114 2121 supra
1173 2034 1355 2107 quam
1412 2027 1474 2089 in
1532 2028 1659 2088 aliis
1706 2031 2004 2106 plerisque
2057 2028 2330 2105 psalmis,
2383 2032 2440 2089 δι
2479 2026 2648 2105 quasi
2685 2031 2724 2087 a
2765 2028 2974 2087 multis
3015 2030 3608 2090 circumstantiarum

664 2106 1075 2187 singularium,
1124 2126 1277 2185 quae
1318 2106 1459 2169 alibi
1496 2119 1849 2187 occurrunt,
1888 2107 2146 2168 tenebris
2190 2119 2541 2201 expurgata:
2601 2110 2668 2167 ln
2708 2108 2898 2167 modo
2939 2120 3172 2185 autem,
3213 2111 3492 2170 breuitas
3531 2110 3606 2169 ad

664 2188 999 2249 facilitatem
1038 2188 1359 2267 accedens,
1397 2206 1577 2265 quam
1617 2190 1713 2249 vel
1738 2152 1983 2283 pueruli
2026 2206 2312 2249 memoria
2349 2188 2522 2248 facile
2541 2188 2866 2265 complecti
2887 2188 3212 2265 potuerint.
3257 2190 3446 2265 Quae
3467 2210 3604 2248 cum

665 2264 745 2327 ita
784 2268 929 2345 sint,
968 2286 1093 2329 non
1133 2268 1471 2329 dubitamus
1510 2268 1655 2345 quin
1692 2268 1771 2347 pij
1814 2268 2094 2329 omnibus
2133 2269 2406 2346 expensis
2443 2268 2506 2329 in
2545 2286 2678 2327 eam
2717 2268 3079 2328 sententiam
3111 2269 3442 2329 nobiscum
3463 2289 3606 2328 ven·

660 2346 777 2407 turi
814 2346 955 2407 sint.
998 2346 1175 2409 totius
1214 2346 1459 2425 quidem
1502 2347 1849 2427 scripturae3
1890 2358 2016 2408 tum
2058 2347 2121 2408 in
2161 2366 2224 2408 se
2237 2392 2256 2424 ,
2293 2359 2421 2409 tum
2461 2348 2521 2407 in
2553 2346 2728 2407 nobis
2761 2349 3180 2409 excellentiam
3205 2368 3340 2410 esse
3361 2348 3604 2410 homini

662 2425 947 2506 psychico
1002 2426 1437 2505 incredibilem,
1500 2426 1673 2489 nobis
1730 2392 2166 2490 admirabilem·
2233 2428 2341 2490 sed
2387 2429 2753 2520 psalmorum
2805 2428 2966 2488 libro
3007 2443 3192 2508 atque
3229 2444 3602 2507 argumento

662 2507 1015 2584 singularem
1066 2507 1258 2568 inesse
1310 2508 1557 2568 modum
1606 2507 2018 2569 excellentiae:
2059 2507 2152 2568 his
2193 2519 2390 2569 autem
2431 2507 2580 2568 inter
2619 2519 2890 2568 caeteros
2931 2513 3166 2568 summe
3205 2509 3602 2601 singularem.

665 2587 861 2662 Atque
900 2587 1049 2648 haec
1088 2587 1327 2664 quidem
1374 2587 1451 2646 de
1491 2587 1867 2667 excellentia,
1906 2586 1955 2648 si
1999 2587 2506 2679 comparationem
2546 2587 2720 2648 huius
2761 2605 2902 2646 cum
2942 2587 3049 2648 illa
3089 2608 3164 2649 ex
3203 2589 3602 2666 inscriptione

663 2665 964 2728 instituere
999 2667 1311 2745 quisquam
1350 2667 1629 2728 voluerit.
1672 2685 1853 2758 quarn
1892 2667 2300 2758 excellentiam
2340 2667 2586 2744 Spiritus
2629 2677 2864 2726 sanctus
2905 2668 3230 2728 affirmauit
3269 2669 3602 2746 prouiden-

664 2743 909 2824 tissime,
952 2765 1027 2808 ne
1069 2747 1165 2806 illa
1206 2746 1461 2838 breuitas
1499 2757 1677 2824 atque
1716 2745 1960 2807 facilitas
1999 2751 2088 2823 (vt
2129 2747 2216 2822 fit)
2257 2745 2320 2806 in
2357 2757 2766 2822 contemptum
2807 2747 2974 2806 abire
3021 2759 3244 2825 posset.
3299 2749 3600 2826 Alioquin

664 2823 807 2884 mihi
858 2843 979 2886 non
1033 2825 1327 2905 displicet,
1378 2825 1427 2886 si
1468 2830 1667 2904 (prout
1706 2826 1972 2887 Hebraei
2015 2826 2333 2905 plurimum
2372 2825 2618 2901 faciunt)
2659 2828 2816 2885 hanc
2855 2827 3243 2886 excellentiae
3279 2828 3596 2905 pmedioe-

662 2903 885 2964 tionem
926 2905 1195 2966 absolute
1235 2906 1291 2966 &
1330 2905 1477 2966 citra
1517 2905 2028 2998 comparationem
2069 2906 2390 2983 acceperis.

739 2983 1049 3045 Caeterum
1088 2985 1227 3062 quia
1266 2983 1674 3046 excellentiam
1714 2984 1852 3045 huic
1892 2984 2200 3046 doctrinae
2242 2986 2298 3045 &
2339 2983 2478 3046 huic
2497 2985 2852 3062 scriptorum
2871 2985 3078 3077 generi
3097 2985 3368 3046 attribuit
3387 2987 3594 3060 Deus,

660 3063 795 3122 cum
836 3081 1043 3125 omnes
1084 3077 1210 3124 tum
1248 3063 1455 3124 natura
1494 3065 1762 3142 iubente,
1800 3073 1927 3125 tum
1969 3067 2102 3124 Deo
2145 3084 2253 3142 per
2291 3067 2648 3156 Apostolum
2689 3063 3093 3143 praecipiente
3124 3086 3174 3126 1.
3195 3065 3344 3125 Cor.
3373 3085 3470 3124 12.
3493 3085 3594 3142 31.

664 3141 739 3202 ad
802 3141 958 3203 viam
1011 3143 1391 3204 excellentiae
1438 3155 1743 3204 teneamur
1783 3144 2176 3205 contendere.
2218 3145 2280 3204 id
2321 3143 2496 3205 nobis
2537 3144 2980 3205 obseruandum
3021 3157 3146 3215 est,
3185 3145 3404 3206 Omnis
3447 3147 3594 3206 doc-

662 3220 846 3281 trinae
910 3222 1322 3313 praestantiam
1378 3241 1507 3284 esse
1558 3223 1619 3284 in
1668 3224 1843 3285 rebus
1884 3224 2116 3284 duabus
2157 3224 2434 3301 positam.
2495 3225 2646 3283 Nam
2687 3235 2788 3284 aut
2827 3241 2900 3282 eo
2942 3191 3218 3284 doctrina
3257 3244 3380 3284 vna
3417 3223 3596 3284 alteri

658 3301 1062 3392 anteponitur,
1104 3303 1270 3380 quod
1312 3303 1544 3381 dignior
1586 3302 1643 3363 in
1686 3322 1750 3364 se
1790 3303 1918 3382 ipsa
1958 3313 2078 3378 est,
2125 3315 2228 3364 aut
2265 3305 2432 3381 qued
2473 3315 2564 3364 est
2601 3304 2836 3364 certior.
2877 3302 3178 3384 Dignitas,
3209 3304 3269 3363 in
3303 3323 3400 3364 re:
3445 3305 3590 3364 Cer·

659 3378 879 3452 titudo,
920 3381 980 3441 in
1025 3383 1207 3442 modo
1250 3381 1402 3442 illius
1444 3385 1797 3460 exploratur.

740 3459 833 3518 Ac
886 3461 969 3520 rei
1019 3461 1261 3538 quidem
1314 3461 1565 3540 dignitas
1618 3463 1693 3523 ad
1737 3461 2018 3524 scientiae
2057 3462 2408 3554 dignitatem
2443 3463 2608 3540 facit,
2651 3462 2698 3523 si
2730 3481 2824 3522 res
2861 3461 3005 3522 alias
3046 3464 3260 3523 multas
3297 3461 3592 3541 dignitate

662 3541 1037 3616 superauerit.
1080 3540 1333 3601 Scientia
1373 3546 1512 3603 vero
1554 3541 1881 3603 diuinarum
1922 3559 2152 3621 rerum,
2191 3561 2316 3603 non
2347 3542 2486 3603 dico
2527 3543 2767 3620 multas,
2809 3541 2916 3602 sed
2937 3561 3146 3603 omnes
3165 3544 3311 3602 alias
3331 3543 3588 3604 omnino

658 3629 924 3696 superat,
966 3621 1021 3680 δι
1062 3621 1423 3682 transcendit
1464 3621 1829 3714 longissime.
1870 3623 2026 3683 adeo
2068 3631 2132 3682 vt
2172 3623 2337 3699 quod
2379 3621 2685 3682 minimum
2727 3631 2819 3681 est
2855 3620 3040 3700 illius,
3059 3621 3136 3682 sit
3155 3623 3345 3683 maius
3367 3622 3586 3699 quauis

662 3697 1049 3758 humanarum
1112 3699 1487 3760 scientiarum
1546 3699 1949 3794 amplitudine.
2012 3703 2164 3762 Ciim
2221 3713 2419 3762 autem
2473 3700 2847 3762 scientiarum
2865 3745 2882 3778 ,
2935 3719 3088 3778 quae
3127 3701 3374 3778 quidem
3415 3703 3582 3778 apud

656 3775 925 3838 homines
986 3779 1277 3839 habentur
1329 3779 1735 3872 dignissimae,
1794 3779 1944 3841 aliae
1991 3779 2052 3841 in
2093 3780 2625 3859 contemplatione,
2671 3779 2817 3840 aliae
2859 3779 2919 3839 in
2962 3780 3196 3840 actione
3235 3791 3579 3854 versentur,

658 3857 713 3915 δι
753 3872 961 3918 omnes
1004 3857 1251 3920 scientia
1288 3859 1623 3920 diuinorum
1662 3879 1736 3921 ex
1776 3877 1972 3937 aequo
2015 3870 2277 3938 superet:
2320 3881 2395 3922 ex
2433 3879 2508 3922 eo
2543 3863 2716 3938 plane
2751 3861 3062 3920 conficitur
3081 3859 3368 3937 quicquid
3387 3859 3579 3938 digni·

656 3933 789 3994 tatis
849 3935 909 3994 in
972 3937 1312 4016 Theoi-icis,
1362 3938 1645 4018 quicquid
1698 3939 1757 4000 in
1800 3939 2082 4002 Praeticis
2128 3939 2433 4002 obseruari
2473 3949 2693 4018 potest.
2735 3939 2796 3998 id
2835 3949 3026 3999 totum
3069 3938 3409 4016 plenissime
3447 3957 3576 3998 non

660 4013 936 4093 naturali,
978 4017 1082 4078 sed
1124 4019 1579 4111 supernaturali·
1620 4037 1740 4080 non
1785 4020 2080 4099 human0,
2121 4021 2225 4080 sed
2267 4019 2473 4080 diuino
2507 4019 2727 4080 modo'
2711 4038 2769 4079 in
2791 4019 2910 4079 hoc
2932 4019 3196 4078 existere.
3241 4019 3348 4078 Est
3369 4028 3576 4077 autem

657 4093 1081 4184 Theoi-icarum
1140 4097 1389 4176 dignitas
1431 4065 1644 4175 partim
1684 4117 1756 4159 ex
1800 4097 1913 4158 Rei
1954 4102 2049 4160 vel
2061 4065 2374 4160 Materiae
2413 4110 2649 4172 natura,
2692 4105 3024 4176 partimque
3064 4117 3135 4158 ex
3176 4098 3570 4174 comprehen-

656 4171 836 4231 sionis
880 4176 1063 4236 modo
1103 4175 1469 4254 huiusmodi,
1512 4179 1675 4256 quod
1716 4197 1789 4238 ea
1826 4179 2206 4240 considerant
2245 4197 2348 4240 sua
2389 4179 2648 4256 quadam
2669 4178 2896 4239 ratione
2915 4178 3238 4238 secundum
3261 4187 3571 4251 naturam,

656 4267 805 4326 quae
851 4255 980 4328 ra(f.
1025 4255 1313 4332 683)tioni
1352 4257 1617 4318 subiecta
1660 4268 1824 4318 sunt:
1870 4259 2270 4319 Praeticarum
2313 4263 2456 4319 vere
2499 4258 2750 4338 dignitas
2785 4256 3190 4334 potissimum
3175 4257 3244 4317 iis
3267 4255 3570 4330 tribuitiu,

654 4346 807 4404 quae
848 4333 923 4390 ad
968 4335 1299 4396 vlteriorem
1340 4337 1519 4396 finem
1558 4354 1682 4398 non
1722 4347 1856 4398 sunt
1894 4337 2230 4416 ordinatae,
2271 4338 2376 4399 sed
2415 4338 2477 4398 in
2519 4357 2592 4399 eo
2633 4337 2868 4414 proprie
2889 4337 3350 4412 conquiescunt3
3331 4335 3562 4469 ,sicuth

3299 4429 3520 4488 exemp
