3923 4875
61 697 92 981 -ιτ-ειιη

1301 336 1626 381 ‘rursus
1685 333 2346 384 τειοιοοισιιι.
3216 348 3329 406 299

399 500 628 563 ratione
664 498 1040 562 obiectorum
1077 498 1373 577 duplicem
1413 499 1594 559 finem
1629 500 1688 559 &
1726 498 1954 559 bonum
1994 498 2213 577 duplex
2260 498 2567 562 statuimus
2582 546 2598 577 ,
2638 502 2889 580 gloriam
2928 502 3041 564 Dei
3059 505 3116 565 δι
3158 506 3315 565 elec-

403 592 601 643 torum
638 581 887 641 bonum.
925 580 1056 639 Act.
1104 597 1199 640 20.
1243 595 1342 655 27.
1387 598 1442 641 2.
1490 576 1626 640 Cor.
1677 598 1734 640 2.
1781 594 1872 657 15.

484 664 540 721 6.
621 658 1010 722 Obiectorum
1069 658 1228 720 enim
1288 660 1412 719 duo
1471 668 1608 719 sunt
1664 677 1912 740 genera3
1970 676 2183 737 vnum,
2242 659 2407 737 quod
2449 660 2705 737 primum
2744 670 2832 723 est
2870 661 2931 722 in
2978 661 3313 725 intentione

399 739 660 821 agentis3
719 748 896 817 atque
935 741 1053 800 hoc
1090 748 1192 799 aut
1231 738 1470 800 vnicum
1507 749 1598 801 est
1611 783 1629 816 ‚
1678 749 1780 800 aut
1815 739 2201 818 praecipuum
2218 784 2237 818 ,
2278 739 2621 819 primarium
2638 786 2655 821 ‚
2698 746 3073 803 summumve
3118 745 3317 822 appel-

399 824 584 898 latur,
643 841 718 883 ex
765 819 1050 882 relatione
1107 818 1406 897 sequentis
1454 819 1684 898 generis
1723 818 1985 880 alterius:
2028 820 2280 882 alterum
2295 865 2312 899 ,
2353 838 2459 900 per
2499 822 2667 900 quod
2706 822 2787 881 ad
2826 822 2973 884 illud
3015 840 3319 885 summum

400 900 804 982 contenditur3
845 900 1011 977 quod
1051 898 1465 960 secundarium
1505 901 1600 961 vel
1641 898 2095 960 subordinatum
2138 900 2217 960 ad
2256 902 2436 961 finem
2474 902 2870 979 appellamus..

485 1000 540 1058 7.
620 983 820 1059 Atque
861 979 924 1040 in
962 981 1122 1040 hunc
1155 978 1404 1039 modum
1443 978 1634 1057 gloria
1666 978 1782 1040 Dei
1799 978 2036 1057 proprie
2070 989 2173 1044 aut
2194 979 2406 1042 vnicus
2424 991 2514 1042 est
2529 1026 2546 1059 ‚
2566 992 2669 1041 aut
2688 996 2950 1042 summus
2968 982 3319 1059 Scripturas

383 1064 540 1139 finis
551 1079 577 1134 ;
616 1065 673 1123 81
711 1062 1034 1122 electorum
1070 1061 1227 1120 salus
1261 1058 1394 1119 finis
1434 1069 1525 1121 est
1561 1059 1969 1140 secundarius,
2010 1060 2060 1121 si
2088 1061 2167 1120 ad
2188 1080 2315 1121 rem
2334 1060 2524 1139 ipsam
2544 1059 2888 1139 simpliciter
2906 1062 3315 1125 attendamus:

400 1140 1064 1282 mehtioneugutem,
1107 1140 1200 1201 vel
1244 1138 1574 1201 secundum
1613 1137 1904 1202 rationem
1945 1138 2202 1221 ordiniS‚
2240 1140 2341 1202 illa
2380 1140 2512 1203 finis
2556 1140 2869 1221 primarius
2884 1186 2903 1221 ,
2940 1142 3089 1202 haec
3106 1162 3321 1204 secun-

533 1238 602 1282 us
640 1242 677 1283 a
875 1231 989 1281 tur.

481 1304 537 1362 8.
619 1238 889 1362 Gfggam
929 1300 1044 1361 Dei
1083 1316 1381 1360 summum
1395 1344 1414 1378 ,
1452 1310 1554 1362 aut
1593 1298 1774 1361 etiam
1813 1301 1887 1377 (si
1931 1300 2152 1378 placet)
2190 1300 2429 1371 vnicum
2468 1320 2597 1363 esse
2629 1300 2967 1381 Scripturae
3005 1302 3185 1363 finem
3225 1302 3323 1365 hle

399 1380 584 1443 tribus
619 1380 770 1443 locis
807 1378 1058 1441 sufficiet
1097 1378 1518 1460 demonstrari,
1562 1383 1601 1441 a
1639 1389 1850 1441 natura
1885 1378 2035 1459 Dei,
2075 1383 2114 1441 a
2153 1390 2362 1442 natura
2398 1380 2707 1443 communi
2749 1400 2947 1443 rerum
2988 1392 3315 1445 creatarum

401 1460 702 1541 omnium,
740 1464 796 1521 &
837 1460 914 1521 ab
955 1460 1216 1521 humana
1257 1469 1478 1521 nostra.

481 1561 536 1620 9.
620 1545 677 1602 A
735 1549 942 1601 natura
1000 1540 1134 1602 Dei.
1193 1541 1350 1600 Nam
1404 1542 1542 1601 cum
1595 1540 1760 1600 Deus
1819 1538 1892 1601 sit
1944 1558 2051 1617 per
2102 1538 2304 1601 omnia
2342 1540 2635 1621 infinitus,
2674 1542 2960 1621 αὔταρκής
3002 1542 3057 1602 81
3098 1540 3319 1603 infinito

400 1621 595 1681 bonus
609 1667 626 1699 ‚
668 1621 938 1698 adeoque
981 1638 1278 1681 summum
1317 1622 1374 1682 81
1410 1618 1706 1681 infinitum
1743 1620 2003 1681 bonum:
2042 1638 2168 1680 non
2208 1620 2401 1697 potuit
2439 1625 2477 1683 a
2516 1637 2751 1683 summo
2792 1620 2958 1681 bono
2996 1620 3143 1683 alius
3183 1620 3315 1682 finis

399 1704 436 1761 a
473 1720 564 1773 se,
604 1712 708 1762 aut
745 1702 822 1763 ab
863 1700 1094 1761 infinito
1113 1699 1322 1778 ‘(quod
1361 1710 1525 1762 extra
1563 1699 2034 1762 controuersiam
2075 1699 2313 1761 vnicum
2352 1703 2464 1776 est)
2504 1700 2636 1763 finis
2675 1709 2839 1763 extra
2879 1720 2943 1761 se
2982 1702 3286 1780 procurari
3299 1746 3319 1781 ,

399 1792 500 1842 aut
539 1780 678 1842 alibi
717 1798 896 1859 quam
937 1780 998 1840 in
1038 1797 1273 1841 summo
1313 1782 1509 1861 bono,
1549 1779 1613 1842 id
1653 1790 1742 1841 est
1756 1826 1774 1859 ,
1817 1780 1878 1840 in
1917 1799 2047 1841 sese
2085 1779 2525 1858 conquiescere.

486 1880 575 1922 10.
658 1861 843 1938 Quod
901 1860 950 1922 si
1011 1860 1173 1921 aliud
1233 1863 1461 1921 bonum
1518 1862 1558 1921 a
1605 1862 1768 1939 Deo,
1821 1870 1924 1921 aut
1978 1869 2139 1921 extra
2176 1861 2373 1922 Deum
2388 1906 2407 1940 ,
2448 1870 2550 1922 aut
2587 1859 2728 1923 alibi
2765 1862 2945 1938 quam
2985 1860 3045 1921 in
3084 1877 3318 1922 summo

401 1944 564 2003 bono
625 1940 900 2021 proprius
960 1940 1292 2018 Scripturae
1355 1939 1486 2003 finis
1539 1950 1862 2021 statuatur3
1900 1941 2151 2001 alterum
2188 1942 2520 2002 necessario
2560 1938 2873 2004 conficitur
2914 1943 3105 2020 (quod
3144 1941 3318 2017 absit)

397 2032 499 2113 aut
536 2041 662 2083 non
700 2041 829 2083 esse
865 2024 903 2081 a
941 2022 1076 2081 Deo
1117 2022 1508 2101 Scripturam,
1548 2031 1651 2081 aut
1687 2023 1886 2081 Deum
1925 2019 2187 2100 seipsum
2224 2022 2521 2100 abnegare
2560 2020 2621 2082 in
2658 2020 2997 2101 Scriptus-is,
3031 2024 3088 2083 &
3107 2038 3319 2081 renun-

400 2121 556 2164 ciare
595 2111 837 2162 naturae
877 2119 1037 2162 suae.

485 2202 510 2241 1
525 2202 576 2243 1.
656 2184 712 2241 A
753 2192 962 2243 natura
999 2198 1216 2243 rerum.
1270 2182 1428 2241 Nam
1468 2183 1525 2243 81
1567 2180 1698 2259 ipsa
1737 2198 1934 2242 rerum
1972 2178 2317 2241 vniuersitas
2332 2225 2350 2261 .,
2392 2184 2448 2242 &
2486 2179 2752 2261 singulae
2788 2190 2986 2260 partes
3024 2179 3205 2261 ipsius
3242 2181 3320 2242 ab

397 2262 708 2323 vniuersali
745 2279 922 2323 causa
961 2271 1278 2322 mouentur
1319 2259 1586 2322 vniuerse
1627 2262 1683 2321 &
1723 2260 2179 2341 particulariter,
2218 2269 2447 2337 suoque
2480 2270 2649 2322 motu
2686 2270 2972 2339 appetunt
3004 2263 3061 2323 δι
3093 2278 3317 2321 annun-

397 2343 555 2403 ciant
609 2342 932 2403 vniuersale
984 2342 1244 2421 bonum,
1285 2340 1346 2401 id
1387 2352 1506 2414 est,
1548 2343 1746 2403 Deum
1789 2340 1983 2420 ipsum
1998 2388 2014 2413 ,
2055 2351 2121 2401 vt
2160 2340 2515 2419 principium
2555 2344 2610 2402 &
2649 2342 2829 2401 finem
2870 2357 3039 2402 suum
3078 2352 3320 2403 naturae

396 2422 792 2484 ordinatione.
836 2423 1010 2485 loan.
1060 2443 1109 2482 1.
1151 2443 1210 2497 4.
1248 2424 1422 2482 Rom.
1473 2442 1562 2482 11.
1606 2424 1701 2500 36.
1751 2424 1934 2483 Colos.
1983 2443 2035 2482 1.
2082 2439 2175 2499 17.
2213 2423 2388 2483 Rom.
2432 2425 2487 2482 8.
2536 2442 2627 2500 19.

484 2523 571 2562 12.
656 2505 776 2564 Sed
833 2521 970 2563 cum
1033 2502 1180 2563 aliae
1240 2501 1630 2564 vniuersitatis
1689 2511 1884 2580 partes
1943 2501 2211 2594 appetitu
2270 2503 2466 2562 solum
2516 2513 2759 2562 naturae
2800 2518 2904 2563 seu
2941 2500 3319 2564 inclinatione

399 2594 750 2646 moueantur
769 2629 786 2662 .,
827 2583 976 2644 aliae
1015 2581 1289 2662 rationis;
1332 2581 1654 2643 maximum
1693 2583 1792 2643 hic
1831 2581 2150 2643 discrimen
2191 2599 2342 2661 opus
2381 2592 2471 2642 est
2510 2580 2832 2644 obseruari.

483 2682 574 2741 13.
655 2663 950 2724 Naturalis
1009 2661 1170 2722 enim
1227 2662 1520 2755 appetitus
1578 2662 1860 2724 creaturis
1919 2661 2197 2724 omnibus
2260 2661 2505 2723 rationis
2542 2661 2927 2741 expertibuS,·
2954 2660 3221 2724 animatis
3260 2663 3319 2722 &

397 2742 700 2820 inanimis,
759 2743 846 2804 sic
907 2743 1085 2821 inest,
1147 2753 1212 2802 vt
1261 2761 1423 2821 ipsae
1472 2741 1618 2804 nihil
1673 2741 1982 2822 ordinent,
2022 2741 2133 2804 sed
2172 2741 2547 2817 ordinentur;
2594 2762 2717 2802 non
2756 2753 3037 2803 moueant
3079 2761 3173 2820 se,
3214 2742 3321 2802 sed

399 2835 781 2899 moueantur3
821 2842 935 2884 nec
973 2821 1237 2901 singulae
1279 2840 1385 2901 per
1428 2841 1490 2884 se
1529 2823 1609 2883 ad
1645 2825 1876 2884 bonurn
1913 2823 2244 2883 vniuersale
2281 2824 2528 2884 tendant
2568 2822 2759 2900 (quod
2789 2823 2917 2883 sola
2936 2820 3087 2882 ratio
3106 2840 3321 2899 capere

397 2907 614 2982 potest)
675 2905 782 2965 sed
842 2902 902 2963 in
960 2903 1108 2962 fines
1166 2901 1548 2980 particulares
1598 2900 1926 2981 dirigantur
1972 2906 2010 2964 a
2061 2919 2293 2964 summa
2330 2901 2429 2963 illa
2468 2905 2770 2964 voluntate
2806 2901 2951 2980 Dei,
2990 2901 3320 2963 vniuersale

393 2986 622 3045 bonum
663 2986 962 3061 finemque
1001 3001 1075 3044 ex
1112 2981 1226 3043 illis
1264 2981 1712 3061 particularibus
1753 2983 2215 3044 demonstrante.

479 3085 570 3138 14.
651 3063 972 3124 Rationalis
1021 3066 1163 3123 vero
1215 3061 1368 3123 illius
1407 3065 1730 3143 appetitus,
1771 3062 2108 3124 cuiusmodi
2146 3062 2515 3141 Angelorum
2554 3061 2986 3140 hominumque
3028 3070 3147 3140 est,
3180 3079 3321 3121 con-

395 3142 541 3206 ditio
581 3143 748 3205 aliter
785 3163 850 3204 se
890 3144 1103 3222 habet,
1143 3143 1282 3221 quia
1323 3144 1379 3203 &
1419 3142 1670 3205 naturali
1710 3153 1941 3221 praeest
1980 3154 2285 3222 tamquam
2324 3161 2433 3205 suo
2477 3139 2710 3221 comiti,
2752 3145 2809 3204 δι
2830 3159 2997 3202 suam
3016 3144 3320 3218 praeterea

395 3222 750 3303 singularem
791 3223 1112 3302 quamdam
1151 3234 1423 3284 naturam
1463 3224 1662 3284 habet.

484 3320 572 3382 15.
655 3307 854 3381 Atque
893 3303 1042 3364 haec
1082 3302 1390 3383 singularis
1431 3313 1522 3364 eet
1561 3301 1830 3364 conditio
1873 3302 1999 3364 eius
2013 3348 2030 3382 ,
2070 3302 2238 3382 quod
2280 3301 2517 3364 ordinat
2558 3301 2803 3380 quidem
2822 3321 2917 3364 res
2938 3299 3323 3392 particulares

397 3386 684 3462 quasdam
701 3429 718 3463 ,
759 3383 864 3444 sed
903 3384 1246 3463 ordinatuS‚
1289 3387 1344 3446 &
1386 3394 1591 3445 mouet
1629 3403 1692 3444 se
1707 3427 1725 3460 ‚
1765 3385 1871 3444 sed
1913 3393 2110 3445 motus
2149 3387 2187 3443 a
2226 3399 2406 3444 causa
2445 3382 2758 3444 vniuersali
2789 3386 2844 3445 &
2871 3379 3163 3461 principio
3184 3397 3320 3442 suo:

395 3476 666 3542 respectu
716 3467 858 3524 vero
907 3463 1122 3524 summi
1173 3463 1307 3523 finis
1347 3466 1403 3525 &
1442 3462 1781 3525 vniuersalis
1819 3462 1996 3543 boni3
2038 3464 2087 3524 si
2126 3464 2307 3524 finem
2346 3464 2505 3524 hunc
2545 3463 2741 3541 nouit,
2783 3471 3025 3540 propter
3064 3461 3321 3522 eundem

397 3544 544 3624 agit3
606 3545 654 3606 si
711 3563 836 3605 non
891 3542 1085 3618 nouit,
1135 3544 1371 3604 aberrat
1417 3544 1497 3603 ab
1536 3563 1643 3624 eo,
1684 3545 1741 3604 δι
1783 3563 1846 3604 se
1887 3542 2083 3622 perdit
2122 3542 2315 3622 ipsum
2353 3543 2433 3604 ad
2472 3545 2619 3604 fines
2657 3541 3037 3621 particulares
3082 3552 3325 3602 conten-

399 3625 630 3702 dend0‚
671 3627 728 3685 81
769 3623 1252 3700 conquiescendo
1292 3621 1352 3682 in
1395 3622 1496 3684 eiS.
1542 3628 1674 3686 Act.
1721 3641 1811 3699 17.
1857 3627 1948 3684 28.
1994 3627 2095 3684 Ps.
2143 3642 2275 3698 104.
2320 3640 2413 3699 27.

486 3707 573 3764 16.
655 3708 712 3765 A
771 3715 980 3764 natura
1041 3702 1217 3782 igitur
1274 3702 1532 3764 hominis
1591 3705 1689 3764 vel
1735 3713 1939 3764 nostra
1994 3701 2385 3765 certissimum
2424 3713 2514 3764 est
2550 3713 2963 3782 argumentum
2980 3747 2999 3780 ,
3036 3701 3115 3762 ad
3156 3700 3323 3762 illum

398 3785 730 3863 Scripturae
791 3787 970 3845 finem
1029 3781 1529 3844 confirmandum:
1584 3785 1722 3844 cum
1775 3793 1938 3844 recta
1988 3782 2139 3844 ratio
2179 3781 2353 3844 insita
2392 3782 2618 3844 homini
2654 3787 2692 3844 a
2730 3794 2941 3843 natura
2978 3781 3053 3842 sit
3089 3800 3163 3842 ea
3198 3780 3327 3859 ipsa

396 3883 550 3942 quae
589 3867 769 3927 docet
806 3864 1113 3925 hominem
1155 3883 1261 3956 per
1300 3865 1447 3923 fines
1487 3862 1869 3942 particulares
1909 3863 1989 3924 ad
2030 3862 2423 3942 vniuersales‚
2464 3866 2519 3925 &
2538 3865 2617 3924 ad
2638 3881 2937 3924 summum
2958 3861 3123 3922 illum
3144 3871 3326 3940 atque

397 3943 954 4006 vniuersalissimurn
1014 3948 1104 4022 (vt
1155 3955 1236 4004 ita
1285 3942 1575 4018 dicamus)
1629 3943 2025 4024 contendere3
2067 3946 2122 4005 &
2164 3942 2307 4004 nihil
2348 3942 2423 4004 sit
2460 3940 2787 4034 indigniuS,
2827 3945 3008 4021 quam
3047 3941 3191 4003 alias
3232 3961 3325 4002 res

395 4037 621 4086 creatas
661 4035 930 4104 expertes
971 4023 1212 4085 rationis
1251 4025 1325 4084 eo
1364 4034 1574 4084 natura
1613 4023 1872 4102 moueri,
1913 4023 2221 4084 hominem
2260 4021 2491 4084 ratione
2532 4021 2797 4084 minime.

487 4123 571 4176 17.
656 4108 854 4184 Atque
913 4106 1034 4166 hoc
1093 4105 1337 4165 Salomo
1393 4102 1768 4164 confirmauit
1820 4103 2025 4165 dicens
2039 4149 2058 4184 ,
2111 4103 2339 4165 Omnes
2382 4113 2657 4181 operatus
2691 4112 2781 4163 est
2817 4101 3041 4162 Iehoua
3080 4111 3330 4180 propter

396 4205 488 4264 se,
527 4186 824 4263 etiamque
862 4183 1202 4262 improbum
1241 4185 1321 4244 ad
1365 4183 1524 4244 diem
1563 4183 1732 4244 mali:
1774 4187 1959 4244 Prou.
2014 4187 2104 4244 16.
2146 4202 2201 4257 4.
2247 4182 2515 4244 Christus
2560 4182 2769 4262 petiuit
2806 4182 3114 4243 oblaturus
3154 4180 3329 4242 sacri·

397 4265 596 4326 ficium
639 4265 729 4327 sui
771 4264 954 4345 ipsius
992 4266 1126 4325 Deo
1167 4265 1222 4324 81
1263 4264 1455 4356 Patri²
1496 4263 1782 4326 Glorifica
1822 4263 2036 4325 Filium
2077 4273 2243 4325 tuum
2256 4311 2274 4340 ,
2315 4273 2380 4325 vt
2417 4266 2473 4325 &
2516 4263 2697 4324 Filius
2737 4272 2869 4323 tuus
2909 4272 2969 4323 te
3007 4261 3325 4340 glorificet3

399 4347 574 4408 Ioan.
621 4363 713 4422 17.
773 4366 824 4408 1.
875 4353 1102 4424 nosque
1155 4344 1218 4405 in
1266 4354 1486 4406 nostris
1527 4345 1805 4424 precibus
1845 4343 2052 4406 docuit
2090 4355 2217 4406 tum
2256 4342 2453 4424 primo
2494 4345 2633 4406 loco
2676 4344 2733 4405 &
2772 4341 2961 4422 prima
2999 4341 3328 4404 intentione

3090 4433 3324 4502 petere,
