3923 4875
600 4 717 81 42‘8
1664 27 2074 72 rixarum
2139 5 2352 70 ritas
2415 27 2454 71 1.

579 185 801 246 adunat
838 186 1124 266 gratiose,
1165 185 1367 248 animo
1410 187 1804 266 ingratissimo
1846 187 2194 249 diuulserint
2234 199 2414 266 atque
2455 187 2867 266 disperserint:
2913 189 2990 249 Et
3029 186 3170 266 quia
3210 189 3328 249 hoc
3358 199 3514 250 tem-

580 284 732 344 pore
771 267 936 328 Deus
976 264 1037 326 in
1077 267 1417 347 colligendo
1460 267 1831 329 sanctissimo
1872 267 1976 330 illo
2016 287 2273 348 corpore
2289 315 2308 343 ‚
2351 271 2604 347 templo,
2648 269 2706 328 δι
2739 267 2980 329 ciuitate
3001 287 3250 348 operam
3269 286 3524 330 suorum

579 355 867 425 occupat,
922 356 1291 426 quantopere
1343 348 1422 409 ab
1474 346 1543 408 iis
1600 346 1862 409 alienum
1920 349 2026 426 qui
2079 348 2396 410 Christiani
2435 348 2717 425 audiunt,
2759 348 2808 410 si
2851 350 3123 410 membra
3159 367 3313 426 quae
3354 351 3527 410 Deus

578 425 839 486 aduocat
891 425 1309 504 deterruerint‚
1380 446 1533 505 quae
1595 427 1839 489 adducit
1880 428 2248 509 depulerint,
2289 431 2346 490 δι
2385 429 2448 490 in
2483 447 2588 489 eos
2627 428 2744 488 sint
2781 427 2973 505 iniurij
3011 428 3227 507 quibus
3264 428 3519 507 gratiam

576 505 717 566 facit
756 507 952 598 Deus²
994 518 1095 566 aut
1135 527 1271 586 spes
1310 508 1643 568 ostenditur
1683 510 1980 569 facturum
2023 527 2174 570 esse.

665 587 849 662 Quod
904 605 953 646 si
994 587 1143 647 haec
1200 587 1401 648 omnia
1440 590 1537 648 vel
1574 589 1687 648 hac
1730 607 1845 648 vna
1884 589 2138 650 ciuitatis
2177 587 2574 668 appellatione
2610 587 2786 648 nobis
2827 586 3248 666 ostenduntur:
3287 597 3516 665 quanto

581 665 795 745 magis,
836 666 884 726 si
922 665 1000 726 ad
1044 667 1293 727 modum
1332 666 1586 728 ciuitatis
1626 667 1779 729 illius
1819 667 2184 746 venerimus,
2230 669 2542 730 veritatem
2583 668 2832 729 istorum
2879 665 3151 728 omnium
3172 667 3512 746 sentiemus,

579 748 636 807 δι
676 745 939 805 officium
981 744 1282 808 charitatis
1321 747 1861 809 animaduertemus
1901 747 2184 826 praestari
2223 751 2262 808 a
2301 746 2476 810 nobis
2518 742 2840 827 oportere?
2879 747 3038 806 Nam
3080 747 3348 807 Ecclesia
3391 766 3514 808 non

578 825 834 903 quoduis
872 825 1213 887 aedificium
1252 837 1354 887 aut
1392 829 1635 905 vulgare
1676 829 2042 907 appellatur,
2095 827 2202 889 sed
2245 829 2439 906 reipsa
2480 825 3052 906 praestantissimum
3085 829 3177 904 (vt
3215 827 3511 904 sequenti-

580 907 693 966 bus
736 903 930 965 verbis
970 904 1308 984 exponitur)
1350 907 1405 966 δι
1448 907 1735 986 dignitate
1776 909 1922 968 nulli
1960 907 2023 968 in
2065 910 2234 970 caelo
2273 921 2378 970 aut
2417 919 2574 970 terra
2614 907 3121 986 postponendum.
3163 907 3344 967 Hanc
3383 905 3509 984 dig-

582 986 825 1045 nitatem
867 989 955 1060 (vt
991 989 1132 1047 ante
1174 986 1637 1065 perstrinximus)
1679 988 1916 1050 duobus
1958 987 2154 1048 modis
2197 990 2493 1080 Propheta
2533 987 2826 1049 ostendit:
2870 987 3040 1064 quod
3077 997 3166 1048 est
3203 997 3270 1047 vt
3309 985 3517 1048 ciuitas

580 1075 994 1143 coagmentata
1034 1065 1185 1126 inter
1224 1085 1287 1128 se
1330 1068 1611 1128 membris
1644 1067 1861 1146 ἱρείας,
1902 1069 1957 1128 &
1999 1070 2166 1146 quod
2206 1081 2426 1147 pariter
2447 1072 2865 1146 coagmentata
2885 1077 3004 1126 est:
3047 1067 3263 1144 quibus
3283 1065 3514 1128 duabus

582 1146 643 1206 in
684 1145 860 1206 rebus
900 1143 1131 1206 interna
1169 1145 1269 1206 illa
1290 1157 1633 1209 sanctorum
1654 1148 1998 1209 communio
2023 1159 2310 1226 versatur,
2351 1167 2532 1226 quam
2573 1151 2710 1208 ante
2753 1146 3025 1207 diximus,
3083 1149 3239 1207 Nam
3269 1148 3336 1223 (f.
3374 1165 3449 1222 70
3455 1149 3515 1226 5)

587 1225 751 1303 quod
811 1223 1029 1302 pariter
1084 1226 1483 1305 coagmentati
1532 1240 1668 1288 sunt
1716 1229 1817 1306 qui
1865 1229 1927 1288 in
1983 1227 2251 1289 Ecclesia
2307 1239 2476 1306 sunt,
2547 1227 2692 1288 illud
2735 1237 2822 1287 est
2861 1229 2898 1286 ὲ.
2937 1227 3362 1287 communione
3401 1227 3516 1287 Dei

588 1308 644 1367 &
705 1303 921 1365 Christi
976 1307 1397 1367 sanctificantis
1444 1305 1640 1384 ipsos:
1700 1308 1867 1385 quod
1920 1320 2122 1368 autem
2175 1307 2328 1368 inter
2387 1328 2450 1368 se
2491 1306 2891 1386 coagmentati
2930 1317 3066 1366 sunt
3103 1306 3166 1367 in
3209 1325 3309 1383 ea,
3369 1305 3515 1367 illud

587 1383 1023 1446 communionis
1064 1397 1171 1464 est,
1212 1405 1394 1464 quam
1435 1390 1644 1447 colunt
1682 1387 1835 1448 inter
1874 1407 1937 1448 se
1979 1387 2168 1448 sancti
2208 1391 2264 1449 δι
2307 1387 2638 1449 vocationis
2678 1395 2918 1448 sanctae
2957 1384 3018 1444 in
3059 1385 3301 1446 Christo
3342 1385 3516 1464 parti-

588 1465 766 1542 cipes·
809 1465 988 1525 Hanc
1026 1485 1171 1544 ergo
1212 1467 1727 1540 communionem,
1769 1485 1949 1544 quam
1995 1467 2180 1528 sancti
2221 1469 2372 1528 inter
2411 1487 2474 1528 se
2507 1468 2730 1529 habent
2748 1467 2939 1543 intitS,
2981 1467 3037 1526 &
3057 1483 3237 1544 quam
3261 1467 3513 1527 mundus

590 1543 791 1606 videre
850 1563 975 1605 non
1027 1557 1255 1623 potest,
1298 1548 1408 1607 sed
1448 1549 1655 1607 oculus
1692 1548 1811 1608 fide
1850 1557 2134 1626 purgatus
2173 1552 2210 1608 a
2247 1547 2513 1630 Domino
2554 1549 2616 1608 in
2655 1565 2912 1624 corpore
2952 1544 3169 1625 ipsiuS‚
3211 1544 3516 1606 declarant

592 1627 739 1685 haec
780 1627 990 1700 verba:
1030 1634 1097 1687 vt
1129 1628 1336 1686 ciuitas
1377 1647 1527 1704 quae
1565 1636 1968 1703 coagmentata
2007 1631 2261 1688 estinter
2280 1647 2367 1705 se,
2407 1625 2688 1688 nimirum
2709 1625 2991 1688 membris
3013 1625 3133 1686 suis
3147 1672 3166 1702 ,
3207 1645 3282 1686 ex
3299 1625 3512 1703 quibus

592 1715 1009 1782 coagmentata
1048 1717 1152 1766 est.
1195 1707 1379 1783 Quod
1417 1706 1558 1767 item
1599 1707 1675 1767 de
1714 1727 1970 1785 corpore
2010 1709 2066 1768 δι
2104 1706 2288 1768 domo
2330 1707 2620 1768 enuntiari
2661 1707 2873 1767 debet:
2913 1717 3194 1783 tanquam
3233 1706 3284 1766 si
3303 1706 3515 1766 dixeris

595 1783 925 1846 Ecclesiam
960 1787 1101 1846 'esse
1153 1803 1371 1863 corpus
1387 1831 1405 1864 ‚
1456 1786 1621 1865 quod
1670 1787 1836 1847 firme
1886 1788 2314 1865 coagmentatis
2367 1799 2454 1849 est
2491 1786 2645 1848 inter
2683 1806 2748 1848 se
2789 1785 3071 1846 membris
3087 1832 3106 1862 ‚
3144 1787 3238 1846 vel
3271 1785 3517 1846 domum

596 1865 1025 1942 coagmentatis
1066 1865 1289 1942 optime
1332 1865 1615 1945 partibus·

670 1944 866 2004 Huius
920 1957 1119 2006 autem
1173 1946 1701 2025 coagmentationis
1752 1958 2055 2024 respectus
2109 1948 2328 2025 duplex
2368 1957 2477 2009 est.
2531 1948 2684 2006 Nam
2725 1957 2816 2006 est
2853 1945 3294 2022 coagmentatio
3337 1965 3518 2006 mem-

592 2025 837 2084 brorum
893 2043 1033 2084 cum
1088 2041 1196 2085 suo
1247 2026 1473 2104 capite,
1529 2025 1783 2104 partium
1841 2027 2057 2087 domus
2096 2045 2234 2088 cum
2276 2029 2696 2104 fundamento,
2751 2029 2807 2087 &
2850 2024 3160 2103 regionum
3201 2043 3338 2086 cum
3378 2045 3516 2086 arce

592 2103 844 2164 ciuitatis
906 2115 1182 2165 sanctae:
1245 2107 1300 2166 &
1359 2117 1450 2168 est
1509 2108 1835 2168 eorundem
1892 2106 2044 2166 inter
2103 2127 2165 2168 se
2220 2106 2675 2185 coagmentatio.
2738 2105 2838 2165 Ad
2883 2105 3144 2182 priorem
3183 2117 3517 2183 respectum

592 2183 1123 2262 coagmentationis
1164 2185 1265 2246 illa
1302 2188 1485 2248 ferme
1527 2187 1730 2247 omnia
1772 2187 2064 2263 pertinent
2105 2205 2257 2265 quae
2299 2187 2359 2247 in
2400 2204 2636 2247 versum
2677 2184 2933 2263 primum
2953 2182 3029 2244 de
3052 2185 3236 2245 domo
3257 2188 3514 2246 Iehouae

595 2263 964 2325 dicebamus:
1020 2284 1095 2324 ex
1140 2266 1355 2344 quibus
1414 2276 1647 2327 constat
1686 2269 1883 2326 Deum
1925 2269 2118 2345 ipsum
2158 2268 2528 2328 essentialem
2563 2269 2818 2326 formam
2860 2283 2984 2325 esse
3025 2264 3332 2326 Ecclesiae
3373 2283 3514 2326 suae

601 2344 885 2405 relatione
938 2345 1213 2422 gratiosa.
1269 2345 1387 2406 Sed
1440 2346 1579 2423 quia
1630 2365 1755 2407 non
1794 2357 2030 2424 poterat
2069 2347 2228 2424 fieri,
2276 2359 2340 2406 vt
2378 2348 2606 2406 formae
2646 2344 2798 2405 illius
2839 2363 3089 2421 capaces
3131 2346 3512 2406 efficerentur

594 2423 867 2485 homines
917 2436 1163 2505 propter
1212 2424 1490 2487 materiae
1551 2425 2002 2505 ineptitudinem
2037 2431 2198 2503 (nam
2241 2427 2437 2505 potius
2477 2424 2826 2487 conueniret
2865 2424 2986 2502 igni
3035 2442 3176 2485 cum
3217 2444 3406 2504 aqua,
3453 2425 3518 2487 id

596 2516 715 2576 est,
778 2518 1081 2566 creaturae
1121 2506 1219 2567 vni
1261 2525 1400 2567 cum
1440 2508 1652 2581 altera,
1716 2510 1895 2585 quam
1936 2508 2254 2569 conueniat
2295 2520 2598 2568 creaturae
2637 2526 2774 2567 cum
2815 2518 3081 2566 creatore
3121 2524 3230 2565 suo
3245 2551 3264 2581 ‚
3315 2504 3518 2567 finitae

598 2602 735 2645 cum
774 2584 1027 2661 infinito)
1066 2597 1381 2678 propterea
1418 2588 1585 2648 Deus
1622 2586 1719 2647 ille
1759 2589 1815 2648 δι
1856 2598 2024 2665 pater
2064 2587 2296 2648 domini
2335 2587 2521 2648 nostri
2562 2589 2694 2647 Iesu
2738 2584 2956 2647 Christi
2985 2583 3266 2661 singulari
3287 2584 3521 2665 dispen-

599 2663 823 2725 satione
862 2666 1083 2743 gratiae
1122 2666 1280 2727 misit
1320 2668 1505 2727 filium
1546 2685 1750 2744 suum,
1793 2668 1898 2744 qui
1936 2666 2244 2728 materiam
2275 2680 2518 2729 naturae
2557 2676 2795 2726 nostrae
2835 2664 2949 2725 sibi
2968 2678 3322 2739 assumeret,
3360 2678 3424 2726 vt
3445 2664 3506 2725 in

598 2764 668 2805 ea
719 2745 846 2823 ipsa
894 2756 1074 2822 caput
1102 2756 1255 2809 esset
1294 2745 1457 2807 istius
1494 2764 1782 2824 corporus
1796 2791 1814 2820 ,
1855 2747 1912 2806 δι
1949 2746 2100 2825 lapis
2142 2749 2548 2827 ἀκρογωνιαῖος
2584 2746 2752 2807 istius
2793 2744 3042 2820 aedificij
3056 2789 3076 2817 ,
3119 2744 3380 2824 denique
3417 2766 3520 2807 arx

595 2828 652 2886 δι
694 2826 1145 2885 fundamentum
1186 2825 1439 2887 ciuitatis
1484 2826 1681 2901 huius,
1730 2844 1910 2905 quam
1950 2830 2115 2887 Deus
2156 2824 2411 2886 extruxit
2447 2847 2520 2886 ac
2562 2844 2686 2886 non
2719 2828 2927 2886 homo.
2967 2823 3090 2885 Hic
3131 2844 3274 2903 ergo
3295 2826 3518 2903 primus

598 2906 768 2965 locus
800 2905 1331 2983 coagmentationis
1370 2918 1486 2986 est3
1518 2905 1797 2967 nimirum
1837 2908 2006 2984 quod
2047 2906 2314 2969 Christus
2353 2926 2416 2965 se
2455 2904 2721 2966 adiunxit
2758 2904 2964 2984 nobis,
3004 2908 3060 2965 &
3089 2923 3200 2965 nos
3221 2905 3364 2965 item
3385 2905 3516 2981 sibi,

598 2996 663 3045 vt
712 3002 973 3045 essemus
1024 3004 1162 3045 curn
1216 2984 1347 3063 ipso
1388 3004 1602 3064 vnum,
1652 3005 1721 3048 os
1761 3006 1836 3046 ex
1878 2986 2110 3047 ossibus
2149 2986 2306 3061 eius,
2347 2990 2402 3046 δι
2443 3005 2583 3046 caro
2625 3006 2698 3046 ex
2737 3004 2914 3045 carne
2954 2984 3108 3063 eim,
3156 2985 3414 3063 denique
3453 2996 3514 3045 vt

597 3085 673 3126 ex
709 3084 783 3125 eo
826 3076 1018 3125 totum
1060 3083 1279 3143 corpus
1320 3076 1713 3144 congruenter
1752 3077 2238 3143 coagmentatum
2280 3067 2335 3125 δι
2357 3076 2738 3144 compactum
2759 3085 2865 3144 per
2888 3083 3096 3125 omnes
3115 3064 3518 3143 suppeditatas

597 3143 1014 3206 commissuras
1074 3166 1147 3205 ex
1207 3144 1266 3206 vi
1324 3144 1479 3205 intus
1540 3157 1753 3223 agente
1809 3165 1921 3223 pro
1983 3164 2260 3209 mensura
2297 3144 2767 3223 vniuscuiusque.
2795 3142 3046 3205 membri
3085 3144 3513 3205 incrementum

600 3224 794 3301 capiat
847 3224 1086 3302 corpori
1124 3224 1487 3286 conueniens
1532 3227 1613 3287 ad
1653 3226 2080 3288 extructionem
2133 3226 2222 3287 sui
2260 3225 2440 3304 ipsius
2482 3246 2587 3304 per
2628 3225 3009 3303 charitatem,
3051 3227 3272 3301 Ephes.
3313 3245 3370 3299 4.
3419 3226 3513 3287 16.

600 3305 873 3382 Cumque
910 3303 1082 3365 huius
1122 3304 1361 3384 capitis,
1401 3307 1565 3383 quod
1607 3305 1771 3366 dedit
1808 3306 2115 3367 Ecclesiae
2157 3318 2350 3385 pater,
2394 3306 2468 3366 sit
2505 3324 2736 3367 summa
2755 3304 3043 3383 perfectio
3064 3304 3124 3364 in
3147 3324 3241 3379 se,
3283 3322 3514 3365 summa

598 3384 779 3445 virtus
818 3384 879 3444 in
919 3383 1061 3446 alias
1102 3404 1225 3465 rea,
1265 3388 1321 3446 &
1361 3404 1627 3447 summus
1666 3386 1816 3446 ordo
1856 3385 1935 3445 ad
1975 3386 2206 3467 omnia3
2247 3408 2319 3447 ex
2357 3404 2434 3446 eo
2475 3385 2740 3463 sequitur
2781 3384 2950 3462 quod
2985 3384 3129 3445 dicit
3164 3387 3513 3464 Apostolus,

600 3475 778 3548 prout
816 3464 877 3525 in
916 3482 993 3526 eo
1032 3464 1323 3526 inhabitat
1363 3465 1559 3527 omnis
1600 3465 1925 3543 plenitude.
1971 3466 2216 3527 Deitatis
2255 3466 2666 3544 corporaliter,
2706 3466 2788 3524 ita
2829 3483 2939 3525 nos
2985 3464 3046 3523 in
3087 3484 3162 3525 eo
3183 3467 3515 3542 completos

596 3563 744 3622 esse,
787 3545 1023 3606 Coloss.
1068 3565 1125 3607 2.
1166 3566 1225 3624 9.
1272 3566 1365 3607 10.
1406 3547 1461 3606 &
1500 3558 1764 3607 nostram
1806 3544 2151 3607 societatem
2193 3566 2321 3607 esse
2362 3564 2502 3605 cum
2545 3546 2666 3606 filio
2689 3543 2804 3605 Dei
2832 3546 2968 3605 Iesu
2990 3543 3261 3623 Christo,
3304 3545 3359 3604 δι
3379 3563 3516 3605 cum

596 3636 763 3701 patre
802 3624 863 3686 in
905 3624 1055 3703 ipso·
1105 3646 1155 3686 1.
1196 3628 1363 3687 Ioan.
1412 3646 1462 3686 1.
1505 3647 1560 3703 3.

680 3704 774 3764 Ex
834 3704 934 3765 illa
974 3716 1174 3767 autem
1216 3706 1499 3767 societate
1538 3709 1593 3767 δι
1634 3704 2058 3767 communione
2101 3725 2280 3783 quam
2321 3706 2511 3767 sancti
2551 3723 2688 3766 cum
2711 3704 2951 3765 Christo
2971 3703 3196 3765 habent
3211 3748 3229 3783 ,
3270 3702 3519 3765 omnino

598 3784 860 3863 sequitur
912 3786 1095 3845 altera
1148 3787 1295 3845 haec
1346 3786 1715 3847 consociatio
1776 3796 1955 3864 atque
1997 3786 2342 3847 communio
2358 3832 2375 3865 .,
2417 3804 2533 3863 qua
2571 3785 2840 3847 membra
2879 3784 3030 3845 inter
3068 3804 3132 3845 se
3170 3785 3517 3845 consociata

600 3868 656 3926 δι
715 3878 1129 3943 coagmentata
1188 3876 1325 3927 sunt
1377 3864 1501 3926 siue
1559 3870 1647 3942 (vt
1706 3868 1921 3927 Paulus
1975 3866 2236 3943 loquitur
2301 3888 2354 3927 2.
2417 3868 2561 3927 Cor.
2605 3882 2659 3943 5.
2708 3869 2824 3943 15.)
2864 3862 3183 3925 constricta
3223 3863 3512 3925 charitate

604 3944 839 4005 Christi.
883 3944 1037 4005 Nam
1077 3944 1235 4005 idem
1276 3945 1379 4023 qui
1412 3965 1524 4006 nos
1557 3945 1839 4006 adunauit
1883 3946 2025 4025 sibi,
2067 3966 2140 4007 eo
2182 3947 2312 4024 ipso
2353 3946 2516 4023 quod
2559 3946 2790 4006 diuersa
2830 3945 3098 4005 membra
3129 3944 3352 4005 adunat
3371 3944 3514 4019 sibi,

604 4024 813 4085 eadem
854 4023 1003 4085 inter
1044 4022 1106 4085 ξε
1146 4024 1445 4085 adunauit.
1486 4026 1645 4085 Vnio
1685 4043 1824 4086 curn
1863 4026 2103 4088 Christo
2141 4025 2360 4105 primas
2397 4034 2589 4105 tenet,
2631 4029 2684 4086 &
2727 4024 2946 4085 Christi
2964 4023 3275 4163 nobiscunSi
3293 4024 3512 4116 uirtute

3275 4118 3516 4185 prntns3
