3923 4875
589 345 720 404 260.
1549 355 1876 401 musas
1935 355 2579 402 rntonocrcat.

576 519 833 598 vtrobiq.
869 521 1036 580 Deus
1073 529 1165 580 est
1202 517 1264 579 in
1305 517 1632 580 mediatore
1665 515 1926 580 foederis
1964 515 2220 580 Christo.
2280 539 2334 580 2.
2372 521 2445 580 In
2484 517 2677 597 reipsa
2692 564 2708 595 ,
2750 535 2856 580 seu
2897 519 3141 580 materia
3182 519 3498 598 spii-iunii:

572 618 787 677 nempe
845 599 1032 678 gratia
1082 598 1194 660 Dei
1248 597 1486 660 Christo
1499 644 1518 678 ,
1559 602 1616 660 δι
1653 597 1954 660 beneficiis
1994 597 2119 659 eius
2162 598 2373 661 merito
2418 597 2603 679 ipsius
2642 597 2961 677 acquisitis.
3022 599 3317 662 Differunt
3356 603 3500 662 vero

569 679 662 742 his
704 678 1076 758 potissimum
1117 679 1332 741 modis.
1369 681 1419 740 1.
1457 678 1518 740 in
1561 681 1753 740 forma
1791 677 2049 740 externa·
2092 678 2272 758 Signa
2309 678 2469 740 enim
2503 681 2559 740 δι
2580 679 2725 741 ritus
2742 677 2891 740 alios
2911 681 3244 742 habuerunt
3264 692 3464 742 vetera
3483 726 3501 759 ,

569 760 717 821 alios
774 760 1001 821 habent
1054 775 1232 820 noua.
1297 779 1352 822 ο.
1411 759 1475 820 in
1527 757 1981 820 circumstantiis
2042 779 2094 820 1.
2135 761 2421 821 Numero.
2486 760 2643 820 Nam
2683 761 3065 821 Sacramenta
3106 761 3185 820 N.
3224 763 3301 822 T.
3338 761 3463 823 duo
3478 805 3497 840 ,

569 849 706 900 sunt
719 885 734 912 ,
789 852 905 902 nec
955 841 1156 919 plura3
1207 836 1443 900 Veteris
1495 843 1639 902 vero
1691 841 1926 900 fuerunt
1965 840 2152 918 plura.
2200 859 2254 900 2.
2291 838 2355 900 in
2393 839 2581 901 modo
2618 838 3011 919 significandi.
3072 841 3294 902 Nostra
3336 839 3495 902 enim

569 919 848 999 liquidius
905 918 1180 998 gratiam,
1240 917 1540 982 Christum
1601 919 1658 980 ὅτ
1717 919 1842 981 eius
1881 918 2173 980 beneficia
2210 929 2679 998 repraesentant:
2722 919 2823 980 illa
2861 919 3173 980 obscurius
3195 965 3214 998 ,
3255 919 3359 980 illa
3398 939 3491 982 res

571 997 934 1062 exhibendas
993 998 1462 1078 adumbrabant,
1521 1009 1724 1062 nostra
1765 1003 1909 1061 vero
1949 1017 2045 1060 res
2084 997 2204 1060 iam
2244 998 2535 1061 exhibitas
2574 999 2923 1078 significant.
2964 1017 3023 1077 3.
3063 999 3127 1060 in
3163 999 3499 1062 duratione.

571 1081 680 1142 Illa
717 1079 878 1141 enim
917 1089 1084 1140 erant
1121 1079 1507 1158 temporaria,
1548 1096 1702 1158 quae
1741 1081 2058 1158 propterea
2096 1081 2341 1141 vmbrae
2381 1095 2578 1141 rerum
2617 1079 2947 1140 futurarum
2988 1097 3219 1140 cessare
3258 1078 3499 1142 Christo

571 1159 842 1222 veniente
902 1159 1223 1222 debebant.
1282 1161 1500 1220 Nostra
1553 1163 1696 1222 vero
1737 1169 1872 1220 sunt
1911 1167 2230 1238 perpetua,
2271 1175 2425 1238 quae
2466 1171 2529 1220 vt
2568 1157 2871 1221 Christum
2908 1157 3237 1222 exhibitum
3278 1179 3504 1240 reprae-

569 1238 860 1302 sentantia
897 1240 976 1300 ad
1016 1239 1596 1302 consummationem
1633 1237 1818 1301 seculi
1855 1255 2045 1317 vsque
2085 1237 2403 1301 durabunt.
2443 1259 2502 1314 4.
2541 1237 2605 1300 in
2644 1237 2991 1300 extensione
3004 1283 3021 1318 ,
3060 1240 3221 1318 Quia
3260 1239 3363 1301 illa
3381 1241 3503 1302 fere

567 1321 711 1383 solis
773 1318 1104 1381 Abrahami
1159 1319 1412 1398 posteris
1470 1330 1637 1382 erant
1684 1319 1950 1382 instituta
1966 1362 1985 1398 ,
2024 1319 2178 1379 haec
2218 1323 2364 1380 vero
2403 1319 2483 1381 ad
2520 1329 2715 1382 totam
2754 1318 3131 1381 Catholicam
3172 1319 3505 1382 Ecclesiam

647 1399 866 1462 rtinent
903 1399 967 1460 in
1005 1399 1194 1460 terris.

567 1420 682 1540 per
692 1500 746 1542 2.
828 1479 985 1542 Cum
1041 1483 1246 1542 autem
1299 1479 1375 1541 N.
1413 1482 1489 1540 T.
1541 1479 1642 1541 illa
1701 1487 1932 1540 tantum
1972 1477 2091 1538 sint
2128 1497 2268 1540 vera
2306 1481 2365 1540 δι
2404 1478 2665 1558 legitima
2704 1479 3092 1540 Sacramenta
3106 1523 3123 1558 ,
3165 1495 3322 1558 quae
3362 1490 3501 1542 sunt

564 1559 940 1623 ceremoniae
976 1559 1402 1621 institutionem
1441 1559 1662 1622 Christi
1697 1559 1985 1620 habentes
2025 1567 2309 1636 tanquam
2348 1559 2615 1638 regulam
2638 1557 3043 1620 formatricem
3065 1557 3503 1653 praescriptam

569 1641 682 1702 toti
737 1637 1042 1702 Ecclesiae
1102 1657 1242 1701 cum
1303 1639 1534 1700 annexa
1591 1637 1987 1719 promissione
2036 1637 2262 1730 gratiae
2314 1639 2743 1718 Euangelicae:
2784 1657 2859 1700 ac
2895 1637 2958 1698 in
2998 1638 3219 1700 nostris
3258 1641 3505 1717 quidem

569 1719 962 1782 Sacramentis
1021 1719 1351 1798 (Baptismo
1409 1723 1466 1781 δι
1517 1717 1910 1795 Eucharistia)
1964 1718 2105 1779 solis
2144 1717 2260 1780 hae
2300 1717 2675 1780 conditiones
2720 1717 3116 1797 reperiantur,
3156 1719 3220 1780 in
3260 1718 3503 1798 reliquis

573 1805 716 1862 vero
779 1797 1224 1863 Pontificiorum
1283 1798 1546 1877 quinque
1607 1798 1876 1877 minime,
1938 1815 2065 1859 non
2102 1796 2397 1861 immerito
2438 1798 2900 1878 Poenitentiam,
2940 1799 3471 1861 Confirmationem
3487 1844 3504 1879 ,

568 1879 930 1942 Vnctionern
999 1889 1302 1972 externam
1316 1924 1333 1959 ,
1403 1879 1696 1942 Ordinem
1758 1877 2239 1940 Ecclesiasticum
2252 1925 2271 1959 ,
2336 1877 2783 1941 Matrimonium
2844 1899 2919 1940 ex
2978 1879 3495 1942 sacramentorum

569 1978 820 2022 numero
859 1975 1273 2039 expungimus.

1124 2385 1196 2445 L.
1276 2329 1410 2446 D⁹E
1469 2381 2255 2446 SACRAMENTIS
2314 2382 2426 2445 IN
2484 2383 2943 2446 GENERE.

1547 2576 1878 2623 THBSES
1939 2576 2537 2625 annuetucan.

669 2740 890 2819 Quum
949 2740 1172 2807 Satan
1187 2790 1205 2818 ,
1262 2740 1516 2807 salutis
1575 2752 1848 2807 nostrae
1907 2742 2183 2808 iuratus
2246 2741 2457 2807 hostis
2476 2792 2491 2819 ,
2542 2762 2887 2825 nunquam
2932 2742 3160 2825 magis
3206 2742 3503 2807 sae-uitat

567 2836 769 2916 quam
813 2832 996 2897 inter
1029 2831 1275 2919 fideles
1294 2881 1311 2910 ,
1351 2854 1681 2917 nusquam
1717 2834 2067 2917 operosius
2090 2834 2402 2899 insaniat
2420 2836 2623 2917 quam
2644 2833 2722 2898 in
2745 2834 3203 2898 Sacramentis
3222 2882 3239 2911 ‚
3263 2844 3503 2917 operae

562 2924 862 3007 pretium
918 2924 1057 2989 erit
1070 2973 1088 3001 ,
1144 2923 1392 2989 detecto
1449 2945 1760 2990 errorum
1795 2927 1960 3007 suco
1981 2974 1998 3003 ,
2046 2926 2298 2991 nudam
2334 2924 2693 2990 veritatem
2737 2924 3000 2990 intueri
3014 2974 3032 3002 ,
3080 2935 3157 2990 vt
3194 2936 3328 3009 per
3376 2924 3503 2989 Sa-

568 3025 910 3080 cramenta
927 3065 944 3093 ,
994 3014 1186 3081 verbi
1225 3014 1626 3099 appendices
1641 3066 1657 3095 ,
1705 3016 1780 3082 in
1813 3016 1960 3103 fide
1982 3016 2375 3104 confirmati
2385 3066 2403 3093 ,
2440 3012 2791 3082 Christum
2816 3036 2965 3080 cum
2988 3022 3130 3081 suis
3160 3016 3503 3102 beneficiis

561 3106 746 3171 nobis
788 3106 1242 3190 applicemus:
1285 3116 1352 3171 et
1395 3108 1496 3171 ita
1530 3107 1959 3191 palmarium
2004 3108 2187 3193 quod
2224 3106 2412 3181 nobis
2460 3106 2682 3173 Satan
2724 3106 2989 3191 eripere
3032 3118 3317 3173 conatur
3338 3157 3353 3184 ,
3382 3106 3503 3172 illi

563 3198 954 3283 eripiamus.
1003 3196 1113 3263 Ac
1153 3196 1464 3282 priQO
1506 3220 1794 3284 agamus
1838 3198 1918 3264 de
1964 3200 2267 3277 nmine‚·
2312 3198 2597 3265 secunde
2640 3198 2722 3264 de
2765 3220 2837 3264 re
2880 3198 3056 3283 ipsa.

1821 3388 2151 3449 Tunsrs
2208 3388 2260 3449 I.

644 3561 834 3625 Vocis
890 3562 1254 3624 Sacramenti
1306 3566 1642 3638 πολυσημια
1696 3582 1770 3623 ex
1819 3561 1953 3623 finis
2005 3564 2427 3625 obseruatione
2466 3561 2634 3624 duxit
2679 3560 2993 3641 originem.
3035 3562 3297 3640 Qualem
3340 3562 3501 3623 enim

568 3642 916 3705 indicabant
955 3642 1254 3723 Theologi
1293 3641 1472 3703 fnisse
1511 3644 1693 3703 finem
1725 3641 2075 3705 institutoris
2090 3689 2109 3723 ,
2148 3645 2245 3705 vel
2286 3642 2373 3703 rei
2412 3642 2711 3705 institutae
2744 3642 3021 3704 effectum
3043 3642 3225 3703 talem
3243 3642 3503 3704 nominis

565 3740 804 3785 sensum
843 3725 1156 3786 finxerunt.
1197 3722 1378 3784 Vnde
1416 3724 1636 3783 facturn
1675 3733 1766 3784 est
1783 3769 1801 3801 ,
1845 3734 1906 3785 vt
1945 3724 2392 3785 Sacramentum
2427 3722 2743 3803 dupliciter
2781 3720 3216 3785 consideretur:
3258 3722 3503 3785 Politice

569 3804 666 3865 vel
723 3802 1160 3866 Ecclesiastice.
1220 3802 1562 3865 Secundum
1613 3802 1867 3882 primam
1914 3803 2325 3883 acceptionem
2374 3802 2588 3881 ἔτυμον
2630 3802 2692 3864 in
2731 3821 2796 3864 re
2836 3802 2997 3864 ciuili
3034 3800 3249 3863 dicitur
3284 3805 3325 3862 a
3363 3802 3505 3864 loco

565 3902 768 3964 sacro,
805 3884 868 3945 in
909 3901 1032 3962 quo
1075 3884 1484 3963 deponebatur
1520 3881 1876 3963 litigantium
1917 3884 2204 3964 pecunia,
2227 3898 2486 3963 quorum
2512 3882 2754 3945 vincens
2776 3898 2944 3944 suam
2963 3884 3295 3961 auferebat,
3318 3880 3508 3944 victus

563 3980 734 4027 suam
777 3964 1004 4025 aerario
1044 3963 1432 4043 relinquebat.
1471 3964 1586 4024 Vel
1624 3964 1684 4024 in
1725 3983 1790 4025 re
1831 3962 2107 4025 militaria
2146 3966 2475 4025 iuramento
2517 3982 2628 4040 per
2666 3964 2919 4024 Sacrum
2944 3962 3233 4041 quiddam
3254 3982 3339 4023 sc.
3365 3964 3505 4024 cum

567 4042 782 4105 milites
825 4041 1102 4105 sacrandi
1143 4042 1490 4123 obligabant
1527 4062 1592 4105 se
1634 4043 1774 4105 duci
1815 4060 1954 4125 suo,
2000 4044 2244 4123 eiusque
2282 4042 2533 4122 insignia
2572 4043 2899 4105 induebant
2912 4087 2933 4122 ,
2972 4062 3081 4121 per
3120 4059 3277 4121 quae
3306 4045 3347 4102 a
3378 4042 3505 4103 reli·

569 4122 702 4203 quis
752 4122 1257 4187 discernebantur.
1307 4138 1431 4202 quo
1484 4141 1660 4185 sensu
1697 4126 2016 4187 voluerunt
2074 4123 2375 4203 Theologi
2414 4124 2865 4186 Sacramentum
2882 4168 2901 4201 ,
2944 4132 3152 4184 notam
3192 4140 3323 4183 esse
3337 4167 3356 4202 ,
3396 4140 3504 4201 per

570 4222 752 4283 quarn
792 4208 833 4265 a
871 4204 1110 4344 religuis
1151 4204 1406 4265 Satanae
1443 4204 1762 4285 synagogis
1803 4220 2167 4284 separamur.

649 4304 704 4346 2.
784 4286 977 4345 Secun
1021 4287 1124 4345 um
1161 4282 1550 4363 posteriorem
1587 4284 1902 4363 dupliciter
1939 4284 2137 4346 denuo
2177 4282 2602 4345 consideratur.
2646 4282 2939 4363 Opposite
2978 4300 3063 4343 sc.
3108 4283 3249 4343 cum
3269 4300 3496 4344 nomen

569 4362 900 4425 attribuitur
939 4364 1170 4425 tantum
1209 4363 1379 4443 signo
1419 4374 1520 4425 aut
1559 4362 1791 4443 signato
1829 4382 1938 4443 per
1978 4364 2427 4443 synecdochen,
2470 4373 2535 4425 vt
2572 4366 2776 4425 Patres
2816 4361 3082 4443 plerique
3102 4359 3493 4505 ὲῗοιιιξιωεῖιιιέε

591 4475 602 4485 ·
3064 4462 3105 4506 v
3200 4460 3237 4503 a
3372 4458 3413 4501 u
3480 4486 3501 4524 ,
