3923 4875
584 333 705 392 340

579 501 745 559 lares
800 499 1299 558 determinationes
1332 497 1647 556 conditioni
1670 505 2072 576 personarum
2117 515 2372 573 quarum
2415 497 2559 556 bono
2584 497 2828 574 fertur,
2871 514 3077 556 rerum
3120 499 3520 572 negotiontm-

582 609 651 652 ve
694 589 763 650 de
807 589 1021 666 quibus·
1054 587 1259 657 fertur
1276 632 1295 667 ,
1342 589 1421 648 δι’
1466 591 2049 735 circumtantiarurni
2069 607 2235 734 Ιᾳὶιαε
2279 588 2362 647 eis
2405 587 2678 648 accidunt
2717 588 3128 648 accommodas.

668 761 916 820 Harum
960 761 1153 834 legum
1180 761 1516 839 perfectum
1560 760 1878 839 exemplum
1923 766 2014 820 est
2051 763 2114 820 in
2159 761 2286 833 lege
2329 759 2541 819 Mosis.
2597 759 2764 820 Nam
2785 761 2968 836 legem
2991 761 3325 820 naturalem
3333 769 3529 840 prae·

578 855 753 930 ceptis
806 852 1125 912 moralibus
1144 897 1160 930 ,
1221 852 1484 912 diuinam
1528 851 2000 912 ceremonialibus
2044 852 2333 912 adiunctis
2377 851 2466 910 ad
2503 850 2838 911 documenta
2871 853 3120 926 gratiae
3138 896 3156 931 ‚
3201 851 3522 912 humanam

574 945 827 1022 politicis
871 945 950 1004 &⁴
994 943 1363 1004 iudi'ci'alibus
1406 943 1755 1004 declarauit.

670 1115 769 1176 Dn:
815 1116 1091 1175 naturali
1131 1116 1210 1175 δι’
1252 1115 1457 1176 diuina
1504 1117 1631 1190 lege
1650 1115 1807 1176 inter
1828 1030 2023 1176 bonosI
2040 1027 2123 1173 ξ’
2141 1113 2283 1193 pios
2313 1116 2610 1188 conuenit:
2633 1132 2887 1192 quarum
2918 1119 3190 1173 neutram
3194 1121 3396 1194 potest
3410 1125 3518 1196 op-

562 1215 845 1288 pugnare
888 1208 1194 1285 quisquam
1228 1207 1351 1267 sine
1370 1208 1778 1282 indignissima
1798 1209 1863 1268 in
1883 1206 2102 1283 Deum,
2133 1210 2435 1284 naturam,
2475 1222 2687 1285 omnes,
2721 1205 2974 1282 adeoque
2992 1207 3239 1284 seipsum
3260 1207 3513 1270 iniuria.

662 1377 721 1438 D
737 1395 777 1437 Ε
820 1377 1077 1439 humana
1120 1379 1245 1452 lege
1289 1379 1368 1438 δι’
1402 1293 2110 1457 iudicialibuspraecefftis
2131 1375 2326 1436 Mosis
2347 1378 2596 1437 variant
2613 1379 2956 1437 sententiae:
2987 1379 3129 1454 quia
3156 1377 3387 1456 iudicijs
3407 1379 3518 1439 hu·

576 1471 765 1530 manis
802 1475 1226 1546 contemperata
1260 1473 1433 1541 sunt‚·
1451 1467 1709 1528 humana
1730 1475 1920 1530 autem
1940 1469 2159 1529 iudicia
2180 1486 2360 1544 neque
2374 1486 2450 1527 ex
2471 1468 2857 1528 communibus
2872 1468 3185 1546 principijs
3207 1472 3520 1531 conclusio·

576 1579 707 1631 nes,
732 1578 911 1637 neque
931 1579 1007 1620 ex
1028 1560 1439 1620 conditionibus
1446 1561 1923 1638 particularibus
1944 1561 2214 1634 singulas
2237 1558 2738 1619 determinationes
2758 1561 2983 1636 iustas,
3000 1578 3193 1620 omnes
3205 1605 3223 1639 ,
3244 1563 3477 1621 omnino
3493 1607 3515 1642 .,

576 1655 733 1712 omni
771 1659 1023 1732 tempore
1064 1651 1153 1710 ad
1183 1655 1375 1712 omnia
1383 1658 1640 1731 possunt
1658 1653 1977 1732 conficere,
2002 1658 2112 1711 aut
2130 1652 2281 1711 alios
2306 1651 2662 1730 conficientes
2684 1650 3156 1711 animaduertere
3179 1649 3252 1733 (f.
3284 1673 3310 1712 1
3323 1655 3408 1726 48
3418 1647 3515 1740 5).

668 1823 758 1882 Ac
802 1823 1105 1884 iudicialta
1148 1823 1373 1900 quidem
1399 1829 1725 1902 praecepta
1768 1822 1961 1884 Mosis
1983 1739 2282 1903 {rli'nctpio
2326 1822 2450 1882 siue
2492 1828 2730 1882 auctore
2774 1823 2979 1884 diuina
3021 1829 3192 1882 sunt:
3233 1823 3342 1883 sed
3363 1843 3518 1902 quae

578 1915 853 1974 dicuntur
896 1915 967 1974 de
1009 1914 1279 1974 humanis
1320 1914 1542 1990 legibus
1556 1958 1574 1994 ,
1608 1915 1898 1993 pleraque
1941 1914 2031 1973 ad
2075 1913 2268 1974 Mosis
2311 1913 2612 1975 iudiciales
2641 1916 2962 1993 pertinent,
2992 1916 3134 1992 quia
3153 1914 3264 1975 has
3285 1916 3514 1992 quidem

578 2007 719 2067 tulit
756 2009 877 2086 ipse
921 2005 1093 2066 Deus
1108 2049 1127 2085 ‚
1172 2007 1285 2066 sed
1318 2009 1407 2068 ita
1446 2011 1513 2066 vt
1554 2011 1745 2068 tamen
1788 2006 1954 2066 modo
1997 2005 2249 2066 humano
2289 2007 2426 2066 sint.

664 2177 899 2237 Etenim
952 2195 1144 2236 omnes
1200 2177 1313 2238 hae
1369 2179 1524 2253 leges
1568 2184 1809 2257 partem
1849 2181 1949 2238 sui
1952 2091 2397 2238 Xinlissutabilem
2441 2176 2722 2256 obtinent,
2753 2183 3104 2256 partemque
3146 2178 3474 2239 mutabilem
3484 2199 3516 2254 ,·

571 2269 740 2329 illam
781 2276 1035 2345 semper,
1078 2267 1231 2328 hanc
1274 2269 1564 2331 interdum
1607 2269 1913 2330 secundum
1938 2278 2236 2349 personas
2252 2313 2272 2348 ,
2316 2271 2550 2344 negotia
2568 2313 2588 2348 ,
2637 2269 2716 2330 ἐν
2759 2271 3228 2338 circumstantias
3265 2288 3361 2331 eos
3404 2274 3516 2350 qui

574 2361 820 2422 subsunt
857 2359 1224 2435 obligantcm.

663 2532 1011 2593 Inmutabile
1075 2537 1165 2591 est
1176 2574 1193 2608 ‚
1255 2532 1535 2609 quicquid
1579 2534 1811 2593 ratione
1868 2446 2044 2592 uzal
2063 2446 2426 2591 1o÷92117inatum
2471 2539 2558 2593 est
2601 2532 2690 2591 ad
2739 2551 3027 2593 commune
3071 2532 3274 2591 bonmn
3319 2534 3396 2592 ab
3441 2553 3512 2595 eo

578 2626 740 2686 cuius
782 2630 872 2685 est
917 2624 1271 2702 auctoritas,
1302 2623 1608 2684 secundum
1636 2628 1905 2703 sormam
1948 2624 2202 2683 rah'onis
2243 2622 2404 2683 i'llius
2445 2628 2718 2685 aeternae
2734 2668 2753 2704 ,
2798 2640 2974 2702 quam
3017 2622 3398 2685 adumbrauit
3434 2628 3505 2685 in

572 2722 799 2778 natura
814 2760 834 2797 ,
880 2721 990 2776 aut
1028 2716 1093 2777 in
1136 2714 1310 2776 verbo
1355 2718 1648 2794 expressit
1696 2716 1885 2778 Deus.

664 2887 751 2949 Id
786 2886 973 2947 tribus
1014 2886 1201 2947 modis
1243 2887 1638 2963 cognoscimus
1654 2932 1673 2967 ,
1704 2801 2015 2967 princtpxioI
2025 2801 2065 2965 ,I
2081 2799 2330 2966 {bliectm
2377 2886 2458 2947 ἂν
2487 2888 2618 2967 fine
2657 2884 2840 2945 illius.

660 3058 965 3136 Principio
1007 3059 1105 3119 vel
1145 3056 1530 3132 fundamento
1574 3060 1878 3119 secundum
1919 2969 2182 3134 soz-gam
2229 3060 2482 3119 rationis
2527 3056 2800 3117 aeternae
2837 3063 2926 3117 est
2943 3056 3284 3118 ordinatum
3300 3103 3318 3138 ,
3341 3063 3514 3137 quic-

570 3150 721 3229 quid
770 3168 847 3209 ex
882 3149 1198 3228 principtjs
1242 3152 1283 3209 ὰ
1326 3155 1551 3209 natura
1594 3150 1797 3212 inditis
1840 3157 1950 3211 aut
1991 3152 2032 3209 ὰ
2075 3149 2211 3211 Deo
2246 3150 2527 3209 reuelatis
2557 3150 2720 3227 pure
2767 3148 3132 3209 concluditur
3145 3166 3170 3210 .·
3213 3156 3279 3210 vt
3318 3150 3508 3213 Deut.

576 3260 607 3301 2
622 3261 680 3302 2.
727 3259 901 3318 quum
947 3240 1279 3321 aedificabis
1322 3241 1532 3301 donum
1574 3262 1788 3302 nouam
1828 3236 2136 3327 (nimirum
2180 3259 2255 3301 ex
2298 3258 2406 3301 vsu
2451 3236 2688 3321 Syriae)
2733 3245 2854 3300 tum
2871 3240 3073 3317 facies
3107 3242 3511 3304 loric-ationem

572 3332 661 3391 ad
697 3338 901 3392 tectum
947 3337 1106 3391 mum
1121 3376 1141 3408 ,
1187 3337 1255 3392 vt
1291 3338 1521 3393 reatum
1567 3335 1875 3410 sauguinis
1918 3352 2034 3393 non
2079 3334 2344 3411 imponas
2388 3330 2584 3392 domui
2625 3337 2780 3391 tuae.

674 3498 902 3565 Obiecto
944 3505 1029 3562 sic
1070 3502 1407 3563 ordinatum
1449 3510 1540 3564 est
1553 3550 1573 3585 ,
1609 3505 1889 3583 quicquid
1923 3418 2262 3565 {gistum
2303 3504 2732 3581 legitimumque
2774 3502 3046 3563 obiectum
3083 3504 3328 3564 actionis
3371 3504 3506 3579 lege

575 3594 897 3671 imperatae
948 3594 1218 3675 respicit.-
1260 3601 1327 3655 vt
1367 3594 1552 3658 Deut.
1606 3616 1709 3672 24.
1734 3616 1806 3657 ne
1847 3594 2198 3677 afficiuntor
2239 3601 2426 3656 morte
2453 3602 2670 3673 putres
2704 3602 2833 3675 pro
2845 3594 3005 3675 filiis
3021 3638 3040 3674 ‚
3085 3613 3187 3656 nec
3215 3594 3347 3675 filij
3383 3602 3508 3673 pro

572 3685 848 3762 patribus
888 3682 1241 3767 afficiuntor
1283 3691 1488 3749 morte.

671 3858 823 3918 bine
854 3858 939 3917 sic
962 3856 1300 3916 ordinatum
1322 3863 1440 3929 est,
1481 3860 1761 3937 quicquid
1775 3859 1863 3919 ad
1876 3773 2147 3919 εἷπῖίιῖπξ
2156 3818 2490 3936 ‘tusamque
2497 3859 2684 3937 finem
2705 3856 3010 3919 secundum
3035 3856 3288 3917 eamdem
3310 3864 3502 3917 aeter·

568 3968 707 4009 nam
750 3950 1062 4026 rationem,
1110 3949 1270 4007 velut
1310 3950 1650 4010 catholicam
1694 3952 1984 4027 regulam,
2030 3951 2342 4011 contendit:
2366 3956 2434 4010 vt
2449 3948 2632 4012 Deut.
2670 3970 2696 4009 1
2710 3970 2771 4028 9.
2817 3950 3019 4010 vnicus
3043 3950 3202 4009 testis
3222 3952 3284 4009 in
3306 3968 3508 4025 quem-

567 4059 744 4117 quam
782 4060 854 4099 ne
874 4042 1108 4114 surgito
1114 4048 1242 4118 pro
1265 4040 1577 4117 iru'quitate
1597 4044 1756 4122 vlla,
1790 4049 1900 4101 aut
1909 4050 2030 4120 pro
2042 4047 2283 4121 peccato
2307 4042 2422 4101 vllo
2438 4060 2462 4099 .·
2485 4060 2620 4101 nam
2640 4043 2781 4119 finis
2803 4048 2920 4115 est,
2954 4046 3022 4099 vt
3037 4041 3194 4100 vitae
3214 4040 3508 4100 humanae

566 4132 854 4192 habeatur
874 4133 1037 4191 ratio
1056 4131 1509 4206 diligentissime,
1525 4152 1625 4194 nec
1640 4153 1894 4212 vnquam
1909 4135 2029 4193 nisi
2047 4138 2205 4193 certo
2219 4134 2637 4210 exploratoque
2655 4134 2868 4193 iudicio
2890 4132 3160 4209 cuiquam
3175 4131 3503 4192 adimatur.

661 4250 787 4363 His
830 4302 1018 4363 tribus
1061 4304 1356 4363 momentis
1397 4305 1744 4382 expenditur
1788 4219 2027 4382 51)εέξεῖ
2042 4219 2269 4383 ledam,
2323 4308 2520 4363 vtrum
2563 4306 2741 4365 bonae
2785 4306 2908 4366 sint
2947 4320 3049 4362 nec
3092 4322 3197 4363 ne:
3246 4304 3324 4363 ἂν
3369 4322 3500 4363 cen-

572 4398 779 4454 sentur
822 4394 1001 4454 bonae
1015 4437 1034 4473 ‚
1082 4410 1232 4470 quae
1277 4396 1403 4454 tria
1447 4396 1587 4455 haec
1631 4398 1971 4458 coniunctim
2015 4396 2304 4468 obtinent,·
2349 4396 2540 4455 malae
2559 4442 2577 4476 ‚
2621 4414 2772 4475 quae
2815 4394 3207 4455 destituuntur
3251 4396 3348 4454 vel
3385 4413 3499 4455 vno

3257 4488 3496 4546 iliorum
