3923 4875
526 0 643 62 478
1575 0 2000 44 nutet-1101
2062 1 2273 43 PARS
2336 1 2418 44 11.

529 179 769 224 morum
812 159 1135 240 praecipite
1176 160 1580 254 vehementia3
1628 161 1735 224 sed
1784 160 2108 224 commoda
2145 161 2408 256 quadam
2445 165 2502 223 δι
2539 161 2878 254 composita
2919 161 3147 224 ratione
3177 163 3336 224 vitae
3371 183 3470 226 res

530 259 667 306 suas
726 241 1040 303 instituant
1094 261 1298 303 coram
1350 241 1637 304 Domino.
1678 240 2062 321 Compositus
2099 253 2191 304 est
2227 239 2702 304 Christianorum
2733 241 2990 319 animus,
3029 253 3258 306 nates
3295 263 3466 306 oom-

530 323 797 402 positae.
862 341 939 383 ex
976 321 1227 414 quibus·
1234 321 1427 383 studia
1442 367 1459 400 ,
1520 340 1855 400 sermones,
1914 332 2194 399 conatus,
2233 321 2502 385 actiones
2537 323 2808 384 eiusdem
2847 324 3012 386 modi
3051 323 3468 386 informantur.

534 404 659 480 Qui
698 421 873 466 secus
908 403 1134 464 faciunt
1147 446 1167 481 ,
1210 400 1247 478 ij
1288 403 1501 464 eadem
1541 421 1747 480 opera,
1786 401 1970 482 patris
2007 369 2258 464 familias
2293 406 2332 464 a
2369 419 2494 481 quo
2525 420 2750 497 sumus,
2773 403 2984 482 capitis
3003 425 3080 466 ex
3096 421 3220 482 quo
3239 421 3468 484 sumus,

534 483 774 576 spiritus
828 501 951 575 per·
978 501 1163 562 quem
1194 499 1397 544 sumus
1436 485 1492 545 δι
1526 483 1827 545 Ecclesiae
1864 481 2248 544 habitationis
2275 483 2612 546 communis
2647 493 2920 563 nostrae,
2970 483 3032 545 in
3071 501 3194 563 qua
3227 502 3464 578 sumna,

532 561 1175 704 ιιιίοιιοιιιᾶνὶὀεέιιιι
1226 561 1543 704 οῗςϋςοιε.
1627 565 1805 625 Haec
1840 573 2040 625 autem
2079 563 2128 624 si
2165 561 2503 642 negligunt,
2561 581 2744 644 quam
2783 564 3078 627 rationem
3115 564 3338 628 babere
3371 563 3464 627 sui

530 665 549 704 ι
662 661 797 706 mm
880 662 1013 704 icen
1058 663 1079 704 ι
1110 653 1247 704 sunt

550 663 808 816 psxtque
846 725 961 785 hae
1001 721 1243 816 quidem
1283 722 1552 786 actiones
1593 723 1643 784 si
1682 722 1907 786 iudicio
1944 733 2156 785 nostro
2193 732 2296 785 aut
2327 721 2554 786 viribus
2574 727 2612 786 a
2631 723 2808 786 nobis
2826 721 3220 788 instimendae
3247 737 3464 804 esent,

526 803 782 883 pessime
822 808 964 865 sane
1004 802 1323 865 nobiscum
1354 813 1653 882 ageretur.
1696 806 1833 865 cum
1854 817 2052 882 neque
2071 813 2235 866 certa
2251 821 2456 866 aarum
2475 801 2812 866 rudimenta
2829 803 3180 866 informata
3163 825 3226 866 m
3243 805 3462 868 nostris

532 884 829 947 mentibus
870 885 1197 946 habeamus
1210 927 1229 964 ,
1268 902 1465 962 neque
1507 885 1849 946 facultatem
1888 886 1986 946 vel
2025 904 2099 946 ea
2137 884 2264 978 ipsa
2301 885 2636 962 praestandi
2659 903 2830 977 ‚quae
2869 903 2982 946 nos
2999 885 3182 948 dooet
3217 887 3320 948 lux
3359 905 3462 948 na-

530 963 733 1026 turalis
772 961 1199 1028 conscientiae.
1260 963 1673 1040 Quamobrem
1714 963 1952 1026 tertium
1991 965 2191 1028 illud
2173 985 2238 1026 in
2275 965 2391 1026 hac
2409 964 2776 1027 sanctissima
2813 965 3244 1028 communione
3279 965 3460 1029 nobis

529 1055 657 1106 erat
696 1042 1241 1136 pernecessarium.
1284 1063 1503 1122 nempe
1540 1055 1606 1106 vt
1648 1043 2003 1138 principium
2045 1055 2313 1120 certum,
2351 1065 2426 1106 ac
2469 1045 2864 1123 immutabile,
2903 1046 2962 1104 δι
2979 1057 3190 1123 typum
3205 1064 3460 1126 operum

530 1135 872 1187 nostrorum
914 1123 1213 1188 Dominus
1256 1125 1595 1186 exhiberet.
1637 1123 2032 1205 Principium,
2073 1135 2140 1186 vt
2177 1125 2402 1186 viribus
2439 1125 2595 1186 illius
2633 1143 2972 1219 ageremur·
3011 1135 3241 1217 typum,
3279 1137 3346 1186 vt
3381 1127 3462 1187 ad

530 1207 871 1284 exemplum
924 1203 1441 1283 imitationemque
1483 1204 1639 1266 illius
1676 1221 2006 1284 ageremus.
2067 1208 2400 1284 Vtrumque
2437 1203 2500 1266 in
2521 1205 2794 1268 Ecclesia
2811 1203 2988 1267 nobis
3026 1204 3184 1268 intus
3221 1208 3280 1268 &
3317 1205 3460 1268 foris

532 1303 600 1347 su
604 1285 933 1380 ppeditauit
990 1286 1191 1364 Deus,
1251 1285 1391 1346 cum
1432 1285 1489 1346 δι
1530 1288 1785 1347 formam
1824 1285 1986 1348 illam
2025 1285 2348 1365 internam,
2385 1303 2568 1364 quam
2607 1287 2844 1348 Psalmo
2881 1285 3270 1350 antecedente
3305 1287 3460 1348 dice-

526 1368 741 1428 bamus
754 1411 773 1444 ,
836 1365 1052 1430 indidit
1111 1331 1417 1426 Ecclesiae
1458 1382 1633 1446 suae3
1693 1367 1750 1426 δι
1792 1367 2048 1428 formam
2087 1379 2394 1428 externam
2430 1366 2600 1429 verbi
2641 1365 2846 1446 scripti
2883 1377 3064 1443 atque
3103 1366 3458 1446 praedicati,

536 1446 873 1524 iustumque
912 1444 1187 1506 ordinem
1200 1489 1217 1524 ,
1258 1444 1361 1523 qui
1400 1446 1477 1506 ad
1516 1411 1937 1508 constitionem
1977 1445 2285 1508 Ecclesiae
2305 1465 2456 1525 opus
2495 1455 2624 1524 est,
2661 1445 2960 1509 commisit
2979 1445 3118 1508 suis.
3169 1447 3271 1509 Ad
3309 1449 3462 1508 haec

530 1527 655 1588 duo
696 1525 1198 1604 praestantissima
1235 1525 1353 1586 Dei
1392 1524 1681 1620 beneficia
1724 1525 2076 1604 respiciebat
2115 1528 2373 1607 PsalteS,
2419 1528 2560 1588 cum
2591 1525 2816 1589 diceret
2855 1528 3026 1588 etiam
3066 1528 3144 1589 de
3184 1525 3462 1590 iratribus

530 1605 937 1670 habitantibus
996 1609 1147 1684 vna,
1207 1607 1264 1666 δι
1325 1605 1810 1668 communionem
1868 1625 2036 1668 suam
2091 1571 2442 1669 colentibus,
2483 1605 2703 1668 etenim
2741 1626 2862 1668 vox
2901 1606 3040 1686 ista,
3091 1609 3324 1684 Euan,
3377 1609 3458 1668 ad

532 1689 833 1750 Psalmum
903 1707 1040 1779 132
1095 1651 1201 1765 qui
1258 1685 1531 1766 proxime
1589 1685 1889 1764 praecedit
1947 1687 2160 1749 ordine
2217 1686 2280 1748 in
2339 1687 2494 1750 libro
2551 1689 2952 1763 Psalmorum,
3005 1688 3318 1748 referenda
3349 1698 3462 1748 est.

532 1769 907 1860 Exposuerat
946 1765 1105 1828 enim
1095 1707 1369 1828 qualtes
1410 1765 1665 1828 Cantico
1706 1767 1808 1828 illo
1846 1766 2128 1846 singulari
2159 1767 2730 1846 exellentissimoque
2747 1765 3233 1829 constitutionem
3251 1769 3468 1829 Eccle*

534 1847 657 1910 siae
715 1847 865 1928 Dei,
924 1865 1044 1928 qua
1102 1857 1331 1926 spectat
1390 1863 1527 1909 eum
1567 1847 1929 1927 Dominum3
1989 1851 2044 1909 δι
2083 1848 2162 1909 de
2202 1847 2630 1910 communione
2666 1857 3012 1909 sanctorum
3025 1891 3045 1926 ,
3095 1865 3276 1938 quam
3315 1867 3466 1910 cum

533 1929 669 1990 Deo
714 1929 939 1992 habent
976 1927 1301 2004 coluntque
1339 1927 1541 1990 animo
1584 1931 1641 1990 δι
1680 1928 1871 2005 facto,
1910 1893 2144 1990 dixerat
2181 1927 2448 2006 copiose.
2483 1928 2644 1990 Cum
2681 1939 2880 1992 autem
2909 1925 3352 1989 communionis
3375 1931 3466 1990 ad

531 2018 772 2070 sanctos
808 2006 1152 2101 pertinentis
1180 2007 1411 2100 duplex
1450 2007 1525 2070 sit
1562 2007 1743 2070 ratio:
1801 2009 1968 2086 Vna,
2023 2025 2145 2086 qua
2185 2027 2395 2071 omnes
2435 2024 2574 2070 cum
2611 2009 2782 2084 Deo;
2832 2009 3046 2086 altera,
3084 2025 3204 2085 qua
3242 2026 3464 2100 omnes

522 2106 663 2152 cum
699 2089 975 2154 fratribus
1018 2087 1139 2150 suis
1177 2086 1330 2148 inter
1368 2107 1433 2148 se
1464 2087 1937 2150 communicant:
1971 2090 2274 2166 placuerat
2292 2090 2625 2168 Prophetae
2647 2088 2724 2150 de
2743 2098 3000 2166 vtroque
3017 2087 3468 2150 communionis

524 2189 741 2262 genere
801 2169 1038 2233 duobus
1094 2167 1343 2230 Psalmis
1402 2168 1843 2230 continentibus
1897 2187 1992 2230 res
2036 2168 2391 2262 praedicare
2427 2171 2658 2230 summe
2689 2169 3068 2230 excellentes.
3128 2170 3462 2246 Postquam

522 2248 695 2328 igitur
758 2249 879 2312 vim
931 2247 1370 2312 communionis
1409 2266 1548 2310 cum
1586 2250 1723 2310 Deo
1763 2247 2106 2328 explicauit,
2170 2251 2225 2309 δι
2264 2248 2557 2311 rationem
2597 2249 2776 2312 totius
2817 2247 3164 2326 Ecclesiae,
3219 2250 3384 2310 velut
3419 2252 3464 2310 a

526 2331 663 2391 Deo
705 2329 1019 2410 pendentis
1059 2327 1345 2390 relatione
1385 2338 1699 2422 perpetua:
1740 2345 1903 2390 nunc
1942 2329 2186 2391 demum
2225 2327 2433 2390 definit
2471 2331 2586 2390 hac
2624 2348 2776 2391 voce
2811 2331 3018 2390 Etiam
3031 2373 3050 2407 ,
3095 2347 3162 2390 se
3203 2327 3305 2390 hic
3341 2348 3464 2390 ser-

526 2429 769 2473 monem
808 2410 887 2473 de
924 2412 1107 2473 altera
1147 2407 1583 2473 communionis
1622 2419 1966 2472 sanctorum
2010 2419 2179 2489 parte
2215 2407 2549 2484 instituere,
2590 2425 2711 2502 qua
2727 2407 2824 2487 alij
2845 2427 2986 2471 cum
3009 2409 3144 2471 aliis
3165 2419 3232 2471 vt
3249 2411 3464 2473 stanes

528 2490 1007 2553 communicant:
1054 2490 1237 2583 idque
1275 2509 1401 2553 non
1442 2507 1551 2552 suo
1592 2488 1815 2552 iudicio
1856 2494 2022 2567 (nam
2061 2490 2190 2552 sola
2229 2488 2502 2551 doctrina
2539 2488 2654 2551 Dei
2693 2489 3024 2553 Ecclesiam
3063 2490 3367 2567 informat,
3403 2494 3465 2555 ἃ

529 2570 761 2665 singula
820 2572 1091 2634 membra
1152 2570 1301 2649 eius)
1364 2589 1489 2632 non
1550 2570 1671 2632 suis
1730 2569 1954 2633 viribus
2015 2575 2181 2664 (nam
2239 2571 2404 2631 Deus
2455 2582 2575 2650 est,
2633 2570 2738 2650 qui
2775 2572 2938 2635 solus
2975 2570 3118 2632 facit
3155 2568 3362 2631 omnia
3399 2571 3462 2633 in

530 2652 809 2745 omnibus
868 2653 976 2715 sed
1038 2654 1103 2729 (f.
1170 2653 1311 2727 748)
1364 2670 1439 2713 ex
1498 2651 1628 2713 sola
1684 2650 1959 2713 doctrina
2019 2652 2076 2711 δι
2113 2651 2328 2713 virtute
2365 2650 2517 2731 Dei,
2568 2662 2634 2713 vt
2667 2650 2772 2729 qui
2811 2652 3022 2713 solus
3007 2670 3068 2713 ιιι
3106 2650 3347 2713 Christo
3387 2651 3466 2713 sit

525 2732 911 2877 83⁰3?ss
932 2731 1375 2875 {⁰⁶33ss
1409 2730 2154 2905 ἑζῖῗκξὲἔῗὲῖῇῗῗέἒὲε
2159 2730 3084 2906 εὲιὲωῗωςοίῗέ*“ἑωῗῗέἒὲἐὲ
3121 2730 3466 2903 {ruffi

526 2892 771 2972 vtrobiq
772 2910 849 2955 ue
914 2892 1115 2955 salutis
1176 2893 1401 2954 verbo:
1456 2894 1585 2953 Iam
1646 2890 1953 2953 concludit
2013 2892 2313 2969 Propheta
2333 2936 2352 2971 ,
2431 2892 2773 2984 quicunque
2841 2890 3078 2970 spiritus
3155 2890 3308 2953 illius
3327 2936 3348 2969 ,
3406 2896 3464 2954 δι

528 2914 791 3055 ordinis,
846 2976 905 3035 δι
958 2974 1125 3035 verbi
1184 2970 1501 3066 participes
1561 2982 1698 3033 sunt
1757 2970 2052 3034 beneficio
2110 2970 2258 3050 Dei,
2319 2989 2426 3033 eos
2465 2970 2644 3033 etiam
2681 2971 2767 3033 sic
2804 2972 3105 3065 habitare,
3165 2968 3230 3033 id
3267 2983 3360 3033 est
3400 2971 3464 3033 in

527 3052 749 3117 vnitate
772 3018 1049 3133 spiritus
1064 3098 1083 3133 ,
1144 3051 1405 3133 ordinis,
1465 3056 1523 3115 &
1571 3052 1737 3115 verbi
1790 3052 2058 3115 salutaris
2103 3070 2234 3115 sese
2240 3017 2413 3112 huic
2453 3051 2744 3131 principio
2784 3054 2842 3113 &
2879 3050 3020 3113 huic
3059 3062 3206 3144 typo
3245 3050 3464 3115 virtute

527 3132 734 3195 diuina
787 3135 1167 3196 conformare
1180 3176 1201 3213 ,
1254 3144 1319 3193 vt
1360 3152 1571 3195 omnes
1610 3131 1784 3195 simul
1826 3132 2127 3211 habitent,
2169 3132 2680 3225 quemadmodum
2720 3135 2758 3193 a
2797 3134 2934 3194 Deo
2975 3150 3098 3193 vno
3135 3132 3200 3193 in
3240 3132 3466 3195 vnitate

528 3212 791 3308 spiritus·
806 3234 927 3276 vno
968 3212 1277 3275 communi
1318 3213 1561 3293 ordine,
1600 3214 1657 3273 &
1694 3230 1814 3274 vna
1852 3213 2055 3275 salutis
2097 3211 2369 3275 doctrina
2407 3212 2606 3274 vocati
2625 3222 2780 3274 sunt.
2801 3223 3088 3291 tanquam
3127 3210 3176 3273 si
3215 3211 3464 3291 diceret,

529 3314 592 3357 se
632 3296 711 3356 de
752 3293 823 3356 iis
862 3294 1102 3357 demum
1146 3294 1309 3371 loqui
1350 3294 1412 3355 in
1453 3294 1573 3355 hoc
1611 3294 1783 3371 loco,
1825 3293 1927 3371 qui
1967 3304 2104 3355 sunt
2143 3290 2368 3368 consciJ‘
2409 3293 2571 3371 apud
2609 3312 2675 3354 se
2711 3292 3048 3355 communis
3072 3295 3131 3354 δι
3149 3292 3462 3385 singularis

528 3376 751 3468 gratiae
808 3378 847 3436 ἠ
886 3376 1023 3436 Deo
1062 3384 1349 3451 acceptae
1389 3377 1445 3435 δι
1485 3373 1548 3435 ἰιι
1591 3370 1860 3435 Ecclesia
1898 3373 2206 3466 expositae
2219 3420 2238 3453 ,
2277 3372 2382 3450 qui
2421 3372 2599 3435 etiam
2643 3373 2702 3434 in
2759 3372 2902 3452 ipsis
2939 3373 3059 3434 hoc
3097 3370 3458 3452 principium

530 3455 825 3533 sentiunt,
877 3456 1039 3515 hunc
1083 3464 1291 3533 typum
1346 3464 1485 3515 ante
1525 3456 1737 3515 oculos
1776 3453 2030 3532 habent,
2073 3453 2178 3545 qui
2217 3452 2328 3516 toti
2369 3452 2626 3531 denique
2667 3452 2846 3515 etiam
2883 3454 3152 3515 feruntur
3189 3454 3264 3514 eo
3298 3452 3466 3514 vnde

528 3538 649 3597 hoc
710 3537 939 3597 bonum
997 3542 1391 3614 acceperunt,
1450 3534 1507 3595 δι
1568 3538 1749 3612 porro
1810 3532 2114 3611 accepturi
2153 3545 2291 3594 sunt
2331 3532 2846 3596 confirmationem
2884 3532 3039 3595 illius
3079 3542 3260 3611 atque
3296 3550 3468 3594 com·

568 3618 911 3677 lementum.

526 3634 569 3695 p
611 3694 857 3757 Vtinam
908 3699 1061 3757 vero
1116 3703 1415 3773 quotquot
1464 3692 1781 3756 Christiani
1831 3692 2037 3755 audire
2073 3696 2381 3773 volumus,
2420 3694 2480 3754 in
2521 3712 2596 3755 eo
2633 3696 3040 3755 laboraremus
3077 3692 3368 3769 smdiose,
3405 3695 3472 3753 ἃ.

536 3788 716 3857 prout
756 3774 1075 3837 didicimus
1114 3774 1449 3852 Christum,
1488 3775 1570 3836 ita
1608 3774 1670 3836 in
1701 3773 1840 3867 ipso
1860 3776 2332 3868 ambularemus,
2370 3785 2437 3836 vt
2455 3772 2652 3835 verbis
2671 3785 2904 3835 vtamur
2922 3772 3222 3867 Apostoli,
3241 3773 3470 3852 Ephes.

538 3878 595 3931 4.
665 3876 715 3917 1.
776 3856 931 3917 Nam
993 3854 1312 3917 Christiani
1373 3872 1575 3917 sumus
1626 3852 1919 3933 principio
1960 3854 2066 3916 illo
2105 3855 2166 3916 in
2207 3854 2382 3917 nobis
2419 3854 2753 3933 habitante,
2795 3854 2856 3916 id
2891 3862 2983 3915 est
3020 3852 3288 3916 Domino
3327 3855 3469 3915 Iesu

540 3937 778 3999 Christo
794 3980 811 4013 ,
856 3955 961 4015 per
999 3933 1603 4027 communicationem
1642 3934 1925 4013 Spiritus:
1969 3934 2076 3997 sed
2115 3933 2210 3997 isti
2249 3934 2542 4029 principio
2581 3934 2848 4013 plerique
2885 3954 3096 3997 omnes
3135 3952 3260 3995 non
3291 3950 3466 3997 secus

541 4016 957 4080 renunciamus
971 4061 989 4094 ,
1030 4018 1213 4094 quam
1255 4014 1359 4094 qui
1400 4014 1513 4077 sibi
1550 4014 1663 4094 ipsi
1704 4014 2024 4077 violentam
2069 4014 2386 4077 consciscit
2423 4026 2680 4077 mortem
2693 4060 2711 4095 ,
2751 4018 2806 4077 δι
2845 4014 3053 4076 adimit
3089 4012 3350 4105 corpori
3349 4030 3466 4074 suo

3097 4092 3460 4173 principium

3864 372 3888 458 J*

1642 4539 3888 4651 .ssss
