3923 4875
1432 349 1535 391 nn
1596 349 1815 390 vnRA
1877 346 2410 392 ιιιιιοιοῦιιι.
3297 331 3369 391 61

472 507 1041 588 manifestissimum,
1096 510 1202 569 sed
1242 511 1421 588 longe
1460 509 1797 570 inferiorem
1838 528 1942 570 sua
1983 528 2185 589 causa,
2225 529 2296 570 ac
2337 509 2577 570 minime
2617 510 3010 586 adaequatum
3051 510 3104 570 ei
3145 528 3377 588 expres·

472 587 651 648 simus
665 633 683 664 ,
747 555 1041 649 dicentes
1072 591 1225 650 hanc
1266 608 1393 650 esse
1433 589 1929 651 communicatam
1971 609 2042 650 ea·
2080 593 2339 650 demenso
2386 590 2636 649 Christi·
2679 589 2816 648 huic
2855 589 3012 648 enim
3051 592 3216 649 Deus
3255 608 3378 650 non

470 667 786 728 admetitur
843 668 1111 746 spiritum
1150 670 1479 730 secundum
1520 688 1891 731 mensuram.
1934 673 2106 731 Ioan.
2149 690 2224 747 3:
2269 688 2365 745 34.
2406 669 2510 728 sed
2560 668 2826 730 Christus
2865 667 3040 728 nobis
3083 669 3383 747 dispensat

471 766 584 825 pro
625 765 901 809 mensura
940 747 1275 810 donationis
1314 767 1483 828 suae,
1526 751 1580 808 &
1620 749 1796 829 quid,
1836 750 1931 810 cui
1948 796 1966 826 ,
2005 751 2282 844 quand0,
2333 758 2616 826 quantum
2659 751 2816 826 vult,
2849 748 3064 826 largi(f.
3093 753 3263 825 1388.
3265 751 3386 824 )tur

474 828 749 904 gratiose.
789 830 1007 906 Ephes.
1049 850 1107 902 4.
1156 830 1245 890 16.
1285 829 1605 890 Materialis
1646 847 1855 908 causa,
1898 829 2023 891 siue
2063 833 2151 906 (vt
2181 829 2242 890 in
2277 831 2452 890 rebus
2452 827 2869 924 spiritualibus
2889 829 3194 890 obseruari
3213 831 3387 903 solet)

474 907 805 968 subiectum
867 907 1039 970 huius
1081 909 1449 988 Theologiae
1502 909 1795 971 indicatur
1842 908 1935 971 his
1983 909 2208 988 verbis»,
2249 929 2374 968 cum
2414 911 2488 968 iis
2527 911 2633 986 qui
2666 913 2728 969 in
2768 911 2918 969 coelo
2959 910 3204 985 degunt,
3243 916 3387 986 puta

476 987 602 1047 siue
658 987 903 1066 Angelis
916 1033 933 1065 ,
976 988 1100 1050 siue
1140 989 1509 1069 hominibuS,
1550 995 1625 1052 eo
1666 989 1966 1051 subnectis
2005 1009 2113 1068 per
2152 956 2432 1067 gratiam,
2474 997 2538 1047 vt
2575 989 2968 1080 praecedente
3005 998 3210 1048 nostra
3247 989 3389 1049 defi-

394 1099 401 1104 ·
474 1066 705 1129 uitione
765 1067 1157 1129 distinximus,
1218 1071 1437 1130 Forma
1495 1075 1639 1132 vero
1698 1069 2077 1148 sequentibus
2123 1068 2320 1130 verbis
2373 1079 2714 1146 exponitur,
2764 1068 3007 1145 quando
3047 1067 3388 1144 subijcimus

472 1150 779 1206 secundum
812 1150 964 1208 hanc
1004 1152 1343 1227 sapientiam
1382 1159 1624 1210 aeterna
1664 1152 1789 1210 Dei
1820 1153 2039 1212 visione
2077 1153 2133 1210 δι
2165 1151 2438 1226 gloriosa
2477 1152 2734 1210 coelestes
2773 1151 3000 1207 animas
3009 1149 3275 1225 perfrui.
3313 1147 3387 1208 Id

471 1236 670 1288 autem
710 1237 835 1307 est,
877 1240 940 1288 vt
982 1229 1307 1291 commode
1344 1231 1424 1291 ad
1465 1229 1911 1324 intelligentiam
1956 1229 2365 1291 enunciemus.
2407 1228 2747 1289 Essentialis
2781 1231 2972 1288 forma
3004 1227 3176 1288 huius
3195 1229 3390 1288 Theo-

472 1309 667 1384 logiae
725 1318 816 1368 est
874 1307 935 1368 in
987 1309 1275 1370 relatione
1312 1309 1537 1402 posita,
1582 1310 1707 1372 siue
1746 1309 2123 1372 ordinatione
2161 1313 2218 1371 δι
2255 1307 2650 1386 applicatione
2691 1325 2886 1368 rerum
2927 1306 3271 1369 coelestium
3309 1309 3388 1369 ad

474 1387 701 1464 Deum,
744 1399 1043 1465 tamquam
1082 1389 1439 1467 principium
1485 1392 1541 1451 &
1581 1392 1883 1468 exemplar
1920 1407 2092 1452 suum
2123 1388 2655 1480 absolutissimum,
2675 1392 2712 1448 a
2731 1406 2851 1464 quo
2873 1397 3000 1449 tota
3016 1389 3118 1448 lux
3131 1433 3149 1466 ,
3170 1387 3389 1466 gratia,

474 1469 532 1527 δι
568 1466 760 1544 gloria
798 1467 859 1527 in
900 1489 993 1528 res
1033 1481 1260 1530 creatas
1298 1469 1673 1550 diffunditur,
1714 1472 1770 1532 δι.
1810 1470 1913 1547 qui
1948 1470 2112 1532 idem
2155 1487 2397 1562 quoque
2435 1466 2567 1529 finis
2604 1435 2867 1546 ipsorum
2907 1478 3026 1544 est,
3066 1471 3122 1528 δι
3157 1467 3241 1528 rei
3262 1487 3386 1528 cre-

472 1557 604 1608 atae
644 1547 863 1608 omnis:
908 1565 1087 1624 quem
1127 1551 1307 1610 finem
1346 1552 1541 1612 solum
1582 1517 2032 1644 perstrinximus
2053 1551 2114 1611 in
2136 1549 2511 1621 definitione,
2537 1549 2800 1610 dicentes
2821 1550 2927 1606 Ad
2930 1551 3192 1624 gloriam
3213 1550 3391 1608 illius.

476 1629 651 1687 Haec
692 1625 869 1705 igitur
904 1628 1006 1688 illa
1046 1639 1133 1689 est
1172 1630 1503 1709 Theologia
1542 1629 1813 1709 visioniS,
1853 1647 2034 1708 quam
2075 1647 2378 1708 speramus
2395 1675 2412 1708 ,
2452 1645 2630 1706 quam
2671 1627 2968 1689 credimus
2984 1674 3000 1702 ,
3040 1627 3102 1687 in
3135 1645 3254 1704 qua
3286 1647 3392 1704 per

474 1705 651 1766 fidem
690 1707 1199 1800 conquiescimuS,
1239 1712 1295 1769 δι
1335 1719 1535 1770 tamen
1579 1713 1658 1771 ad
1699 1730 1830 1771 eam
1871 1711 2318 1788 contendimuS,
2360 1709 2666 1787 cupientes
2698 1706 2942 1769 dissolui
2957 1711 3013 1768 &
3037 1707 3234 1767 viuere
3253 1725 3390 1768 cum

478 1786 716 1846 Christo
734 1834 751 1864 ,
792 1789 893 1865 qui
934 1791 1033 1848 lux
1072 1799 1189 1866 est,
1230 1790 1383 1867 vita,
1424 1791 1730 1869 gloriaque
1766 1801 1998 1851 nostra:
2032 1793 2090 1853 δι
2129 1809 2267 1851 cum
2302 1808 2452 1867 qu0,
2471 1789 2572 1850 vbi
2592 1791 2914 1868 patefactus
2935 1788 3108 1849 suerit
3128 1788 3389 1848 secundo

476 1867 735 1926 aduentu
776 1885 913 1947 suo,
955 1871 1305 1947 patefiemus
1343 1889 1457 1932 nos
1499 1888 1739 1948 quoque
1778 1871 1839 1932 in
1880 1869 2072 1950 gloria
2109 1869 2558 1932 absolutissime.

1742 2106 2122 2116 ——

1620 2293 1970 2357 CAPVT
2028 2297 2252 2358 VIII.

1246 2481 1345 2539 De
1398 2482 1711 2554 Theologia
1756 2482 2154 2540 Reuelationis
2199 2483 2260 2540 in
2305 2482 2416 2540 hac
2459 2484 2601 2542 vita.

555 2680 861 2739 Hactenus
920 2680 995 2740 de
1043 2678 1422 2739 intellectuali
1474 2678 1841 2755 Theologiae
1892 2680 2116 2740 lumine
2155 2678 2440 2756 diximuS,
2480 2692 2862 2757 permanente
2903 2684 3284 2758 perfectoque
3327 2682 3383 2741 in

476 2757 717 2848 singulis
754 2758 825 2819 iis
864 2778 1117 2837 quorum
1160 2767 1248 2818 est
1284 2760 1631 2851 Theologia.
1684 2761 1839 2819 Nam
1878 2762 1935 2819 &
1979 2779 2331 2837 permanens
2375 2770 2552 2835 atque
2594 2764 2853 2836 perfecta
2891 2770 2978 2821 est
3023 2760 3388 2838 perfectione

476 2837 701 2899 infinita
739 2838 1059 2899 essentialis
1100 2838 1197 2899 illa
1242 2839 1576 2917 Theologia
1613 2839 1759 2917 Dei,
1802 2857 1982 2915 quam
2023 2840 2406 2916 archetypam
2447 2839 2901 2917 appellauimus:
2945 2844 2998 2901 δι
3040 2860 3392 2918 permanens

478 2918 616 2977 item
673 2928 848 2995 atque
906 2922 1167 2997 perfecta
1218 2930 1306 2978 est
1359 2918 1723 2996 perfectione
1770 2918 1936 2996 quasi
1985 2920 2240 2989 infinita,
2284 2919 2502 2979 Christi
2541 2920 2872 2996 Theologia
2911 2920 3248 2997 habitualiS,
3290 2920 3390 2981 illa

476 3016 655 3073 quam
708 2999 939 3059 vnionis
979 3000 1373 3077 apzpellamus
1416 3001 1471 3059 δι
1509 3002 1777 3076 perfecta
1819 2998 2075 3076 denique
2114 3019 2186 3059 ac
2223 3018 2575 3076 permanens
2618 3000 2716 3059 illa
2755 3000 3087 3092 'lheologia
3117 2999 3390 3077 visioniS,

474 3094 651 3154 quam
692 3080 909 3170 Angeli
948 3078 1009 3138 in
1052 3080 1225 3138 coelo
1266 3080 1322 3138 &
1366 3078 1603 3156 spiritus
1642 3079 1930 3140 iustorum
1968 3078 2270 3157 obtinent,
2303 3080 2666 3157 perfectione
2687 3079 3047 3157 amplissima
3065 3080 3388 3141 secundum

475 3159 720 3217 modum
765 3157 1047 3236 ipsorum.
1108 3157 1405 3234 Expositis
1446 3159 1641 3235 itaque
1682 3158 1795 3220 illis
1834 3158 2316 3237 permanentibus
2356 3159 2720 3237 Theologiae
2761 3179 2937 3220 verae
2973 3160 3210 3237 formis,
3227 3179 3388 3220 nunc

472 3238 549 3297 ad
609 3258 809 3299 veram
864 3238 1262 3317 Theologiam
1277 3283 1294 3316 ,
1352 3238 1621 3330 quamuis
1662 3258 1785 3299 non
1824 3249 2305 3317 permanentem,
2344 3239 2650 3300 veniamus
2690 3258 2840 3330 opus
2881 3250 2998 3320 est3
3039 3251 3102 3300 vt
3140 3242 3387 3301 modum

473 3317 802 3394 Sapientiae
860 3328 1097 3379 nostrae
1135 3318 1332 3396 aliqua
1374 3318 1918 3397 circumscriptione
1957 3318 2167 3380 melius
2206 3318 2499 3411 possimus
2539 3318 2800 3396 assequi.
2841 3287 3191 3380 Rectissime
3231 3320 3388 3380 enim

472 3397 551 3455 ad
590 3396 934 3458 Corinthios
974 3398 1237 3459 scribens
1278 3400 1601 3476 Apostolus
1616 3444 1634 3473 ,
1693 3401 2079 3477 Prophetiae,
2119 3398 2340 3475 inquit,
2381 3402 2700 3459 reddentur
2743 3402 2992 3477 inutiles,
3033 3404 3086 3460 δι
3125 3403 3390 3476 linguae,

473 3478 801 3558 cessabunt,
863 3480 919 3539 δι
981 3499 1078 3555 cog
1087 3480 1229 3537 nitio
1287 3481 1453 3557 tpsa:
1518 3480 1623 3537 Ex
1666 3488 1849 3558 parte
1888 3482 2034 3539 enim
2076 3482 2494 3555 cognoscimus,
2542 3482 2598 3539 δι
2636 3499 2708 3538 ex
2732 3488 2916 3557 parte
2940 3482 3361 3557 prophetamus
3374 3525 3391 3558 ,

460 3564 770 3633 postquam
812 3566 999 3616 autem
1041 3560 1344 3617 aduenerit
1386 3560 1547 3635 quod
1576 3567 1662 3617 est
1686 3559 2041 3635 perfectum,
2063 3568 2197 3618 tunc
2228 3561 2390 3635 quod
2408 3579 2481 3619 em
2497 3567 2682 3637 parte
2709 3568 2795 3618 est
2809 3560 3147 3618 abolebitur.
3199 3560 3390 3634 Quum

477 3655 647 3695 essem
686 3636 923 3715 infans,
963 3645 1028 3699 vt
1062 3638 1267 3714 infans
1306 3640 1586 3715 loquebar
1600 3682 1618 3717 ,
1657 3647 1722 3699 vt
1754 3639 1957 3715 infans
1997 3640 2346 3715 cogitabam,
2388 3648 2454 3701 vt
2485 3639 2689 3715 infans
2727 3640 3060 3699 sentiebam:
3086 3646 3390 3715 postquam

476 3724 661 3774 autem
686 3717 897 3793 factus
933 3737 1059 3776 sum
1098 3719 1223 3796 vir,
1264 3727 1329 3779 vt
1362 3719 1593 3778 inutilia
1632 3721 1866 3795 sustuli,
1907 3738 2056 3795 quae
2091 3717 2342 3796 infantis
2380 3727 2586 3777 erant:
2626 3720 2912 3777 cernimus
2951 3720 3095 3776 enim
3118 3738 3269 3777 nunc
3273 3727 3393 3794 per

474 3799 761 3871 speculum
800 3797 857 3857 81
896 3798 1199 3875 aenigma,
1240 3806 1373 3857 tunc
1411 3806 1599 3857 autem
1639 3818 1701 3857 m
1741 3819 1805 3858 os
1842 3818 2137 3858 cernemus
2177 3818 2404 3858 coram:
2445 3818 2597 3857 nunc
2629 3817 2906 3873 cognosco
2939 3816 3010 3855 eae
3033 3805 3239 3877 parte,
3260 3806 3392 3857 tunc

476 3878 613 3935 vero
652 3896 989 3951 cognoscam
1014 3886 1209 3953 prout
1236 3880 1404 3937 etiam
1446 3898 1572 3936 sum
1614 3881 1878 3968 agnitus,
1928 3898 1976 3936 1.
2024 3879 2161 3937 Cor.
2201 3897 2289 3954 13.
2325 3880 2380 3937 8.
2414 3899 2469 3956 9.
2503 3880 2609 3937 &a
2652 3879 2790 3937 Non
2813 3877 2976 3953 quod
2997 3842 3389 3954 Theologiam

484 3955 634 4014 hanc
674 3966 966 4034 nostram,
1010 3956 1087 4016 de
1127 3974 1245 4033 qua
1284 3956 1563 4035 deinceps
1604 3957 1820 4018 dicturi
1840 3975 2071 4031 sumus„
2092 3977 2166 4017 ex
2194 3960 2311 4018 vlla
2329 3956 2775 4035 imperfectione
2797 3956 3122 4017 secundum
3144 3957 3394 4034 seipsam

480 4033 807 4096 iudicemus
845 4037 1149 4097 laborare:
1192 4056 1333 4097 nam
1371 4036 1435 4096 in
1476 4055 1548 4097 eo
1589 4036 1720 4129 ipso
1760 4037 1925 4115 quod
1963 4038 2171 4115 habet,
2211 4036 2494 4114 quicquid
2532 4038 2743 4116 habet,
2773 4046 2861 4097 est
2882 4035 3389 4114 perfectissimum.

479 4114 599 4204 Sed
636 4115 920 4192 perfectio
960 4114 1084 4177 eius
1126 4134 1263 4177 cum
1304 4126 1509 4176 nostra
1548 4116 1828 4178 tenuitate
1867 4119 1924 4177 δι
1964 4083 2410 4208 imperfectione
2449 4126 2896 4194 contemperata
2929 4126 3045 4177 est.
3081 4116 3216 4195 quia
3235 4117 3390 4195 prin-

474 4193 591 4270 cip·
582 4214 632 4252 a
675 4198 868 4255 solum
911 4196 1370 4271 perfectissimae
1410 4194 1621 4258 illius
1602 4217 1664 4256 ιιι
1704 4197 1877 4258 coelo
1917 4196 2283 4288 Theologiae
2323 4195 2808 4285 comprehendit·
2795 4243 2811 4276 ,
2853 4196 3066 4274 quibus
3088 4196 3390 4275 principiis

476 4272 753 4350 perfectis
796 4274 1037 4353 quidem
1078 4275 1138 4335 in
1177 4295 1240 4335 se
1274 4275 1453 4367 ipsiS,
1496 4277 1603 4337 sed
1642 4275 1999 4355 imperfectis
2037 4277 2363 4339 secundum
2403 4262 2706 4353 quendaffi
2739 4278 3020 4354 modum,
3057 4278 3135 4337 ad
3169 4279 3390 4354 perfec-

474 4353 703 4414 tionem
756 4356 1072 4416 coelestem
1118 4354 1441 4416 euehimur.
1506 4357 2034 4432 Quemadmodum
2076 4356 2234 4418 enim
2272 4368 2516 4419 naturae
2554 4366 2789 4417 nostrae
2832 4322 3119 4437 principia
3156 4356 3390 4434 insunt,

3232 4452 3385 4512 quae
