3923 4875
1355 351 1680 396 russas
1741 351 2388 396 rnsotoorcas.
3218 337 3327 394 281

417 523 690 591 terquam
747 513 810 574 in
867 512 1146 592 coniugio
1205 512 1394 573 Patris
1447 514 1504 573 &
1563 511 1746 592 filiae,
1804 511 1906 590 filij
1961 515 2018 572 δι
2064 511 2283 574 matris,
2346 515 2528 573 Hanc
2586 512 3017 591 blasphemiam
3074 525 3139 574 vt
3181 523 3343 594 tegat

417 593 808 657 Bellarminus
847 593 995 656 dicit
1031 596 1220 673 leges,
1261 609 1410 671 quas
1449 593 1527 654 de
1561 591 1934 672 cognationis
1953 596 2011 660 δι
2030 591 2327 656 affinitatis
2346 593 2629 672 gradibus
2648 591 2964 671 prohibitis
2984 591 3117 654 tulit
3136 596 3301 656 Deus
3324 640 3343 676 ,

417 691 546 734 non
597 676 893 734 naturales
907 721 926 751 ,
985 673 1091 734 sed
1147 673 1429 751 positiuas
1477 671 1693 735 fuisse:
1754 674 1888 734 Lib.
1942 675 2013 732 de
2059 675 2391 735 matrimon.
2446 684 2575 753 cap.
2620 693 2713 748 24.
2771 674 3093 734 Lombard.
3135 677 3234 735 lib.
3280 694 3339 749 4.

417 755 555 814 dist.
589 773 688 831 34.
733 756 942 815 Concil.
985 755 1151 814 Trid.
1190 772 1328 814 sess.
1365 758 1423 815 8.
1463 773 1513 815 c.
1545 772 1603 830 3.
1643 752 1808 830 quod
1821 798 1840 832 ,
1881 756 2062 830 quam
2100 771 2321 814 vanum
2358 753 2435 815 sit
2473 753 2755 832 effugium
2800 763 3115 815 contextus
3154 753 3337 833 ipsius

415 833 892 895 circumstantiae
949 833 1174 894 docent
1231 851 1412 910 quam
1471 831 1929 895 euidentissime.
1992 835 2234 894 Leuitic.
2294 837 2385 894 18.
2442 852 2497 894 2.
2540 853 2599 911 3.
2698 834 2853 894 Citm
2918 832 3116 912 itaque
3178 836 3341 912 leges

415 912 537 974 sint
587 915 840 975 morales
891 918 946 975 &
999 915 1296 974 naturales
1315 959 1334 994 ,
1394 916 1556 974 solus
1596 915 1760 974 Deus
1799 911 1862 974 in
1899 913 1972 975 iis
2010 912 2353 992 dispensare
2391 923 2591 993 potest
2606 959 2626 994 ,
2691 914 2830 992 quia
2882 917 3045 975 solus
3093 924 3340 976 naturae

417 1003 652 1056 auctor.
1861 1001 1868 1013 '

504 1093 596 1134 22.
676 1073 837 1136 Finis
878 1072 1242 1152 Matrimonij
1283 1084 1374 1134 est
1409 1073 1738 1152 multiplex.
1776 1092 1920 1155 nos,
1957 1071 2263 1136 breuitatis
2298 1091 2476 1136 causa
2491 1118 2510 1154 ,
2549 1072 2851 1166 duplicem
2874 1073 3342 1155 consideremus,

415 1153 817 1215 Communem
855 1152 1082 1216 scilicet
1121 1164 1181 1215 et
1220 1155 1277 1214 &
1317 1153 1713 1233 singularem:
1754 1153 1914 1215 Finis
1953 1155 2267 1215 communis
2306 1159 2420 1233 (est
2462 1153 2779 1215 creauonis
2810 1163 3049 1216 nostrae
3082 1155 3240 1233 finis)
3274 1165 3342 1216 vt

415 1232 478 1293 in
519 1253 662 1294 vera
700 1235 819 1294 fide
859 1245 919 1296 et
950 1233 1107 1295 vitae
1147 1235 1454 1296 sanctitate
1495 1233 1668 1295 simul
1706 1253 1914 1295 verum
1953 1236 2185 1315 Deum,
2225 1239 2263 1296 a
2303 1251 2427 1314 quo
2468 1233 2664 1296 omnis
2696 1233 3036 1296 benedictio
3076 1235 3337 1314 petenda

413 1315 472 1374 δι
526 1315 894 1392 expectanda
943 1326 1062 1395 est,
1123 1313 1347 1376 sincere
1387 1315 1626 1396 colant,
1688 1315 1744 1376 &
1783 1313 2048 1375 foemina
2087 1315 2161 1375 sit
2198 1315 2329 1375 viro
2368 1314 2432 1375 in
2473 1313 2787 1376 vocatione
2827 1313 3074 1393 spiritali
3111 1315 3168 1376 δι
3208 1335 3338 1376 cor-

414 1393 607 1471 porali
643 1395 1051 1456 adiumentum
1064 1440 1082 1474 ,
1121 1394 1331 1457 merito
1371 1393 1571 1472 itaque
1613 1398 1926 1475 culpantur
1968 1393 2265 1474 coniugia,
2286 1393 2439 1456 inter
2468 1395 2754 1474 religione
2788 1393 3051 1472 dispares
3064 1439 3082 1474 ,
3124 1393 3227 1472 qui
3260 1413 3339 1456 ne

413 1492 624 1552 preces
665 1473 909 1552 quidem
948 1492 1296 1536 communes
1333 1475 1553 1536 habere
1591 1485 1859 1554 possunt.
1918 1473 2079 1536 Finis
2113 1477 2441 1552 singulare}
2470 1484 2561 1536 est
2590 1476 2830 1552 duplex.
2889 1476 2936 1535 I.
2968 1485 3034 1536 vt
3056 1476 3132 1536 sit
3150 1495 3342 1536 reme-

413 1551 582 1614 dium
634 1555 917 1617 adversus
976 1565 1287 1635 peccatum
1349 1555 1598 1616 ustionis
1657 1557 1713 1616 δι
1773 1553 2181 1616 scortationis:
2243 1557 2407 1616 Deus
2449 1554 2609 1616 enim
2710 1556 2846 1616 fons
2896 1555 3225 1616 honestatis
3275 1557 3331 1616 &

414 1632 713 1715 puritatiS,
774 1637 1015 1696 thorum
1067 1635 1446 1713 impollutum
1503 1637 1736 1714 laudat,
1798 1638 1855 1697 &
1894 1635 2159 1696 debitam
2199 1645 2584 1714 mutuamque
2631 1600 3115 1696 beneuolentiam
3157 1654 3330 1696 com-

415 1713 674 1774 mendat.
735 1717 814 1776 11.
853 1725 917 1776 vt
958 1735 1031 1776 ex
1068 1724 1272 1776 sancta
1302 1716 1417 1776 hac
1451 1718 1507 1775 ἅτ
1545 1716 1796 1776 honesta
1828 1714 2018 1776 mutui
2048 1715 2195 1776 boni
2224 1713 2765 1776 communicatione
2801 1715 3063 1776 iucunda
3090 1723 3335 1794 captent

415 1794 693 1870 praemia.
737 1795 778 1858 i.
817 1813 1198 1857 numerosam
1229 1797 1494 1874 prolem,
1534 1813 1712 1874 quam
1753 1797 1843 1874 (vt
1870 1793 2136 1874 loquitur
2168 1797 2497 1874 Apostolus
2537 1797 2699 1876 Eph.
2736 1798 2793 1856 6.
2818 1816 2874 1869 4.
2924 1798 3110 1857 Colos.
3134 1800 3190 1857 3.
3215 1815 3283 1856 21
3310 1798 3335 1870 )

413 1872 474 1932 in
525 1873 798 1935 doctrina
851 1875 907 1935 &
960 1873 1268 1955 disciplina
1315 1875 1563 1936 Domini
1612 1875 1920 1937 instituant
1939 1919 1957 1956 ,
2017 1876 2096 1937 ad
2147 1875 2365 1936 summi
2419 1875 2537 1936 Dei
2586 1873 2837 1956 gloriam
2860 1921 2879 1956 ,
2933 1877 2990 1938 δι
3030 1874 3338 1937 Ecclesiae

425 1951 724 2016 militantis
763 1955 1254 2017 aedificationem.

498 2052 590 2110 23·
674 2037 981 2098 Hactenus
1040 2037 1118 2097 de
1178 2035 1440 2116 legitima
1499 2035 1922 2097 constitutione
1982 2033 2340 2113 matrimonii
2403 2035 2650 2116 egimus·
2730 2037 2941 2100 Restat
2976 2044 3043 2096 vt
3084 2035 3163 2096 de
3214 2034 3339 2096 eius

415 2111 805 2175 dissolutione
846 2115 1047 2194 paucis
1087 2135 1349 2194 agamuS.
1411 2115 1671 2178 Soluitur
1709 2115 1868 2177 enim
1911 2115 2355 2176 matrimonium
2397 2118 2534 2176 cum
2574 2114 2868 2178 initiatum
2902 2125 3029 2177 tum
3060 2133 3336 2176 consum-

415 2204 675 2254 matum:
735 2195 1038 2256 Initiatum
1077 2196 1352 2274 quidem,
1410 2196 1460 2257 si
1511 2207 1649 2274 post
1699 2195 2029 2274 legitimum
2080 2195 2385 2273 vtriusque
2441 2213 2799 2256 consensum
2838 2194 3049 2256 vitium
3090 2195 3338 2272 aliquod

413 2274 683 2355 accidat,
743 2275 869 2336 siue
908 2286 1140 2355 praeter
1176 2277 1574 2356 voluntatem,
1617 2285 1680 2336 vt
1717 2287 1854 2337 sunt
1893 2275 2163 2354 corporis
2202 2277 2259 2336 δι
2299 2273 2482 2335 animi
2521 2275 2877 2336 incurabiles
2922 2275 3157 2355 morbi;
3212 2275 3338 2335 siue

415 2371 552 2414 cum
591 2356 898 2416 voluntate
916 2402 934 2435 ,
977 2365 1041 2416 vt
1077 2365 1215 2416 sunt
1253 2355 1494 2417 infamia
1532 2357 1616 2417 ob
1656 2355 1941 2435 flagitium
1964 2401 1983 2436 ,
2024 2373 2373 2434 congressus
2414 2372 2553 2416 cum
2596 2373 2818 2434 sponsa
2860 2354 3336 2434 consanguinea,

416 2434 685 2525 absentia
723 2435 1043 2511 malitiosa,
1083 2435 1402 2515 Apostasia
1438 2439 1495 2499 δι
1535 2435 1771 2517 similia,
1812 2456 1967 2515 quae
2008 2448 2069 2498 vt
2110 2435 2418 2499 manifesta
2443 2435 2875 2515 impedimenta
2902 2435 3137 2499 videtur
3168 2436 3331 2497 Deus

413 2514 728 2577 immittere
772 2536 849 2577 ne
891 2516 1236 2596 coniugium
1275 2516 1566 2597 initiatum
1607 2528 2073 2578 consummetur.

493 2614 588 2668 24.
668 2596 1161 2658 Consummatum
1201 2602 1342 2659 vero
1383 2596 1824 2658 matrimonium
1853 2606 1944 2657 est
1970 2594 2391 2657 indissolubilis
2421 2596 2718 2675 quaedam
2754 2598 3006 2674 copula:
3041 2595 3337 2673 ideoque3

413 2692 535 2734 non
581 2676 804 2757 pendet
855 2676 1010 2738 illius
1061 2676 1279 2737 solutio
1332 2679 1370 2736 a
1416 2676 1640 2738 iudicio
1679 2679 1974 2755 humane,
2016 2677 2123 2738 sed
2161 2680 2199 2737 a
2238 2678 2367 2738 sola
2408 2674 2523 2737 Dei
2560 2676 2943 2767 auctoritate,
2987 2676 3127 2753 quia
3168 2678 3331 2736 solus

413 2770 548 2813 cum
578 2755 653 2816 sit
695 2758 1042 2839 λυσιγαμος,
1082 2774 1287 2817 causas
1314 2776 1388 2817 ex
1418 2756 1712 2835 aequitate
1731 2755 1977 2818 definire
1998 2768 2225 2837 potest3
2249 2773 2403 2834 quae
2434 2757 2556 2817 hoc
2590 2756 2997 2817 indissolubile
3030 2755 3331 2815 vinculum

411 2834 660 2896 soluent.
720 2836 946 2895 Causas
983 2848 1183 2898 autem
1217 2835 1508 2916 legitimas
1539 2836 1775 2915 diuortij
1805 2837 1955 2898 duas
1988 2836 2049 2897 in
2085 2836 2279 2897 Sacris
2308 2836 2597 2915 expressit
2621 2838 2819 2917 Deus3
2860 2854 3039 2897 vnam
3072 2834 3331 2896 faciendi

411 2912 645 2993 diuortij
663 2960 680 2993 ,
717 2934 935 2993 nempe
975 2916 1384 2996 Adulterium3
1425 2919 1672 2978 alteram
1711 2916 2007 3009 patiendi,
2048 2936 2266 2995 nempe
2304 2915 2659 2978 malitiosam
2702 2916 3129 2995 desertionem,
3166 2914 3329 2975 illam

417 2994 670 3071 explicat
709 2994 1004 3075 ChristuS,
1044 2998 1269 3058 Matth.
1293 3013 1346 3075 5.
1370 3004 1448 3063 &⁴
1475 3017 1569 3075 19.
1628 2998 1806 3059 Hanc
1844 2996 2038 3057 innuit
2071 2997 2430 3076 Apostolus,
2480 3016 2530 3055 1.
2558 3000 2693 3057 Cor.
2718 3013 2772 3073 7.
2804 2998 2871 3073 (ί.
2900 2997 3098 3074 1745).

495 3092 524 3131 2
532 3090 588 3152 5.
667 3075 928 3135 Soluitur
967 3086 1166 3137 autem
1207 3076 1466 3138 diuortio
1505 3076 1981 3156 matrimonium,
2020 3096 2145 3138 non
2188 3087 2415 3137 tantum
2454 3075 2827 3153 separatione
2866 3076 3052 3155 thori,
3075 3078 3162 3153 (vt
3182 3093 3339 3135 som·

409 3150 574 3215 niant
625 3154 918 3230 Pontificij
976 3154 1190 3218 Concil.
1252 3158 1422 3219 Trid.
1461 3176 1602 3217 sess.
1644 3160 1701 3220 8.
1753 3156 1894 3219 Gan.
1940 3173 1995 3235 5.
2038 3160 2095 3219 6.
2136 3158 2215 3217 ὁ·
2255 3159 2337 3233 8.)
2379 3156 2486 3217 sed
2526 3156 2701 3217 etiam
2743 3154 2993 3217 vinculi:
3035 3175 3175 3217 nam
3216 3156 3337 3216 hoc

412 3232 660 3295 formale
677 3279 692 3309 ,
729 3234 874 3296 illud
914 3236 1215 3298 materiale
1255 3248 1344 3299 est
1381 3236 1764 3315 matrimonij.
1804 3237 1972 3298 Prius
2012 3247 2213 3298 tamen
2250 3237 2537 3297 tentanda
2573 3248 2663 3297 est
2703 3234 3141 3297 reconciliatio:
3183 3252 3338 3313 quae

410 3312 469 3372 in
509 3314 797 3375 adulterio
837 3314 1080 3395 quidem
1117 3328 1206 3377 est
1243 3316 1458 3397 libera3
1498 3328 1693 3396 potest
1733 3316 1893 3378 enim
1931 3317 2218 3379 innocens
2251 3327 2570 3378 nocentem
2602 3316 3007 3395 poenitentem
3033 3314 3297 3395 recipere
3317 3360 3335 3393 ,

411 3394 504 3453 vel
561 3414 686 3455 non
745 3396 1026 3474 recipere.
1085 3400 1156 3458 In
1207 3398 1540 3458 desertione
1582 3403 1728 3459 vero
1769 3397 2154 3459 neccessaria.
2195 3396 2246 3457 si
2284 3396 2443 3459 enim
2484 3416 2619 3475 pars
2661 3396 2939 3458 deserens
2982 3398 3137 3457 vitro
3156 3440 3173 3473 ,
3216 3394 3342 3456 siue
3424 3404 3429 3409 “

413 3472 640 3534 monita
677 3474 756 3535 ad
798 3485 1056 3536 mentem
1095 3477 1326 3556 redeat,
1365 3478 1601 3538 defecta
1639 3496 1775 3555 pars
1799 3477 2171 3539 deserentem
2194 3476 2457 3554 recipere
2489 3487 2746 3555 tenetur,
2782 3476 2871 3537 sin
2901 3487 3099 3537 autem
3120 3476 3181 3535 in
3204 3494 3343 3535 con·

413 3553 665 3613 tumacia
704 3566 1064 3636 perseueret,
1111 3558 1343 3618 deserta
1381 3556 1495 3619 sibi
1532 3562 1570 3617 a
1611 3559 1745 3618 Deo
1789 3558 2167 3635 patientiam,
2208 3557 2505 3617 deserenti
2538 3556 2887 3635 sapientiam
2917 3555 3257 3647 exoptabit,
3292 3554 3343 3615 si

413 3634 565 3694 sorte
605 3636 767 3695 Deus
806 3636 1048 3697 daturus
1087 3649 1208 3709 est,
1249 3648 1313 3698 vt
1349 3636 1478 3715 ipsa
1517 3656 1685 3699 suam
1725 3636 2123 3699 infirmitatem
2154 3648 2456 3715 expugnet
2475 3636 2966 3715 iniquitatemque
2986 3634 3139 3696 illius
3160 3635 3341 3713 (cmi-

411 3710 542 3772 liter
580 3718 723 3775 vero
763 3718 800 3773 a
844 3716 1215 3795 Magistratu,
1257 3728 1574 3795 postquam
1615 3718 1816 3778 omnia
1855 3718 1957 3778 diu
1999 3728 2223 3779 tentata
2262 3716 2510 3793 fuerint,
2530 3728 2765 3795 tempus
2785 3726 3011 3778 certum
3032 3715 3306 3775 definitur
3322 3758 3340 3793 ,

413 3808 535 3867 quo
575 3796 776 3873 elapso
817 3794 1117 3856 innocenti
1154 3798 1222 3857 fit
1260 3798 1511 3859 liberum
1550 3798 1896 3859 necessitate
1933 3798 1995 3858 id
2038 3798 2397 3876 postulante,
2442 3796 2586 3859 alias
2620 3806 2822 3875 petere
2854 3794 3113 3875 nuptias)
3146 3806 3211 3855 vt
3228 3796 3342 3855 hac

413 3872 639 3935 ratione
698 3874 904 3936 omnia
964 3876 1232 3938 ordinate
1282 3882 1336 3939 δε
1385 3880 1636 3939 honeste
1685 3878 1744 3939 in
1785 3878 1973 3939 domo
2014 3876 2131 3939 Dei
2170 3886 2563 3957 peragantur,
2606 3876 2706 3937 cui
2746 3878 2820 3938 sit
2859 3878 2987 3937 laus
3024 3876 3247 3949 honor,
3288 3878 3343 3935 &

409 3953 600 4032 gloria
637 3954 698 4014 in
739 3957 960 4016 secula.
1004 3958 1228 4018 Amen.

1834 4451 1908 4529 36
3003 4452 3129 4509 Lv.
3212 4448 3270 4507 D
3293 4448 3347 4507 E
