3923 4875
546 357 660 415 342

540 521 833 599 obligant,
901 526 1011 579 aut
1070 521 1385 597 analogia.-
1453 530 1813 604 quapropter
1880 529 1992 582 aut
2036 524 2198 602 ipsas
2257 525 2412 598 leges
2471 523 2717 584 seruari
2755 531 2900 600 opus
2943 529 3063 602 est,
3111 531 3222 583 aut
3262 544 3474 588 earum

541 613 880 688 analogiam
892 629 920 685 ,·
962 617 1028 670 vt
1077 611 1148 672 de
1189 616 1312 674 suis
1354 615 1571 697 leqibus
1611 616 1900 676 Iurecoss.
1940 622 2311 692 praecepere.

630 783 754 843 Sed
802 783 945 842 haec
1005 783 1289 858 analogia
1348 787 1411 846 in
1455 787 1906 863 circumstantiis
1948 787 2134 846 solum
2179 785 2472 846 mutabilis
2511 792 2600 846 est
2615 829 2635 863 ‚
2680 787 2742 844 in
2773 785 3162 863 fundamento
3207 790 3472 850 rationis

540 877 637 938 vel
697 875 1023 935 substantia
1078 871 1231 958 mi(f.
1280 895 1305 936 1
1318 879 1401 952 48
1413 874 1649 958 7)nime.
1711 877 1972 937 Proinde
2021 879 2128 954 qui
2174 879 2306 938 iure
2357 877 2642 938 communi
2683 877 2936 937 ciuiliter
2981 895 3057 936 ex
3098 879 3224 952 lege
3271 879 3472 940 Mosis

541 985 681 1028 reus
724 967 932 1026 mortis
976 972 1093 1043 est,
1140 967 1289 1026 idem
1332 987 1472 1028 reus
1515 972 1722 1029 mortis
1763 969 1869 1028 hoc
1912 975 2164 1047 tempore
2199 969 2492 1028 habendus
2537 975 2652 1028 est:
2703 986 2842 1028 nam
2884 971 3054 1028 vnica
3091 976 3180 1030 est
3210 972 3473 1032 iustitiae

541 1059 702 1118 ratio
749 1060 827 1119 ἂν
888 1059 1279 1120 immutabilis.
1350 1059 1835 1120 circumstantiae
1892 1061 2062 1140 verb,
2114 1066 2181 1120 vt
2211 1063 2274 1120 in
2309 1061 2528 1136 factis,
2582 1061 2667 1120 sie
2712 1060 2775 1119 in
2827 1061 2959 1118 iure
3001 1063 3249 1120 variant
3286 1081 3468 1139 quam

538 1151 854 1228 plurimum
878 1193 895 1226 ‚
940 1149 1197 1226 quadam
1242 1153 1498 1212 rationis
1544 1152 1847 1226 analogia.

638 1321 1023 1397 Quaecunque
1057 1323 1197 1381 verb
1228 1323 1382 1396 leges
1419 1323 1573 1384 iuris
1594 1322 1996 1403 particularis
2026 1329 2184 1399 sunt,
2225 1325 2288 1383 in
2311 1323 2522 1384 ritibus
2550 1341 2622 1382 ac
2643 1321 2976 1399 cermosz
2979 1323 3244 1400 positae,
3267 1342 3466 1386 omnes

526 1417 786 1492 suerunt
822 1411 1151 1472 mutabiles:
1179 1415 1502 1492 pleraeque
1546 1417 1665 1476 iam
1711 1419 1970 1474 mutatae
2011 1421 2178 1492 sunt,
2221 1433 2335 1474 non
2378 1414 2544 1474 modo
2566 1415 2630 1472 in
2653 1415 3106 1473 circumtantizls
3126 1457 3144 1490 ,
3167 1414 3467 1474 sedetiam

534 1523 607 1564 re
648 1507 777 1582 ipsa
791 1521 817 1577 ;
854 1505 1207 1580 praesertim
1250 1524 1619 1582 quaecunque
1660 1505 1749 1564 ad
1783 1507 2046 1564 vmbram
2077 1504 2437 1582 futurorum
2472 1504 2741 1582 fuerant
2757 1507 3075 1565 institutae.
3115 1503 3283 1564 Nam
3307 1509 3467 1567 recte

534 1597 668 1656 olim
714 1593 1059 1654 Scholastici
1071 1638 1087 1669 ,
1120 1603 1445 1675 praecepta
1475 1594 1669 1658 Mosis
1706 1597 2014 1656 iudicialia
2057 1615 2176 1658 esse
2221 1603 2477 1676 mortua,
2511 1598 2918 1656 ceremonialia
2954 1596 3096 1655 haec
3116 1593 3456 1674 mortifera.

626 1767 781 1826 Sunt
840 1773 1029 1826 autem
1099 1769 1505 1828 ceremonialia
1564 1774 1674 1827 aut
1712 1683 1891 1846 spec}
1910 1683 2394 1845 &sgr-itiaque,
2441 1775 2552 1828 aut
2590 1767 3060 1844 circumstantst.
3133 1764 3363 1844 Specie,·
3407 1771 3470 1829 si

531 1859 860 1937 principio,
926 1859 1134 1918 obiecto
1200 1864 1309 1916 aut
1352 1860 1481 1938 fine
1538 1861 1718 1938 typico
1769 1860 1865 1919 vel
1899 1861 2270 1920 ceremoniale·
2305 1853 2592 1936 fundatae
2634 1864 2787 1919 sunt.
2863 1859 3330 1937 Circumstantijs
3347 1903 3365 1938 ‚
3407 1863 3470 1920 si

536 1948 662 2010 alia
707 1951 943 2026 insuper
987 1950 1307 2009 accidentia
1350 1950 1684 2029 ceremoniis
1724 1951 2116 2028 applicantur.

630 2121 929 2198 Principio
974 2123 1348 2181 ceremoniale
1392 2128 1510 2200 est,
1555 2127 1622 2180 vt
1661 2037 1868 2181 Lem}
1887 2036 2026 2202 ,ἐξ
2043 2036 2260 2180 Ῑῖξεξνα
2302 2141 2374 2180 ne
2406 2120 2670 2181 venditor
2691 2121 2818 2196 lege
2847 2121 3138 2200 mancipis.
3195 2118 3460 2202 Obiecto,

538 2229 562 2270 τ
566 2217 605 2269 ·t
652 2210 853 2271 Exod.
906 2231 936 2270 2
950 2231 1010 2274 o.
1059 2212 1272 2271 Altare
1308 2219 1562 2271 terreum
1602 2209 1786 2288 facito
1830 2213 1975 2271 mihi
2016 2211 2203 2288 (quod
2225 2213 2647 2273 ambulatoriae
2667 2215 2796 2283 fuit
2813 2213 2984 2290 Reip.
3007 2205 3462 2298 Israelitarum)

540 2303 620 2362 ὁ·
663 2321 1030 2379 quaecunque
1073 2303 1273 2364 Exod.
1325 2323 1356 2363 2
1370 2319 1429 2382 5.
1475 2305 1553 2364 ἂν
1598 2305 1953 2380 sequentibus
1997 2304 2384 2380 imperantur.
2431 2303 2619 2383 Fine,
2651 2310 2718 2363 vt
2751 2303 2951 2365 Exod.
2987 2323 3012 2364 1
3027 2323 3089 2381 3.
3139 2301 3459 2382 Sanctifica

538 2393 685 2455 mihi
717 2396 1175 2474 primogenitum
1188 2437 1209 2467 ‚
1258 2395 1336 2457 ἐν
1380 2401 1650 2457 sexcenta
1694 2396 1839 2456 alia.

1783 2482 1843 2541 X
1860 2482 1920 2541 X
1936 2481 1996 2539 X
2017 2482 2047 2540 1
2065 2482 2095 2540 1
2113 2482 2144 2541 Ι
2163 2482 2211 2540 1.

628 2564 729 2624 De
774 2567 1222 2643 circumstantijs
1268 2568 1738 2629 ceremonialibus
1782 2568 2055 2626 iudicium
2100 2567 2247 2626 idem
2261 2584 2284 2625 .·
2305 2568 2431 2626 siue
2451 2567 2540 2627 ad
2552 2570 2787 2645 speciem
2810 2568 2996 2644 ipsam
3027 2568 3459 2627 ceremonialem

539 2658 837 2729 accidant,
908 2660 1033 2718 siue
1098 2658 1259 2735 ipsae
1318 2666 1428 2735 per
1498 2678 1559 2719 se
1614 2662 1972 2719 constituant
2017 2661 2253 2736 speciem
2312 2660 2698 2719 ceremoniae:
2744 2663 2810 2718 vt
2848 2660 2976 2717 cum
3021 2657 3264 2737 dicitur,
3311 2658 3458 2718 Non

525 2747 725 2825 facies
768 2750 945 2808 vllum
990 2757 1131 2830 opus
1176 2752 1239 2810 in
1281 2750 1373 2809 die
1417 2749 1712 2811 Sabbatki.
1843 2836 1904 2895 X
1922 2834 1982 2894 X
2000 2835 2059 2893 X
2079 2834 2138 2893 v

628 2918 749 2979 Sed
801 2921 1064 2997 plurima
1135 2922 1197 2980 in
1263 2922 1345 2980 eis
1397 2928 1721 3001 praecepta
1780 2926 1946 2999 sunt,
2015 2938 2166 2997 quae
2209 2922 2574 2998 compositam
2627 2919 2922 2996 quandam
2967 2938 3042 2979 ex
3087 2922 3334 2999 morali,
3381 2920 3461 2980 ὁ·

538 3014 908 3071 ceremoniali
945 3014 1078 3071 iure
1119 3012 1406 3072 rationem
1450 3012 1662 3072 liabent
1690 3012 2058 3091 promiscue,
2103 3032 2174 3073 ac
2225 3031 2339 3071 non
2381 3014 2552 3071 vnius
2595 3018 2735 3071 sunt
2774 3011 3072 3071 duntaxat
3104 3011 3364 3087 generis.

632 3182 707 3241 In
760 3183 852 3242 Itis
896 3190 1087 3242 autem
1132 3203 1281 3261 quae
1323 3186 1501 3244 mixti
1538 3191 1677 3243 sunt
1708 3098 1956 3259 genjezrzl'}
1966 3100 2034 3261 ,X
2043 3098 2206 3260 geba?
2238 3185 2462 3242 morale
2506 3189 2594 3258 est
2616 3188 2964 3261 permanet:
3009 3182 3172 3259 quod
3207 3182 3466 3241 absolute

540 3273 812 3333 iudiciale
830 3318 847 3349 ,
908 3280 1172 3334 mutatur
1224 3276 1676 3352 circumstantijs
1690 3294 1713 3334 .·
1769 3274 1929 3353 quod
1967 3275 2340 3334 ceremoniale
2357 3319 2374 3349 ,
2419 3277 2685 3334 vniuerse
2714 3274 2899 3351 perit.
2955 3272 3292 3332 Cuiusmodi
3327 3280 3474 3332 sunt

538 3366 864 3423 obseruatio
908 3365 1027 3425 diei
1069 3366 1359 3427 Sabbathi.
1410 3366 1611 3428 Exod.
1665 3387 1695 3426 2
1708 3386 1769 3427 o.
1814 3366 1947 3425 Lex
1993 3366 2060 3425 de
2103 3366 2521 3425 homicidarum
2564 3371 2794 3441 receptu
2837 3367 2898 3424 in
2945 3366 3112 3424 vrbes
3143 3362 3436 3443 perfugis
3443 3408 3464 3442 ,

540 3456 726 3515 Num.
778 3476 813 3534 3
828 3474 885 3535 5.
935 3457 1231 3532 Purgatio
1276 3460 1346 3517 de
1384 3457 1685 3517 homicidio
1733 3459 1893 3517 cuius
1938 3457 2196 3517 incertus
2239 3464 2446 3516 auctor
2464 3504 2480 3533 ‚
2529 3455 2712 3515 Deut.
2768 3476 2798 3515 2
2817 3476 2842 3515 1
2855 3498 2870 3515 .
2922 3457 2999 3516 ὁ·
3044 3456 3282 3516 similia.

631 3629 822 3703 Atque
864 3629 927 3687 in
967 3628 1119 3687 hunc
1170 3628 1397 3689 modum
1424 3628 1748 3705 pleraeque
1766 3544 1851 3689 εἰ(
1862 3544 2083 3687 {agag
2091 3544 2246 3702 {eges
2267 3627 2461 3688 Mosis
2483 3626 2830 3685 iudiciariae
2843 3645 2867 3685 .·
2891 3645 3040 3702 quae
3063 3633 3184 3684 tum
3206 3626 3300 3686 ius
3305 3626 3462 3703 poli-

542 3720 714 3779 ticum
758 3726 1012 3779 naturae
1056 3738 1344 3779 commune
1397 3719 1474 3779 ὁ·
1520 3721 1827 3794 singulare
1862 3721 2058 3794 gentis
2086 3720 2482 3797 participant,
2525 3724 2644 3777 tum
2689 3720 3064 3777 ceremoniale
3107 3717 3182 3775 ab
3203 3718 3469 3777 instituto

524 3812 789 3885 gratiae.
838 3811 980 3870 Has
1024 3818 1213 3870 autem
1258 3830 1359 3870 nec
1381 3810 1533 3869 recte
1570 3810 1969 3888 intelligimus,
1993 3810 2112 3869 nisi
2132 3806 2206 3873 τό
2237 3804 2493 3895 ἤθικδν
2517 3802 2660 3873 dno*
2689 3806 2808 3873 τοῦ
2830 3806 3112 3873 cunano&
3135 3808 3461 3881 distingua-

540 3921 666 3961 mus
680 3947 697 3980 ,
744 3921 857 3981 πει,
868 3904 1171 3981 quisquam
1196 3922 1399 3963 earum
1422 3903 1873 3962 obseruationem
1905 3903 2175 4044 εΐνιξνίιῖνῗ
2187 3900 2302 4043 Ilzoc
2325 3906 2577 3978 tempore
2605 3917 2731 3957 cum
2752 3900 2984 3958 ratione
2995 3904 3191 3977 potest
3208 3899 3467 3973 exigere.

632 4074 797 4131 Nam
836 4083 989 4151 pars
1014 4092 1217 4133 earum
1244 4079 1336 4150 (vt
1354 4076 1440 4133 ita
1464 4074 1749 4148 dicamus)
1776 3986 2052 4131 ξοξίξίἱς
2074 4076 2160 4129 est
2175 4115 2192 4148 ,
2213 4033 2389 4145 atque
2407 4070 2698 4129 mutabilis
2714 4112 2733 4141 ,
2754 4078 2904 4145 pars
2927 4076 3165 4130 mortua
3183 4115 3201 4148 ,
3227 4072 3305 4130 ὁ»
3311 4078 3476 4148 pars

538 4164 878 4240 mortifera.
936 4163 1060 4240 Qui
1101 4170 1289 4224 autem
1318 4166 1461 4241 figit
1501 4166 1801 4223 mutabiles
1832 4170 1943 4222 aut
1967 4170 2232 4221 mortuas
2253 4170 2373 4239 pro
2413 4161 2665 4220 absolute
2696 4162 3038 4237 necessartjs
3057 4206 3074 4237 ,
3105 4162 3474 4235 libertatem,-

544 4258 650 4333 qui
686 4258 1036 4335 mortiferas
1054 4301 1072 4334 ,
1125 4258 1305 4316 vitam
1350 4256 1626 4317 mentibus
1682 4255 2037 4315 Christianis
2051 4296 2068 4331 ,
2103 4258 2381 4330 quantum
2415 4252 2640 4328 quidem
2678 4253 2739 4310 in
2763 4252 2886 4330 ipso
2907 4259 3021 4330 est,
3047 4252 3074 4311 ὲ
3096 4252 3278 4312 medio
3301 4254 3471 4313 tollit.

3312 4444 3474 4503 DE
