3923 4875
629 313 744 386 246
1569 327 1894 374 ‘rnnsns
1952 329 2609 379 rnnonoorcar..

623 490 906 551 munione
946 488 1162 550 Christi
1201 493 1257 552 δι
1297 487 1544 567 Spiritus
1581 487 1731 550 eius:
1773 487 1898 550 siue
1939 488 2309 570 imperfecte,
2350 491 2457 552 sed
2478 495 2615 554 vere
2636 503 2873 554 sanctos
2892 493 2953 554 in
2973 493 3239 574 Christe,
3260 495 3546 557 inchoata

623 571 683 632 in
723 569 863 648 ipsis
901 569 1301 631 conmunione
1341 567 1556 630 Christi
1595 569 1652 628 δι
1691 570 1967 648 Spiritus:
2014 569 2137 632 siue
2179 590 2301 631 non
2340 591 2415 632 ex
2454 573 2697 634 veritate
2740 575 3021 648 Sanctos,
3061 575 3171 635 sed
3210 575 3411 654 specie
3442 595 3541 638 so-

622 653 746 713 lum
787 651 853 727 (f.
905 653 1096 727 ¹714·)
1137 649 1198 711 id
1238 659 1357 726 est,
1400 649 1713 710 vocatione
1753 651 1810 710 δι
1851 649 2219 729 professione
2258 663 2501 714 externa
2540 654 2871 732 appellatos
2912 666 3150 716 sanctos
3190 653 3545 734 aequiuoce,

622 729 894 811 quamuis
953 749 1074 791 non
1135 732 1394 792 habeant
1452 739 1630 807 caput
1669 731 1726 792 δι
1767 731 2023 793 formam
2066 731 2395 811 Ecclesiae,
2436 730 2501 793 id
2539 743 2659 811 est,
2699 732 3184 796 communionem
3226 735 3446 798 Christi
3484 739 3545 797 δι

629 815 669 874 S
711 810 878 872 iritus
917 811 1057 872 eius.

671 832 763 955 pa.
843 892 998 952 Nam
1037 893 1252 952 horum
1293 889 1406 951 alia
1445 888 1680 968 proprie
1719 901 1854 950 sunt
1893 892 2191 970 membra,
2234 889 2347 952 alia
2386 891 2735 970 aequiuoce.
2778 893 3022 974 Proprie
3064 905 3204 957 sunt
3246 898 3537 976 membra,

621 973 726 1051 qui
758 991 882 1032 non
921 972 1115 1034 solum
1157 969 1528 1032 materialiter
1565 980 1686 1049 atq.
1727 968 2087 1032 extrinsecus
2121 971 2181 1032 in
2222 973 2487 1032 Ecclesia
2530 976 2585 1034 δι
2627 972 2705 1034 de
2748 973 3015 1036 Ecclesia
3035 985 3207 1054 sunt3
3228 975 3335 1036 sed
3357 975 3539 1038 etiam

621 1050 948 1116 formaliter
1007 1061 1128 1129 atq.
1167 1049 1515 1112 intrinsecus
1557 1051 1617 1112 in
1659 1049 1898 1114 Christo
1931 1071 2039 1130 per
2071 1050 2677 1115 communicationem
2718 1053 2985 1132 Spiritus.
3024 1054 3355 1134 Improprie
3399 1061 3547 1119 vero

619 1133 722 1212 qui
783 1130 1157 1272 matflelrialiter
1218 1133 1411 1192 solum
1459 1128 1521 1191 in
1563 1131 1829 1192 Ecclesia
1869 1143 2007 1194 sunt
2022 1177 2038 1210 ,
2076 1133 2131 1192 δι
2172 1131 2248 1193 de
2290 1131 2558 1194 Ecclesia
2598 1131 2878 1196 dicuntur
2894 1183 2911 1214 ,
2950 1133 3089 1197 licet
3123 1137 3379 1197 formam
3421 1155 3549 1198 non

621 1223 860 1278 teneant
898 1232 917 1273 ι
961 1213 1068 1274 ius.
1431 1223 1440 1234 ·

698 1314 757 1372 3.
838 1295 1074 1354 Horum
1114 1303 1312 1352 autem
1354 1289 1698 1352 communio
1740 1290 1956 1352 dicitur
1997 1311 2155 1369 esse,
2196 1293 2358 1354 velut
2396 1292 2669 1371 proprius
2708 1305 2875 1356 actus
2917 1295 2972 1354 δι
2994 1293 3262 1356 officium
3286 1293 3547 1376 singulo-

613 1393 747 1436 rum
790 1373 1192 1435 membrorum
1235 1370 1384 1432 inter
1423 1389 1490 1432 se
1529 1389 1604 1430 ex
1643 1369 1861 1434 vnione
1902 1371 2144 1434 formali
2184 1390 2323 1434 cum
2355 1371 2594 1435 Christo
2634 1375 2691 1434 δι
2733 1373 2951 1454 Spiritu
2995 1373 3175 1453 ipsius
3215 1377 3542 1454 profluens.

616 1457 722 1516 Est
784 1453 958 1532 igitur
1023 1453 1352 1512 Communia
1393 1459 1728 1512 sanctorum
1770 1464 1938 1514 actus
1990 1453 2269 1514 relatiuus
2310 1451 2373 1514 in
2411 1453 2786 1515 ordinatione
2800 1499 2817 1531 ,
2858 1453 3260 1532 applicatione
3302 1459 3357 1516 ἃ
3400 1475 3547 1517 con-

615 1533 970 1597 formatione
1006 1531 1268 1626 positus,
1307 1530 1676 1610 singulorum
1719 1535 2125 1594 membrorum
2168 1551 2306 1594 cum
2348 1550 2458 1594 suo
2498 1533 2726 1612 capite,
2768 1536 2825 1595 δι
2876 1534 3028 1596 inter
3066 1553 3161 1613 se,
3201 1537 3281 1595 ab
3320 1535 3545 1598 vnione

613 1616 714 1676 illa
753 1613 1152 1690 sanctissima,
1193 1611 1313 1691 qua
1355 1609 1625 1672 Ecclesia
1667 1631 1782 1672 vna
1816 1624 1934 1690 est,
1978 1612 2398 1690 proficiscenS,
2438 1613 2517 1674 ad
2556 1613 2807 1694 gloriam
2852 1612 2964 1676 Dei
3006 1613 3065 1676 in
3108 1633 3293 1694 regno
3324 1615 3543 1678 Christi

620 1698 675 1757 δι
707 1698 894 1758 salute
935 1705 1140 1755 nostra
1179 1703 1490 1754 aeternum
1530 1691 1983 1753 testificandam.

698 1796 755 1849 4.
838 1777 1058 1835 Actum
1111 1770 1420 1834 relatiuam
1475 1791 1547 1832 ac
1597 1789 1723 1832 non
1771 1772 2100 1852 potentiam
2149 1771 2434 1852 dicimus,
2486 1789 2609 1851 quo
2650 1773 2879 1854 singula
2922 1773 3192 1836 membra
3234 1779 3370 1836 vere
3414 1789 3540 1836 tum

618 1853 1006 1934 percipiendo
1021 1899 1038 1924 ,
1081 1863 1206 1914 tum
1247 1850 1538 1913 tradendo
1553 1896 1572 1928 ,
1612 1852 2059 1913 communicant
2100 1869 2236 1914 cum
2280 1851 2517 1914 Christo
2560 1857 2617 1916 &
2655 1852 2807 1914 inter
2846 1873 2913 1916 se
2954 1856 3131 1916 rebus
3162 1855 3443 1916 omnibus
3462 1857 3543 1917 ad

617 1933 1042 2015 perfectionem
1079 1935 1218 1994 cum
1261 1950 1428 1994 suam
1469 1931 1763 2010 ipsorum,
1815 1941 1944 1993 tum
1984 1931 2235 1994 aliorum
2274 1931 2644 2012 singulariter
2683 1938 2739 1997 δι
2780 1933 3049 1998 vniuerse
3092 1934 3543 2014 pertinentibus.

627 2037 677 2076 1.
719 2014 946 2075 Ordine
963 2059 979 2089 ,
1019 2012 1138 2092 qua
1177 2013 1274 2088 alij
1321 2020 1458 2072 sunt
1497 2009 1750 2072 aliorum
1793 2011 2092 2089 membra,
2133 2015 2188 2074 δι
2230 2031 2339 2074 suo
2380 2013 2593 2074 ordine
2633 2017 2689 2076 &
2724 2017 2861 2075 loco
2894 2013 3112 2094 singuli
3150 2016 3262 2076 sub
3305 2035 3427 2076 vno
3448 2037 3543 2076 ca-

617 2095 739 2174 pite
782 2093 1038 2155 Christo.
1085 2114 1136 2154 2.
1179 2091 1626 2172 Applicatione,
1665 2091 1786 2170 qua
1823 2091 1920 2171 alij
1960 2111 2100 2155 cum
2142 2091 2267 2154 aliis
2306 2094 2782 2174 communicant,
2802 2095 3094 2156 tradendo
3115 2098 3170 2157 δι
3190 2093 3543 2173 accipiendo

619 2173 820 2236 officia
877 2171 1080 2234 omnia
1095 2220 1110 2234 .
1165 2192 1320 2251 quae
1371 2170 1798 2234 communicari
1847 2172 2011 2234 iubet
2064 2185 2313 2252 augusta
2350 2173 2452 2234 illa
2502 2173 2729 2236 vnionis
2774 2173 2837 2235 in
2870 2174 3109 2238 Christo
3146 2174 3545 2238 necessitudo·

621 2276 678 2335 3.
721 2253 1210 2316 conformatione
1227 2299 1243 2329 ,
1283 2252 1404 2344 qua
1441 2251 1653 2332 singuli
1695 2251 2117 2315 conuenienter
2156 2255 2194 2314 a
2233 2253 2471 2315 Christo
2510 2253 2929 2334 informantur,
2970 2258 3025 2317 δι
3066 2253 3145 2316 ad
3163 2273 3543 2317 communem

621 2333 1161 2397 conformationem
1203 2353 1266 2394 se
1307 2331 1420 2411 1psi
1459 2343 1830 2411 comparant.

705 2433 760 2509 5.
841 2418 1039 2493 Atque
1079 2417 1229 2477 haec
1268 2432 1408 2475 vera
1447 2422 1537 2475 est
1575 2413 1725 2473 ratio
1766 2430 1947 2490 quam
1988 2411 2265 2476 describit
2306 2413 2522 2475 Paulus
2537 2460 2554 2493 ,
2574 2411 2780 2476 dicens
2800 2433 2912 2477 nos
2932 2415 3279 2477 adolescere
3303 2413 3365 2475 in
3384 2433 3545 2493 eum,

620 2516 724 2575 qm
762 2507 854 2557 est
891 2505 1071 2574 caput
1085 2542 1102 2573 ,
1141 2492 1205 2556 id
1245 2504 1335 2555 est
1375 2492 1708 2555 Christum:
1751 2513 1825 2553 ex
1865 2512 1989 2572 quo
2024 2506 2217 2555 totum
2259 2512 2477 2572 corpus
2518 2507 2917 2587 congruenter
2954 2506 3443 2577 coagmentatum
3485 2499 3543 2557 &

617 2586 1000 2656 compactum
1061 2594 1168 2655 per
1223 2592 1435 2636 omnes
1493 2573 1896 2653 suppeditatas
1956 2572 2402 2653 commissuras,
2443 2593 2518 2635 ex
2556 2576 2615 2637 vi
2648 2586 2807 2637 intus
2846 2585 3061 2655 agente
3102 2596 3213 2655 pro
3270 2593 3545 2637 mensura

614 2656 1072 2734 vuiuscuiusque
1113 2654 1368 2717 membri
1405 2652 1837 2715 incrementum
1875 2654 2037 2734 capit
2076 2654 2313 2734 corpori
2352 2654 2717 2717 conueniens
2730 2701 2748 2732 ,
2789 2654 2870 2717 ad
2917 2655 3008 2717 sui
3043 2656 3222 2735 ipsius
3272 2668 3539 2719 exstruc-

623 2739 844 2799 tionem
885 2755 991 2814 per
1031 2736 1406 2811 charitatem,
1447 2750 1601 2812 quae
1645 2732 1850 2795 omnia
1881 2732 2043 2796 idem
2083 2736 2249 2796 Deus
2288 2732 2409 2815 agit
2448 2733 2508 2794 in
2553 2734 2853 2816 omnibus,
2896 2737 3118 2817 Ephes.
3158 2756 3216 2810 4.

695 2820 752 2879 6.
835 2816 1030 2877 Huius
1073 2825 1272 2877 autem
1311 2812 1750 2876 communionis
1789 2824 1986 2893 partes
2025 2824 2161 2875 sunt
2204 2816 2373 2875 duae.
2418 2816 2573 2875 Nam
2612 2814 2777 2895 prior
2790 2861 2808 2895 ,
2852 2828 2940 2878 est
2980 2813 3327 2878 communio
3370 2834 3538 2877 sanc·

613 2909 810 2958 torum
851 2914 990 2957 cum
1029 2894 1303 2971 Christo,
1345 2906 1406 2955 vt
1446 2894 1638 2973 capite
1677 2892 1966 2956 omnium.
2010 2894 2335 2971 Posterior,
2375 2904 2718 2957 sanctorum
2759 2894 2910 2957 inter
2948 2914 3033 2957 se.
3076 2894 3415 2974 Vtrobique
3450 2906 3537 2955 est

612 2978 852 3057 duplex.
894 2978 1050 3037 Nam
1091 2973 1439 3039 communio
1479 2985 1821 3037 sanctorum
1861 2986 1961 3035 aut
2004 2974 2266 3037 formalis
2282 3019 2299 3054 ,
2340 2974 2403 3035 id
2442 2985 2530 3036 est
2544 3022 2561 3053 ,
2597 2973 2925 3053 Spiritualis
2944 2985 3126 3054 atque
3146 2974 3381 3037 interna
3396 3021 3413 3054 ,
3434 2985 3535 3035 aut

613 3057 926 3119 materialis
989 3067 1105 3136 est,
1145 3055 1208 3117 id
1243 3066 1360 3132 est,
1402 3053 1729 3134 corporalis
1751 3101 1768 3132 ,
1810 3067 2053 3116 externa
2093 3058 2149 3117 δι
2182 3054 2561 3132 aspectabilis
2576 3103 2595 3135 ,
2637 3066 2819 3133 atque
2860 3057 2971 3117 sub
3012 3074 3250 3119 sensum
3290 3054 3534 3116 cadens.

697 3155 752 3213 7.
832 3136 1051 3198 Christi
1113 3140 1200 3213 (vt
1259 3134 1493 3213 capitis)
1552 3139 1608 3198 δι
1668 3136 2027 3196 Sanctorum
2068 3139 2157 3212 (vt
2196 3136 2606 3197 membrorum
2647 3136 2919 3215 corporis
2959 3134 3141 3215 illius)
3182 3134 3535 3197 communio

611 3228 702 3279 est
763 3217 1003 3295 duplex.
1052 3217 1210 3278 Nam
1265 3227 1364 3277 aut
1427 3225 1594 3276 actus
1641 3224 1732 3275 est
1787 3214 2007 3277 Christi
2047 3234 2187 3295 erga
2226 3224 2501 3294 sanctos,
2542 3226 2606 3277 vt
2644 3219 2921 3278 membra
2959 3214 3261 3295 corporis:
3304 3226 3410 3276 aut
3448 3224 3539 3277 est

613 3299 1022 3360 membrorum
1060 3316 1200 3377 erga
1239 3294 1544 3359 Christum
1563 3340 1582 3371 ,
1621 3304 1686 3356 vt
1719 3305 1900 3374 caput
1941 3294 2121 3356 illius:
2164 3293 2346 3374 idque
2382 3304 2633 3373 vtroque
2676 3296 2867 3358 modo
2906 3312 3091 3374 quem
3124 3293 3383 3357 diximus
3396 3340 3415 3375 ,
3452 3293 3539 3355 in-

615 3378 876 3439 trinseco
915 3386 1093 3455 atque
1133 3376 1486 3437 extrinseca

691 3462 749 3518 8.
831 3456 1026 3517 Huius
1066 3453 1508 3518 communionis
1560 3453 1779 3515 Christi
1821 3473 1961 3534 erga
2002 3464 2242 3516 sanctos
2281 3466 2449 3516 actus
2490 3466 2581 3515 est
2595 3500 2614 3535 ,
2655 3457 2823 3533 quod
2864 3455 3024 3518 intus
3064 3453 3310 3534 quidem
3348 3455 3535 3517 verbo

617 3542 673 3601 δι
715 3536 934 3615 Spiritu
973 3555 1082 3598 suo
1123 3535 1312 3597 influit
1371 3536 1428 3596 in
1476 3544 1701 3595 mentes
1761 3536 1819 3596 δι
1858 3534 2047 3596 corda
2086 3534 2381 3627 ipsorum,
2422 3532 2627 3597 omnia
2660 3534 2863 3596 officia
2899 3540 2955 3599 δι
2988 3535 3277 3597 beneficia
3312 3533 3537 3627 gratiae

620 3628 926 3698 praestans
965 3616 1027 3677 in
1072 3615 1313 3695 singulis
1328 3661 1345 3694 ,
1388 3634 1496 3694 pro
1539 3614 1785 3676 modulo
1827 3613 2167 3676 donationis
2211 3614 2421 3693 ipsius,
2462 3619 2518 3678 δι
2547 3614 2880 3677 vocationis
2912 3617 3178 3695 ipsorum
3198 3635 3215 3676 ε
3234 3616 3377 3676 fons
3399 3616 3537 3677 vero

620 3709 864 3761 externa
903 3694 1407 3759 administratione
1446 3694 1642 3773 verbi,
1685 3696 2201 3757 Sacramentorum
2244 3696 2299 3754 δι
2340 3694 2521 3755 totius
2560 3694 2784 3756 ordinis
2840 3715 2916 3756 ac
2956 3694 3389 3775 procurationis
3430 3695 3537 3755 Ec·

619 3778 1004 3839 clesiasticae.
1047 3776 1202 3837 Nam
1242 3778 1408 3855 quod
1447 3778 1612 3837 Deus
1652 3773 1712 3835 in
1753 3774 1926 3836 nobis
1966 3773 2087 3853 agit
2128 3794 2235 3853 per
2277 3774 2609 3853 Christum,
2649 3772 2710 3835 id
2754 3776 3021 3837 Christus
3061 3774 3245 3836 efficit
3284 3774 3345 3835 in
3364 3772 3539 3835 nobis

623 3860 779 3919 intus
819 3878 924 3937 per
965 3856 1276 3937 Spiritum,
1317 3855 1458 3916 foris
1497 3874 1604 3935 per
1647 3854 2069 3934 ministerium,
2112 3858 2271 3916 velut
2311 3866 2617 3917 externum
2658 3854 2907 3933 Spiritus
2928 3854 3419 3932 instrumentum,
3438 3872 3539 3914 vo·

621 3942 908 3999 luntatem
968 3956 1135 3999 suam
1198 3946 1438 3997 externa
1479 3935 1575 3995 illa
1615 3934 2125 3997 administratione
2167 3945 2417 4017 testans,
2459 3936 2515 3995 δι
2554 3953 2669 3996 nos
2708 3934 2917 3995 eadem
2950 3952 3289 4013 prouocans
3327 3932 3405 3994 ad
3446 3952 3537 3994 or-

620 4018 819 4077 dinem
841 4064 856 4093 .,
896 4016 1357 4097 applicationem
1402 4018 1458 4075 δι
1499 4016 2040 4077 conformationem
2086 4034 2286 4076 veram
2327 4017 2382 4076 δι
2423 4025 2692 4077 sanctam
2732 4014 2936 4094 ipsius.

697 4118 755 4189 9.
837 4097 1293 4161 Communionis
1335 4106 1674 4157 sanctorum
1715 4114 1858 4188 erga
1899 4096 2202 4157 Christum
2241 4105 2409 4157 actus
2448 4106 2567 4172 est,
2608 4105 2735 4155 tum
2780 4094 2947 4173 quod
2986 4094 3069 4155 illi
3108 4092 3329 4157 Christi
3364 4094 3540 4155 bene-

617 4178 750 4237 ficia
791 4176 946 4239 intus
986 4178 1294 4257 hauriunt,
1337 4179 1392 4237 δι
1427 4174 1569 4237 foris
1609 4174 1940 4252 accipiunt,
1982 4186 2046 4237 vt
2080 4176 2349 4237 membra
2389 4179 2427 4237 a
2466 4192 2575 4236 suo
2617 4174 2811 4253 capite
2850 4176 3197 4253 informata,
3236 4174 3293 4233 δι
3329 4183 3543 4235 vocata

617 4258 696 4317 ad
750 4258 1191 4338 perceptionem
1241 4256 1510 4318 salutaris
1563 4254 1786 4337 gratiae
1799 4300 1818 4335 ,
1873 4266 2001 4317 tum
2052 4252 2219 4333 quod
2272 4254 2571 4317 tenuitatis
2610 4272 2751 4317 suae
2793 4257 2848 4316 δι
2892 4252 3244 4316 infirmitatis
3282 4249 3505 4328 conscii
3520 4298 3541 4329 ,

625 4336 848 4415 seipsos
898 4340 1109 4401 sistunt
1159 4335 1428 4417 quotidie
1481 4337 1658 4417 capiti
1711 4353 1823 4398 suo
1861 4334 2018 4399 intus
2058 4334 2263 4415 spiritu
2278 4381 2295 4411 ‚
2336 4346 2401 4397 vt
2440 4336 2503 4398 in
2541 4347 2867 4413 conspectu
2908 4335 3211 4474 Ecclesia}
3250 4332 3395 4425 toris
3432 4351 3542 4411 per

438 4441 573 4475 ..ιι
3208 4424 3504 4475 ecuonem
3520 4456 3541 4492 ,
