3923 4875
1370 383 1696 429 THESES
1748 347 2410 428 trunonoclcat..
3283 383 3392 442 137

470 553 843 622 compertum
894 544 1212 623 habemus3
1266 543 1373 606 sed
1424 546 1652 605 tantum
1690 563 1805 604 nos
1848 543 2057 605 mediis
2096 543 2262 604 hisce
2302 542 2571 622 alligatos
2612 561 2738 604 esse
2777 544 3079 612 volumus,
3119 543 3176 601 δι
3213 541 3294 604 ita
3333 551 3398 601 vt

471 622 831 700 quicumque
844 668 862 702 ,
922 623 993 684 iis
1056 625 1341 702 neglectis
1358 669 1376 703 ,
1434 624 1495 684 in
1556 634 1785 684 secreta
1836 622 1951 683 Dei
1991 625 2314 700 irrumpere
2343 623 2514 700 velit,
2559 632 2662 683 aut
2699 621 2954 700 negatis,
2995 624 3072 682 ad
3111 625 3290 682 finem
3332 641 3395 682 se

470 702 780 781 peruenire
818 721 997 781 posse
1038 713 1293 783 asserat,
1334 721 1471 766 eum
1512 702 1577 764 in
1614 705 1813 764 Deum
1854 703 2299 781 blasphemum,
2338 701 2662 780 ingratum,
2703 705 2758 762 ὅτ
2795 711 2928 762 toto
2965 703 3139 762 coelo
3167 720 3362 762 errare
3378 746 3396 781 ,

473 781 674 845 dicere
712 801 835 844 non
872 801 1198 844 vereamur.

551 880 648 938 47.
727 863 1039 940 Secundo,
1103 861 1312 924 mediis
1372 860 1495 926 istis
1554 864 1611 923 &
1669 862 1893 924 effectis
1951 861 2260 923 electionis
2307 861 2489 922 vtitur
2507 905 2523 934 ,
2579 869 2644 920 vt
2681 871 2880 922 certos
2917 879 3033 921 nos
3071 859 3282 921 reddat
3318 862 3395 920 de

471 941 661 1002 nostri
698 941 1005 1004 electione.
1068 943 1219 1002 Sunt
1270 941 1431 1003 enim
1480 960 1556 1002 ex
1594 941 1777 1020 ipsius
1810 942 1927 1003 Dei
1966 941 2265 1022 instituto,
2305 943 2515 1002 effecta
2558 958 2770 1002 causae
2809 958 2949 1001 suae
2988 941 3364 1016 ἀψευδέςοτα
3378 984 3396 1016 ,

474 1019 557 1081 ita
614 1031 677 1081 vt
719 1021 824 1098 qui
862 1041 927 1082 se
966 1033 1245 1082 vocatum
1284 1021 1517 1083 efficaci
1551 1020 1800 1100 Spiritus
1840 1021 2054 1083 virmte
2093 1021 2342 1083 senserit
2355 1066 2374 1099 ,
2414 1039 2480 1081 se
2518 1023 2772 1081 electum
2811 1020 3010 1080 dicere
3049 1018 3258 1096 possit3
3298 1019 3400 1094 qui

472 1099 750 1162 iustitiam
807 1100 1025 1163 Christi
1070 1101 1185 1162 sibi
1225 1106 1263 1162 a
1300 1103 1437 1163 Deo
1474 1099 1823 1180 imputatam
1860 1103 2165 1181 amplexus
2201 1101 2400 1182 fuerit,
2441 1119 2506 1160 se
2545 1111 2825 1161 vocatum
2866 1119 2994 1160 esse
3033 1099 3232 1160 dicere
3270 1116 3394 1159 non

485 1179 745 1262 dubitet3
784 1180 888 1258 qui
924 1181 1182 1242 studium
1220 1182 1519 1242 bonorum
1560 1199 1809 1260 operum
1844 1181 1905 1242 in
1947 1200 2012 1243 se
2048 1180 2247 1260 vigere
2285 1179 2550 1258 nouerit,
2585 1200 2650 1241 se
2667 1179 3042 1242 iustificatum
3058 1224 3074 1249 ,
3087 1188 3364 1238 vocatum
3381 1225 3399 1256 .,

472 1261 727 1321 electum
768 1277 924 1332 esse,
966 1263 1170 1322 sancte
1210 1260 1449 1339 gloriari
1489 1271 1695 1339 queat,
1740 1265 1797 1322 ὅτ
1834 1281 1943 1340 per
1963 1279 2340 1338 consequens
2357 1279 2424 1322 se
2447 1271 2612 1321 certo
2632 1259 3031 1338 glorificatum
3051 1257 3140 1318 iri.
3183 1258 3290 1317 Ille
3309 1269 3400 1320 est

476 1339 677 1400 tertius
718 1340 929 1401 modus
968 1357 1091 1418 quo
1130 1340 1277 1400 certi
1314 1339 1624 1402 reddimur
1661 1341 1741 1401 de
1777 1340 1966 1402 nostri
1995 1341 2284 1402 electione
2299 1385 2317 1418 ,
2339 1341 2416 1401 de
2436 1357 2558 1417 quo
2579 1343 2831 1417 paucula
2850 1339 3108 1402 diximus
3126 1339 3276 1398 thes.
3301 1357 3396 1414 34.

549 1423 647 1492 48.
728 1420 953 1480 Omnes
990 1419 1197 1499 igitur,
1237 1422 1295 1482 δι
1334 1419 1582 1500 singuli,
1620 1418 1727 1497 qui
1766 1423 1913 1482 tales
1951 1423 2010 1482 δι
2029 1431 2228 1481 tantae
2248 1431 2428 1481 notae
2449 1429 2626 1481 testes
2647 1418 2956 1480 electionis
2977 1437 3116 1480 suae
3136 1419 3390 1496 habent,

474 1501 675 1576 quales
714 1511 851 1560 sunt
892 1500 991 1578 Sp.
1013 1501 1073 1560 S.
1092 1499 1411 1578 applicatio
1432 1499 1892 1578 promissionum
1912 1500 2435 1580 Euangelicarum,
2458 1499 2668 1560 effecta
2685 1499 2786 1559 illa
2805 1498 3198 1560 electionibus
3217 1516 3394 1575 supra

470 1589 841 1657 enumerata,
894 1589 1147 1640 statuere
1188 1580 1442 1658 debent,
1482 1599 1599 1641 nec
1638 1599 1703 1640 se
1742 1599 1854 1641 nec
1894 1582 2148 1642 electum
2188 1597 2530 1658 quenquam
2567 1578 2822 1640 finaliter
2861 1581 2918 1640 δι
2960 1577 3217 1640 totaliter
3255 1579 3397 1637 defi-

470 1676 605 1719 cere
666 1677 863 1736 posse.
924 1659 1067 1720 Illos
1105 1665 1247 1721 vero
1286 1679 1399 1738 pro
1442 1660 1643 1742 electis
1681 1661 1903 1722 habere
1942 1671 2218 1721 tenentur
2257 1677 2334 1720 ex
2369 1658 2486 1720 Dei
2523 1659 2808 1720 mandato
2822 1705 2840 1737 ,
2881 1658 2944 1720 in
2984 1658 3200 1736 quibus
3238 1657 3395 1718 testi·

482 1735 689 1798 monia
746 1737 1053 1800 electionis
1110 1739 1610 1816 animaduerterit,
1666 1739 1848 1816 idque
1895 1760 1970 1800 ex
2009 1739 2228 1801 iudicio
2269 1739 2599 1830 charitatiS,
2639 1738 2924 1801 iudicium
2963 1736 3223 1799 veritatis
3263 1739 3398 1798 Deo

484 1817 879 1897 ιαρδιογνώςῃ
918 1817 1333 1896 relinquentes.
1393 1821 1489 1879 De
1528 1819 1598 1881 iis
1635 1824 1811 1899 vero,
1848 1819 1909 1880 in
1949 1820 2165 1897 quibus
2203 1818 2342 1881 talia
2379 1838 2502 1880 non
2541 1819 2814 1880 videntur
2853 1819 3052 1898 signa,
3083 1817 3397 1895 desperare

482 1914 610 1956 non
650 1898 875 1956 debent
889 1941 908 1976 ,
947 1899 1143 1960 Deum
1184 1917 1313 1960 esse
1348 1899 1796 1961 misericordem
1838 1899 2091 1961 scientes
2105 1945 2124 1978 ,
2162 1899 2266 1978 qui
2305 1899 2455 1960 hora
2491 1898 2817 1960 nouissima
2855 1917 3010 1977 quos
3037 1899 3163 1960 vult
3200 1907 3393 1957 vocat.

554 1994 651 2052 49.
732 1977 1042 2040 Hactenus
1084 1979 1161 2040 de
1199 1979 1493 2041 electione
1506 2024 1524 2058 ,
1565 1979 1683 2040 iam
1725 1979 1803 2040 de
1842 1979 2280 2058 reprobatione.
2337 1980 2791 2057 Reprobationis·
2825 1997 3046 2040 nomen
3087 1988 3176 2038 est
3217 1975 3392 2038 etiam

475 2053 837 2134 πολύσημονς
878 2055 1094 2119 dicitur
1134 2059 1291 2120 enim
1328 2062 1425 2120 vel
1466 2058 1890 2138 communiter,
1934 2062 2029 2121 vel
2068 2059 2451 2140 singulariter.
2491 2057 2905 2120 communiter
2942 2058 3188 2135 dicitur,
3208 2075 3391 2132 quum

472 2137 535 2194 δι
576 2135 1035 2199 non-electionis
1073 2139 1406 2219 decretum,
1445 2142 1502 2200 δι
1541 2137 1988 2200 damnationem
2027 2139 2202 2201 simul
2241 2137 2670 2216 complectitur.
2729 2137 3110 2216 Singulariter
3149 2137 3392 2208 dicitur,

476 2211 657 2290 idque
700 2212 935 2278 duobus
976 2217 1201 2298 modis;
1240 2219 1466 2298 primus
1506 2229 1595 2279 est
1608 2265 1627 2296 ,
1676 2235 1861 2296 quum
1894 2217 2236 2297 reprobatio
2275 2216 2552 2280 electioni
2591 2217 2946 2296 opponitur,
2988 2235 3178 2296 eaque
3217 2215 3389 2296 signi-

474 2292 612 2351 ficat
660 2304 890 2370 partem
948 2295 1134 2358 diuini
1190 2298 1411 2359 decreti
1424 2343 1443 2376 ,
1498 2315 1651 2375 quae
1690 2308 1937 2361 vocatur
1976 2297 2339 2360 non-electio
2381 2298 2475 2358 vel
2503 2296 2860 2376 praeteritiO.
2921 2299 3230 2359 Secundus
3269 2306 3360 2358 est
3373 2341 3391 2374 ,

472 2372 609 2431 cum
646 2374 987 2451 reprobatio
1030 2395 1142 2457 pro
1182 2377 1566 2440 damnatione
1604 2388 1934 2458 vsurpatur.
1989 2379 2118 2440 Nos
2133 2423 2151 2457 ,
2188 2377 2386 2471 primo
2423 2376 2755 2457 significato
2795 2381 3063 2456 (propter
3105 2375 3391 2454 ambigui-

472 2460 651 2512 tatem
688 2470 843 2530 quae
882 2476 957 2517 ex
996 2458 1219 2520 decreti
1257 2458 1717 2520 non-electionis
1756 2462 1812 2521 δι
1850 2458 2246 2521 damnationis
2286 2456 2637 2519 confusione
2675 2456 2816 2517 oriri
2857 2461 3081 2534 posset)
3121 2462 3176 2517 δι
3206 2456 3382 2517 tertio

472 2536 739 2625 (propter
779 2537 1169 2615 κατᾶχρησιν)
1223 2538 1485 2615 reiectis,
1536 2538 1798 2601 medium
1854 2537 2041 2617 magis
2083 2540 2431 2617 probamusz,
2471 2548 2598 2597 tum
2637 2536 2778 2614 quia
2821 2538 3125 2616 ἰδιώτορον
3161 2547 3251 2597 est
3266 2581 3282 2607 ,
3324 2539 3380 2597 δι

472 2630 659 2689 magis
690 2628 897 2675 nostro
916 2618 1225 2695 proposito
1244 2617 1607 2680 conueniens
1620 2664 1639 2698 ,
1657 2628 1783 2679 turn
1802 2618 1944 2695 quia
1963 2636 2083 2678 vox
2100 2618 2164 2680 id
2183 2618 2489 2679 reuincere
2509 2617 2766 2679 videtur:
2787 2636 2930 2677 nam
2949 2615 3358 2691 ἀποδοκιμάζω
3373 2660 3389 2687 ,

472 2692 655 2833 quoed¹
686 2694 937 2754 verbum
988 2708 1078 2757 est
1116 2698 1327 2761 Latine
1362 2693 1624 2777 reprobo
1637 2742 1656 2778 ,
1698 2697 1987 2777 significat
2024 2698 2270 2760 Budaeo
2285 2744 2302 2779 ,
2328 2704 2680 2777 praetereo:
2719 2696 2826 2758 sed
2867 2696 2944 2755 ad
2983 2695 3387 2755 definitionem

469 2790 577 2831 acc
656 2789 843 2833 amus.

551 2868 645 2929 50.
698 2929 712 2943 ⁰
726 2854 1083 2933 Reprobatio
1133 2874 1237 2919 seu
1289 2856 1629 2935 praeteritio
1675 2866 1766 2917 est
1804 2867 2111 2918 aeternum
2149 2856 2265 2919 Dei
2304 2859 2610 2918 decretum
2625 2901 2644 2935 ,
2684 2872 2806 2933 quo
2847 2857 3012 2915 Deus
3051 2852 3380 2914 secundum

470 2940 841 3009 propositum
896 2936 1211 2997 voluntatis
1266 2956 1435 3017 suae,
1488 2946 1623 2998 ante
1664 2954 1845 2997 omne
1880 2946 2146 3017 tempus,
2185 2936 2448 2999 decreuit
2482 2936 2770 2997 maiorem
2807 2933 3120 2996 hominum
3159 2942 3387 3010 partem

472 3028 595 3071 non
635 3011 1067 3089 praedestinare
1106 3018 1185 3077 ad
1229 3018 1564 3093 ὕιοθοσιαν,
1604 3036 1731 3078 non
1768 3016 2032 3077 misereri
2047 3064 2065 3097 ,
2095 3018 2202 3079 sed
2230 3016 2342 3078 sibi
2361 3015 2504 3095 ipsis
2523 3018 2580 3077 δι
2597 3014 2660 3075 in
2679 3013 2888 3075 natura
2907 3012 3013 3075 sua
3029 3010 3388 3091 relinquere,

472 3090 550 3151 ad
586 3090 1030 3155 illustrationem
1063 3096 1287 3175 gloriae
1306 3114 1465 3176 suae,
1484 3100 1541 3157 ὅτ
1558 3095 1984 3175 perfectionem
2004 3101 2427 3157 πολυποικὶλου
2447 3094 2769 3175 sapientiae
2789 3112 2930 3155 suae
2944 3092 3382 3155 declarandam.

553 3186 649 3248 51.
729 3172 1189 3251 Reprobationis
1226 3178 1450 3237 nullam
1482 3196 1611 3239 esse
1640 3192 1881 3237 causam
1921 3178 2294 3255 impulsivam
2333 3186 2566 3253 praeter
2595 3178 2962 3236 voluntatem
2980 3170 3124 3250 Dei,
3144 3171 3388 3232 demon-

468 3259 713 3311 stratum
761 3262 851 3313 est
888 3271 1093 3332 supra,
1131 3259 1188 3318 δι
1217 3254 1479 3318 definitio
1500 3257 1900 3332 demonstrat,
1920 3272 2075 3334 quae
2097 3252 2412 3317 voluntatis
2431 3254 2614 3317 solius
2634 3253 2920 3331 meminit.
2961 3253 3188 3314 Omnes
3206 3251 3383 3329 igitur

470 3348 623 3407 quae
666 3332 985 3393 afferuntur
1022 3334 1203 3415 aliae,
1244 3334 1682 3397 commentitiae
1722 3346 1887 3397 sunt:
1930 3354 2071 3396 narn
2107 3354 2233 3396 non
2267 3345 2356 3395 est
2376 3334 2518 3396 mali
2535 3333 2758 3410 arbitrii
2785 3349 2951 3411 vsus,
2972 3332 3109 3409 quia
3127 3330 3212 3391 sic
3234 3343 3386 3393 esset

470 3410 623 3471 vasis
660 3428 725 3471 se
763 3409 1131 3495 discernere,
1171 3434 1295 3477 non
1332 3414 1523 3495 figuli,
1563 3416 1729 3495 quod
1768 3416 2121 3492 absurdum3
2159 3434 2284 3478 non
2323 3416 2479 3476 mala
2515 3433 2716 3506 opera.
2760 3413 2796 3474 i.
2837 3422 3116 3491 peccata,
3159 3428 3312 3489 quae
3335 3411 3384 3472 si

471 3500 669 3551 essent
707 3506 887 3553 causa
923 3495 1356 3572 reprobationis
1372 3540 1391 3575 ,
1430 3497 1593 3557 bona
1632 3514 1817 3575 opera
1854 3504 2052 3557 essent
2090 3512 2269 3555 causa
2305 3496 2612 3556 electionis
2626 3540 2645 3573 ,
2682 3494 2849 3571 quod
2882 3494 3092 3553 falsum
3107 3536 3127 3571 ,
3145 3502 3208 3551 vt
3227 3495 3387 3551 recte

470 3580 675 3631 monet
714 3572 965 3651 August.
1007 3582 1139 3636 tom.
1179 3597 1235 3650 4.
1277 3578 1340 3637 li.
1387 3595 1439 3636 1.
1470 3596 1541 3651 g.
1580 3578 1667 3637 ad
1699 3576 1903 3669 Simpl.
1947 3579 2053 3636 col.
2099 3577 2236 3652 630.
2278 3577 2344 3650 (f.
2390 3576 2586 3650 1621.)

553 3665 649 3727 52.
734 3648 1027 3716 obiectum
1086 3656 1482 3733 adaequatum
1522 3654 1957 3735 reprobationis
1973 3699 1992 3734 ,
2033 3665 2170 3717 sunt
2208 3672 2419 3716 omnes
2455 3655 2512 3714 &
2551 3650 2766 3732 singuli
2804 3649 3068 3730 reprobi.
3128 3652 3384 3727 Forma,

470 3746 594 3789 non
631 3729 963 3812 designatio
1002 3738 1091 3800 stc
1132 3735 1480 3813 ὑιοθεσιαν,
1514 3737 1571 3796 δι
1599 3734 1829 3797 relictio
1860 3734 1923 3795 in
1950 3745 2163 3795 natura
2193 3751 2318 3797 sua.
2357 3735 2590 3795 Finalis
2623 3750 2836 3813 causa,
2871 3742 2934 3792 vt
2961 3748 3138 3809 supra
3155 3729 3383 3790 dictum

472 3818 561 3869 est
574 3854 593 3885 ,
632 3822 721 3873 est
758 3810 1077 3891 sapientiae
1116 3814 1232 3874 Dei
1266 3814 1595 3877 illustrarim
3215 3874 3226 3882 ,

554 3904 649 3967 53.
728 3891 1236 3972 Reprobationem
1296 3891 1675 3955 infallibiliter
1734 3903 2181 3971 consequuntur
2235 3902 2515 3973 peccata,
2575 3892 2633 3952 δι
2689 3910 2920 3970 poenae
2980 3898 3381 3969 peccatorum.

469 3970 856 4033 Insallibiliter
914 3970 1082 4053 dico,
1133 3983 1259 4033 tum
1295 3984 1567 4051 respectu
1606 3972 1887 4035 scientiae
1925 3974 2070 4051 Dei,
2111 3990 2292 4051 quam
2333 3975 2496 4033 nulla
2535 3988 2730 4033 rerum
2770 3988 2924 4063 quae
2963 3980 3100 4030 sunt
3138 3969 3195 4028 δι
3235 3970 3383 4029 fiunt

468 4046 531 4109 in
572 4050 851 4115 vniuerso
890 4054 1059 4113 latet:
1100 4062 1226 4113 tum
1268 4050 1407 4130 quia
1444 4054 1667 4115 lumine
1704 4053 1927 4133 gratiae
1967 4052 2234 4115 salutaris
2273 4052 2512 4131 reprobi
2544 4050 2806 4112 destituti
2819 4094 2839 4129 ,
2867 4048 3124 4112 tenebris
3151 4048 3382 4109 immer-

469 4140 687 4206 guntur
700 4177 719 4211 ,
756 4134 813 4193 δι
852 4132 939 4195 sic
976 4150 1099 4193 non
1140 4142 1391 4211 possunt
1426 4152 1550 4194 non
1589 4152 1841 4212 peccare
1855 4178 1873 4212 ,
1912 4152 2026 4194 nec
2052 4144 2252 4194 tamen
2277 4131 2358 4193 ita
2389 4130 2766 4193 infallibiliter
2785 4131 3382 4209 patrantur'peccata,

470 4208 614 4286 quin
655 4214 809 4273 vltro
846 4212 1152 4290 liberaque
1191 4212 1523 4292 voluntate,
1561 4214 1663 4292 qui
1700 4224 1981 4292 peccant,
2021 4222 2290 4291 peccent.

556 4306 649 4367 54.
733 4292 985 4354 Peccata
1044 4292 1479 4371 reprobationis
1518 4292 1943 4371 consequentia
1981 4292 2234 4353 dicimus
2248 4337 2266 4372 ,
2303 4309 2429 4352 non
2470 4290 2680 4351 effecta
2693 4336 2712 4369 ,
2750 4288 2890 4368 quia
2928 4290 3228 4351 decretum
3267 4287 3382 4349 Dei

480 4387 608 4431 non
648 4370 832 4433 efficit
870 4383 933 4433 vt
968 4372 1243 4434 homines
1281 4384 1561 4452 peccent,
1600 4393 1709 4434 nec
1747 4370 2080 4511 talemssibi
2115 4374 2280 4433 Deus
2318 4370 2626 4450 proposuit
2644 4372 2852 4450 finem,
2887 4388 3070 4449 quum
3088 4369 3378 4507 qluosdam

1899 4472 1926 4512 1
3151 4466 3380 4507 omines
