3923 4875
561 279 597 336 6

554 484 626 524 ne
666 465 901 526 verbum
944 463 1163 540 quidem
1202 463 1619 521 communicans
1651 479 1777 521 cum
1820 464 1945 539 ipso
1981 481 2145 521 suam
2189 464 2368 522 vitam
2397 465 2674 524 scribente
2687 483 2710 522 .·
2747 483 2818 524 ne
2846 468 2903 526 si
2927 467 3248 539 abnuisset,
3281 469 3466 530 iactu-

555 575 689 615 ram
754 557 905 614 hanc
944 556 1090 632 pati
1138 559 1338 612 coacta
1396 551 1609 620 fuisset
1662 553 1931 612 Ecclesia
1991 553 2335 613 Chris-tiana
2351 599 2370 632 ‚
2431 557 2593 616 cuim
2634 557 2884 616 maxime
2926 557 3126 634 refert
3164 559 3305 620 haec
3349 579 3466 620 non

553 650 841 722 ignorare
866 663 889 705 .·
946 651 1083 706 nive
1133 647 1190 704 si
1245 645 1575 721 adnuisset,
1611 647 1933 722 propriam
1991 645 2085 704 liic
2119 645 2384 719 gloriam
2427 653 2696 707 venatum
2739 650 2934 707 virum
2976 652 3246 728 optimum
3291 653 3466 711 male-

552 740 673 798 voli
731 739 1053 798 obiicerent.
1130 735 1301 794 Certe
1361 735 1707 795 docebuntur
1763 734 1896 794 inde
1963 737 2140 795 varia
2191 737 2369 814 vartj.
2469 737 2922 816 Deprehendent
2959 743 3083 800 viri
3123 741 3427 819 Principes
3448 787 3466 820 .,

552 836 887 890 nostrorum
932 835 1243 906 corporum
1294 826 1535 886 Tutores
1552 869 1571 904 ,
1614 827 1921 902 rerumque
1964 833 2306 886 nostrarum
2358 828 2680 890 Curatores
2697 873 2714 907 ,
2751 833 2981 906 quantis·
3025 850 3151 890 cum
3172 835 3463 908 periculis

552 925 710 982 iacta
762 921 1008 998 fuerint
1058 917 1454 994 fundamenta
1501 917 1903 995 pulcherrimo
1969 918 2102 977 huic
2165 918 2458 998 aedificio,
2514 923 2612 980 cui
2657 925 2826 980 sarto
2884 928 3024 983 tecto
3067 924 3463 983 conseruando

554 1031 769 1073 omnem
834 1011 1108 1070 adhibent
1168 1009 1525 1084 diligentiam
1538 1027 1561 1067 .·
1626 1007 2044 1085 deprehendent
2093 1018 2305 1085 quanto
2358 1010 2672 1086 fastigium
2717 1013 3086 1072 emoliendum
3142 1017 3471 1074 constiterit

554 1107 865 1178 sanguine.-
912 1099 1330 1179 deprehendent
1366 1105 1578 1176 quanto
1622 1098 1811 1158 studio
1854 1102 2049 1159 omnia
2090 1099 2225 1172 fere
2267 1101 2539 1162 elementa
2575 1105 2638 1162 in
2674 1103 3013 1162 Fabrorum
3035 1107 3362 1181 perniciem
3388 1107 3467 1166 ὁ·

552 1197 1025 1271 exstirpationem
1055 1190 1301 1267 fuerint
1338 1192 1643 1252 concitata.
1732 1190 2009 1250 Videbunt
2048 1194 2380 1250 animarum
2433 1194 2714 1253 Pastores
2743 1197 2973 1270 quantis
3017 1196 3470 1275 difficultatibus

552 1286 863 1346 educentur
907 1283 1202 1344 Ecclesiae
1244 1281 1523 1342 Minis-tri
1530 1299 1553 1339 .·
1596 1280 1866 1341 videbunt
1904 1288 2122 1358 quanta
2165 1283 2504 1343 discrimina
2523 1329 2540 1361 ,
2576 1291 2824 1361 quantae
2866 1289 3136 1346 miseriae
3151 1329 3171 1358 ‚
3217 1295 3469 1364 quantae

553 1379 872 1438 calumniae
930 1375 1267 1434 comitentur
1342 1391 1467 1432 cum
1521 1390 1737 1432 omnem
1754 1415 1772 1451 ,
1833 1379 1953 1432 tum
1999 1373 2466 1434 Ecclesiasticam
2503 1377 3012 1450 gubernationem:
3065 1377 3337 1438 videbunt
3371 1379 3467 1439 hic

554 1475 841 1545 tamquam
883 1470 945 1526 in
989 1466 1209 1542 speculo
1237 1465 1625 1541 praecipuam
1670 1464 2092 1524 Ministrorum
2137 1467 2439 1544 virtutem,
2485 1466 2853 1525 Fidelitatem
2879 1486 2902 1526 .·
2947 1468 3119 1528 huius
3141 1472 3312 1546 quasi
3343 1475 3466 1530 tres

562 1559 863 1637 Gemmas,
908 1575 1109 1617 veram
1151 1555 1279 1614 Dei
1316 1554 1684 1628 Agnitionem
1702 1599 1720 1632 .,
1764 1573 1911 1631 quae
1952 1558 2236 1616 virtutum
2279 1559 2528 1617 omnium
2555 1559 2710 1634 sons
2763 1559 2841 1618 ὁ·
2885 1577 3126 1630 norma,
3187 1561 3465 1620 Constan-

554 1651 695 1710 tiam
755 1651 833 1710 ὁ·
889 1647 1279 1721 Diligentiam
1338 1647 1401 1704 in
1450 1663 1686 1705 munere
1728 1647 2104 1723 exsequendo,
2165 1648 2305 1707 haec
2348 1651 2542 1708 omnia
2584 1651 2791 1708 iuuari
2831 1649 2906 1708 ab
2947 1669 3162 1709 summo
3204 1651 3470 1711 Diuinae

562 1741 808 1801 Gloriae
848 1740 967 1799 zelo
982 1781 999 1816 ,
1044 1739 1123 1796 &³
1164 1737 1566 1796 ardentissimo
1606 1738 1710 1797 isti
1737 1737 2165 1814 promovendae
2207 1737 2541 1802 Desiderio.
2617 1739 2957 1813 Intelligent
2996 1741 3284 1802 Parentes
3327 1743 3476 1818 quid

552 1836 647 1893 sui
676 1830 871 1910 officiy'
909 1833 973 1888 in
1013 1827 1323 1888 educandis
1365 1827 1598 1887 Liberis
1616 1846 1641 1886 .·
1685 1846 1779 1887 eos
1822 1846 2024 1888 veram
2068 1829 2426 1904 Religionem
2471 1848 2588 1888 esse
2631 1831 2908 1890 docendos
2927 1875 2945 1910 ‚
2995 1838 3054 1891 et
3091 1833 3181 1891 ad
3209 1833 3466 1893 divinum

552 1925 761 1983 cultum
826 1925 963 1980 ante
1026 1921 1219 1979 omnia
1283 1919 1651 1979 instruendos
1667 1962 1686 1997 ,
1754 1926 1823 1978 ut
1886 1927 1944 1980 et
2006 1920 2308 1995 Religioni
2369 1921 2642 1980 honorem
2710 1921 2992 1996 babeant,
3073 1923 3151 1982 &-
3211 1923 3281 1982 de
3332 1924 3466 1983 Deo

550 2013 727 2074 verba
784 2010 990 2087 facere
1048 2013 1088 2068 ὰ
1139 2012 1353 2087 primis
1404 2011 1576 2070 annis
1635 2010 1909 2072 discant:
1977 2029 2070 2070 eos
2113 2012 2186 2070 ab
2229 2011 2474 2071 iurandi
2515 2013 2914 2072 consuetudine
2955 2014 3316 2074 continendos
3329 2057 3346 2090 ,
3394 2015 3469 2073 ab

550 2104 737 2165 verbis
790 2102 1085 2180 factisque
1149 2101 1431 2161 obscoenis
1489 2102 1878 2163 custodiendos
1902 2147 1920 2182 ,
1987 2103 2060 2162 ab
2119 2101 2428 2162 Malorum
2497 2107 2783 2162 consortio
2843 2103 3126 2164 arcendos
3143 2149 3162 2184 ,
3219 2105 3469 2166 honestis

552 2195 804 2255 moribus
845 2193 1169 2253 imbuendos
1213 2211 1331 2252 esse
1374 2192 1828 2265 Assuefaciendo
1846 2238 1864 2272 ,
1906 2194 2278 2252 Admonendo
2291 2239 2308 2273 ,
2341 2195 2687 2254 Exercendo
2705 2237 2723 2267 ,
2759 2195 3065 2271 Exemplis
3084 2215 3106 2255 .·
3150 2197 3475 2272 intelligent

552 2287 859 2346 eorundem
876 2330 894 2363 ‚
954 2303 1121 2362 quum
1168 2287 1555 2362 prouectioris
1609 2287 1819 2344 aetatis
1886 2292 2043 2344 certo
2083 2287 2238 2344 vitae
2269 2287 2484 2359 generi
2524 2291 2700 2344 erunt
2739 2287 3148 2364 consecrandi,
3190 2295 3310 2366 per
3353 2293 3468 2346 ten-

552 2377 735 2437 tanda
801 2377 1109 2452 diligenter
1174 2375 1423 2451 Ingenia
1438 2419 1457 2451 ,
1528 2377 1971 2453 cognoscendam
2027 2375 2336 2435 Naturam
2396 2377 2474 2436 ὁ·
2543 2377 2975 2436 discernendam
3017 2377 3276 2437 Indolem
3292 2421 3311 2457 ,
3355 2397 3468 2456 quo

550 2473 741 2545 magis
806 2470 1043 2529 illorum
1098 2469 1373 2527 inclinent
1428 2468 1631 2527 Animi
1647 2486 1669 2525 .·
1733 2469 2057 2543 intelligent
2093 2486 2208 2545 qua
2253 2475 2440 2527 aetate
2465 2471 2652 2547 pueri
2691 2468 2971 2528 discendis
3011 2470 3262 2529 Litteris
3303 2470 3466 2530 adhi-

548 2561 743 2639 bendi,
788 2566 999 2639 quanto
1042 2558 1297 2620 discendi
1335 2558 1535 2618 labore
1568 2559 1881 2632 grauandi
1894 2604 1911 2637 ,
1956 2560 2218 2637 qualibus
2261 2559 2564 2619 erudiendi
2601 2559 2976 2634 Paedagogis
3022 2561 3099 2620 ὁ*
3144 2560 3468 2635 Magistris

544 2652 945 2712 committendi.
996 2646 1241 2710 Dis-cent
1278 2650 1412 2709 hinc
1452 2649 1657 2709 Liberi
1698 2650 1915 2709 Amore
1957 2650 2200 2727 quodam
2245 2652 2324 2709 &³
2360 2648 2710 2710 Reuerentia
2739 2651 3121 2729 Parentibus,
3161 2652 3468 2728 eorumque

550 2743 781 2803 iudicio·
824 2743 1070 2802 volentes
1130 2759 1250 2801 sese
1303 2740 1575 2799 subiicere
1598 2758 1621 2799 .·
1681 2740 1899 2800 discent
1947 2748 2262 2819 praestare
2319 2744 2392 2801 iis
2446 2741 2837 2801 Obedientiam
2883 2742 2961 2801 &-
2994 2742 3420 2816 gratitudinem
3441 2761 3464 2801 .·

550 2836 768 2893 discent
804 2835 1101 2912 patientia
1152 2831 1483 2892 tolerandos
1535 2850 1731 2891 eorum
1792 2850 1911 2891 esse
1952 2852 2162 2893 naevos
2207 2834 2286 2891 ὁ·
2329 2834 2720 2911 infirmitates.
2785 2832 3140 2908 Cognoscent
3179 2833 3468 2912 Praecep-

546 2933 703 2985 tores
720 2970 737 3002 ,
807 2943 901 2984 eos
918 2968 936 3003 ,
996 2942 1135 3001 quos
1197 2941 1376 2982 curae
1432 2941 1572 2981 suae
1615 2924 2028 2983 commendatos
2072 2930 2442 3002 acceperunt,
2511 2926 2669 2982 omni
2725 2942 2875 2983 cura
2919 2926 2998 2983 ὁ·
3043 2943 3244 2983 amore
3263 2932 3470 3003 prose-

544 3017 792 3095 quendos
807 3034 830 3074 .·
886 3022 1027 3093 opus
1088 3032 1207 3075 esse
1221 3057 1242 3086 ,
1305 3020 1371 3074 vt
1400 3014 1761 3090 profundius
1807 3016 1885 3075 ὁ·
1927 3016 2150 3076 maiore
2185 3034 2310 3074 cum
2340 3014 2562 3091 fructu
2607 3014 2909 3074 Doctrina
2960 3020 3265 3092 rerumque
3307 3018 3468 3075 vari-

548 3128 723 3167 arum
768 3109 1015 3182 cognitio
1068 3106 1288 3166 tenellis
1344 3107 1593 3179 ingeniis
1634 3106 1951 3165 instilletur
1966 3150 1985 3177 ‚
2034 3107 2240 3165 ordine
2281 3108 2344 3165 in
2389 3106 2634 3166 Artibus
2678 3106 2981 3166 tradendis
2994 3125 3017 3165 .·
3085 3106 3469 3185 Repetitiones

552 3200 629 3259 ὀύ
673 3199 978 3258 Examina
1020 3199 1221 3257 stricte
1265 3196 1561 3256 seruanda
1578 3242 1596 3275 ,
1656 3203 1726 3256 ut
1764 3196 1996 3257 Iudicia
2041 3198 2276 3257 illorum
2308 3196 2660 3273 formentur
2705 3198 2784 3255 ὁ·
2813 3198 3170 3276 firmentur,
3215 3198 3468 3273 Ingenia

550 3294 841 3350 acuantur
854 3333 871 3366 ‚
923 3289 1222 3348 Memoria
1279 3290 1511 3347 iuuetur
1529 3332 1547 3365 ,
1610 3289 1931 3347 studiorum
2000 3308 2204 3348 cursus
2265 3290 2430 3347 intra
2485 3295 2677 3348 certas
2733 3295 2914 3348 metas
2966 3291 3326 3348 contineatur
3385 3292 3464 3349 &³

550 3382 872 3459 assuefiant
921 3380 1226 3439 Discentes
1240 3422 1258 3454 ‚
1320 3380 1543 3438 omissis
1601 3380 1911 3439 [natilibus
1926 3423 1943 3457 ,
2011 3379 2184 3439 Vtilia
2237 3380 2454 3439 discere
2477 3398 2498 3437 .·
2566 3386 2904 3453 cognoscent
2940 3379 3232 3439 moderate
3272 3384 3465 3441 omnia

547 3490 665 3533 esse
708 3466 995 3545 exigenda
1016 3515 1034 3548 ,
1077 3489 1149 3530 ne
1191 3469 1529 3529 Studiorum
1565 3471 1823 3547 pondere
1836 3473 2098 3545 grauati
2121 3478 2437 3531 corruant:
2461 3477 2799 3545 cognoscent
2815 3470 3206 3530 abstinendum
3236 3488 3356 3531 esse
3389 3472 3464 3531 ab

548 3562 871 3640 inserendis
912 3564 1123 3637 Plagis
1136 3580 1159 3619 .·
1196 3562 1263 3637 (f.
1294 3558 1386 3643 3.)
1417 3580 1531 3620 non
1574 3580 1693 3621 esse
1728 3562 2242 3622 excandescendum
2263 3608 2280 3640 ‚
2325 3581 2440 3621 non
2461 3582 2586 3621 cum
2618 3559 2844 3621 Orbilio
2864 3562 3228 3621 saeuiendum
3241 3606 3258 3639 ‚
3281 3565 3462 3621 nimia

550 3657 696 3713 enim
766 3653 935 3731 (quae
996 3653 1213 3730 Culpae
1256 3652 1576 3727 adsignari
1627 3654 1795 3727 solet)
1862 3656 2111 3713 saeuitia
2153 3654 2300 3713 vitia
2343 3653 2784 3732 Discipulorum
2840 3652 3125 3713 indurari
3139 3697 3156 3731 ,
3216 3656 3461 3714 virtutes

547 3748 917 3820 languescere
958 3763 1027 3804 ac
1071 3746 1309 3821 perire:
1354 3745 1699 3803 seueriorem
1743 3743 2136 3821 Disciplinam
2180 3746 2584 3809 remouendam
2597 3763 2620 3803 .·
2690 3744 2935 3803 Errata
2973 3744 3209 3803 illorum
3226 3750 3262 3822 ,“
3273 3752 3459 3821 prae-

546 3840 747 3897 sertim
788 3837 889 3913 qui
928 3836 1329 3894 mansuetioris
1369 3835 1639 3912 IngentJ:
1702 3836 1931 3914 saepius
1976 3835 2391 3895 dissimulanda
2409 3880 2426 3913 ‚
2469 3838 2566 3895 vel
2604 3838 2809 3895 leniter
2853 3834 3234 3914 emendanda,
3265 3836 3457 3912 placi-

548 3930 723 4004 doque
786 3928 949 3987 vultu
1014 3926 1383 4004 corripienda
1401 3970 1419 4003 ‚
1479 3944 1549 3985 ne
1601 3928 1805 3986 acrior
1860 3927 2231 4004 reprehensio
2275 3926 2644 3986 Litterarum
2689 3944 2943 3986 amorem
2983 3928 3314 4001 imminuat,
3378 3928 3456 3987 ὁ·

547 4020 993 4097 desperationem
1014 4017 1266 4094 adferat
1282 4018 1628 4095 adsequendi
1638 4062 1655 4093 ‚
1696 4036 1803 4093 quo
1826 4020 2068 4093 egregia
2090 4036 2150 4077 se
2171 4017 2402 4077 Indoles
2423 4019 2722 4078 attollebat
2735 4063 2752 4096 ,
2798 4018 3091 4094 odiumque
3119 4020 3258 4091 eius,
3291 4017 3457 4094 cujus

547 4130 761 4170 summo
806 4110 940 4169 anti
976 4127 1176 4168 amore
1202 4109 1543 4186 flagrabat.
1604 4110 2041 4169 Mutuabuntur
2085 4127 2160 4167 ex
2201 4109 2314 4167 hac
2355 4111 2526 4185 quasi
2563 4110 2811 4188 officina
2855 4108 3157 4186 Discipuli
3184 4109 3458 4167 Amorem

551 4202 921 4261 Litterarum
988 4202 1066 4261 ὁ·
1124 4200 1579 4279 Praeceptorum
1636 4200 2028 4275 Diligentiam
2049 4246 2067 4279 ‚
2124 4198 2548 4259 Adsiduitatem
2567 4244 2585 4279 ,
2638 4200 2926 4259 Laborem
2940 4246 2956 4275 ,
3028 4196 3419 4259 Obedientiam
3435 4243 3453 4276 ,

562 4292 998 4353 Gratitudinem
1057 4292 1291 4368 denique
1344 4292 1407 4351 in
1449 4292 1867 4369 Praeceptores
1884 4336 1901 4367 ,
1947 4310 2187 4370 quorum
2243 4288 2445 4368 ,Opera
2491 4292 2569 4351 &-
2625 4290 2775 4350 Fide
2805 4290 2974 4367 sacti
3016 4289 3327 4439 Maitores,
3377 4290 3454 4349 ἐφ’
3539 4338 3544 4341 .

3167 4382 3454 4441 octrinam
