3923 4875
640 350 757 414 290
1593 348 1932 399 russas
1986 348 2639 399 rnzotocicxt.

721 518 777 573 8.
857 516 1094 575 Forma
1133 514 1498 593 Theologiae
1539 514 1948 575 consideratur
1990 513 2336 591 dupliciter:
2380 534 2517 574 nam
2561 526 2661 575 aut
2692 526 2849 595 tota,
2890 516 2986 575 vel
3006 534 3142 593 pars
3164 515 3345 577 totius
3366 516 3567 593 aliqua

634 605 947 673 spectatur
985 594 1046 655 in
1091 614 1184 674 se,
1227 606 1328 654 aut
1369 606 1564 673 partes
1605 595 1758 653 aliae
1796 610 1933 654 cum
1978 593 2105 653 aliis
2148 594 2299 654 inter
2338 612 2421 653 se.

714 694 774 751 9.
853 674 1097 735 Vtrouis
1151 683 1348 735 avtem
1399 676 1584 743 modo
1625 684 1963 752 spectemus
2002 672 2399 753 Tbeologiam
2439 680 2754 752 partesque
2800 674 2981 752 ipsius
2996 722 3013 749 .,
3074 674 3421 753 simpliciter
3456 690 3585 736 aut·

633 756 1006 832 comparate3
1047 756 1196 815 haec
1215 756 1410 815 forma
1430 764 1517 815 est
1535 752 2013 815 constantissima
2032 753 2219 831 iuius,
2261 754 2425 831 quod
2460 772 2633 831 vera,
2674 754 2851 833 iusta,
2892 766 3127 828 sancta,
3170 759 3558 834 perfectaque

634 846 722 895 est
761 836 817 893 δι
857 833 1070 895 dicitur
1107 853 1267 915 esse3
1307 854 1380 895 ac
1421 834 1676 912 proindo
1713 854 1830 894 vna
1859 833 2190 911 eademque
2224 844 2341 905 est,
2384 844 2651 911 aeterna,
2684 835 2739 893 δι
2762 834 3172 914 immutabiliS‚
3213 836 3339 897 siue
3360 847 3555 897 totum

635 913 818 992 ipsius
831 958 848 992 ,
889 913 1012 975 siue
1059 926 1256 993 partes
1296 914 1475 976 totius
1515 913 1858 993 respexeris.

725 1014 813 1053 10.
914 995 1067 1053 Vera
1127 1006 1214 1055 est
1275 996 1640 1074 Theologia,
1697 995 1838 1071 quia
1888 991 2035 1053 nihil
2086 993 2215 1053 salsi
2266 994 2478 1069 docet3
2537 994 2800 1071 nihilque
2838 1012 2962 1056 non
3004 997 3187 1057 docet
3224 996 3349 1057 veri
3387 998 3557 1073 quod

636 1075 800 1134 Deus
841 1073 918 1133 de
957 1094 1021 1135 se
1061 1082 1300 1152 suisque
1339 1077 1518 1135 rebus
1559 1074 1780 1167 exponi
1827 1072 2015 1135 voluit
2056 1073 2363 1135 Ecclesiae
2396 1091 2537 1135 suae
2552 1118 2568 1147 ,
2610 1076 2663 1135 δι
2686 1076 2853 1152 quod
2874 1074 2975 1135 hic
2992 1080 3030 1137 a
3048 1075 3225 1138 nobis
3244 1095 3355 1154 pro
3376 1088 3561 1154 captu

638 1165 844 1215 nostro
890 1154 1295 1233 demensoque
1337 1155 1675 1216 donationis
1716 1153 1897 1233 ipsius
1935 1152 2213 1232 expediat
2252 1152 2405 1214 sciri.

723 1254 746 1292 1
763 1253 810 1292 1.
893 1234 1067 1295 Iusta
1127 1236 1278 1295 haec
1331 1234 1664 1326 Theologia
1717 1246 1807 1295 est
1821 1280 1840 1313 ‚
1904 1232 2045 1311 quia
2083 1232 2228 1295 nihil
2268 1232 2465 1295 iniusti
2506 1234 2689 1294 docet
2728 1236 2904 1313 plane
2944 1234 3213 1315 nihilque
3251 1235 3387 1297 iusti
3426 1254 3553 1295 non

631 1312 812 1373 docet
828 1358 845 1390 ‚
885 1332 960 1373 ex
1001 1333 1122 1392 quo
1163 1314 1252 1375 ius
1291 1331 1464 1375 suum
1501 1312 1818 1392 vmcuique
1833 1360 1850 1393 ‚
1893 1314 2029 1375 Deo
2067 1312 2309 1393 quidem
2349 1313 2605 1391 primum
2620 1360 2637 1394 ,
2698 1324 2824 1375 tum
2866 1315 3045 1376 etiam
3086 1316 3331 1396 sing-ulis
3372 1317 3552 1377 rebus

633 1392 844 1454 creatis
885 1396 1212 1455 secundum
1255 1396 1452 1455 Deum
1495 1394 1840 1457 tribuamus·

721 1494 811 1534 12.
893 1474 1122 1555 Eadem
1164 1492 1408 1566 quoque
1445 1484 1654 1535 sancta
1693 1486 1812 1550 est,
1856 1472 1995 1552 quia
2038 1472 2181 1533 nihil
2218 1474 2509 1553 prophani
2542 1473 2719 1536 docet
2751 1478 2917 1553 quod
2945 1478 3080 1536 Deo
3108 1476 3183 1537 sit
3215 1477 3549 1554 indignum,

631 1567 730 1613 aut
769 1556 805 1613 a
847 1553 1236 1615 sanctimonia
1275 1554 1331 1614 δι
1371 1553 1634 1617 castitate
1673 1556 1973 1615 bonorum
2013 1554 2310 1622 alienum;
2372 1552 2636 1630 nihssque
2676 1556 2859 1617 sancti
2906 1562 3008 1613 aua
3040 1561 3385 1636 θεοπρεπῶς
3424 1576 3546 1616 non

631 1633 843 1711 docet,
885 1634 1052 1695 cuius
1093 1634 1337 1695 scientia
1370 1634 1618 1714 praediti
1652 1651 2087 1713 cognoscamus
2119 1638 2321 1694 sancte
2350 1644 2528 1711 atque
2570 1638 2911 1715 θεοπρεπῶς
2945 1636 3000 1693 &
3034 1638 3299 1696 colamus
3329 1638 3548 1698 Deum.

719 1732 806 1790 13.
890 1712 1286 1791 Similiterque
1309 1714 1584 1806 perfecta
1626 1725 1747 1792 est,
1785 1724 1911 1775 tum
1953 1713 2093 1791 quia
2129 1712 2271 1774 nihil
2314 1712 2375 1773 in
2418 1733 2481 1773 se
2512 1715 2661 1773 labis
2702 1724 2803 1774 aut
2834 1714 3297 1791 imperfectionis
3330 1716 3543 1793 habet3

632 1804 754 1852 tum
807 1792 947 1869 quia
998 1793 1485 1871 perfectissimam
1537 1794 1872 1873 veritatem,
1935 1792 2247 1872 iustitiam,
2311 1796 2366 1853 δι
2424 1793 2795 1853 sanctitatem
2856 1796 3037 1855 docet
3092 1793 3547 1874 perfectissime,

631 1884 934 1949 tamquam
991 1875 1092 1934 lux
1151 1875 1413 1953 perfecta
1463 1893 1716 1935 accensa
1750 1875 1831 1934 ab
1873 1893 1946 1935 eo
1991 1872 2094 1951 qui
2140 1884 2228 1933 est
2266 1874 2367 1933 lux
2408 1893 2547 1933 vera
2586 1873 2917 1933 illuminans
2956 1893 3197 1935 omnem
3236 1876 3543 1935 hominem

631 1951 966 2012 venientem
1007 1952 1066 2013 in
1108 1955 1269 2014 hunc
1311 1954 1618 2014 mundum.
1661 1956 1838 2016 Ioan.
1877 1974 1924 2014 1.

718 2051 808 2105 14.
891 2034 983 2092 Ex
1023 2032 1114 2095 his
1152 2044 1351 2095 autem
1391 2033 1669 2095 omnibus
1709 2033 2050 2109 conficitur,
2090 2052 2270 2093 vnam
2284 2077 2302 2110 ‚
2342 2042 2641 2094 aeternam
2656 2079 2673 2110 .,
2713 2032 3217 2095 &immutabilem
3238 2052 3369 2096 eme
3386 2036 3543 2095 hanc

631 2111 1061 2190 Theologiam:
1122 2112 1608 2192 quandoquidem
1671 2116 1836 2191 quod
1895 2130 2105 2175 verum
2165 2123 2255 2173 est
2310 2113 2643 2175 necessario
2702 2132 2885 2174 vnum
2940 2124 3065 2174 est:
3129 2116 3297 2191 quod
3336 2134 3444 2192 per
3482 2134 3545 2175 se

629 2209 834 2251 verum
856 2237 873 2269 ‚
937 2190 1187 2272 iustum,
1252 2197 1308 2256 δι
1349 2204 1620 2255 sanctum
1661 2208 1778 2269 est,
1835 2194 1898 2254 id
1939 2210 2242 2270 nunquam
2282 2211 2518 2271 verum,
2559 2193 2805 2271 iustum,
2848 2196 2903 2255 δι
2944 2206 3214 2254 sanctum
3254 2212 3383 2255 esse
3420 2214 3543 2255 non

629 2281 861 2349 potest:
903 2274 1068 2349 quod
1103 2273 1360 2351 denique
1389 2278 1426 2333 a
1465 2275 1630 2345 De0,
1673 2274 1734 2334 in
1759 2276 1927 2354 Dee,
1968 2276 2023 2334 δι
2056 2272 2383 2335 secundnm
2413 2274 2611 2333 Deum
2654 2272 2779 2351 (qui
2812 2284 2901 2334 est
2934 2272 3340 2349 immutabilis)
3378 2292 3544 2335 suam

633 2351 1062 2429 perfectionem
1103 2354 1311 2432 habet,
1353 2354 1510 2415 idem
1553 2366 1642 2415 est
1681 2354 1930 2415 omnino
1976 2354 2032 2413 ἅτ
2074 2371 2305 2431 semper
2347 2366 2546 2414 manet
2588 2352 2972 2415 immutabile.

714 2449 804 2510 15.
839 2514 860 2572 l
893 2435 1087 2494 Causa
1125 2436 1386 2513 efficiens
1425 2434 1796 2514 Theologiae
1830 2433 2050 2512 duplex
2082 2436 2120 2494 a
2158 2432 2333 2495 nobis
2372 2432 2643 2512 ponitur:
2686 2453 2803 2494 vna
2835 2432 3209 2514 principalis,
3246 2434 3303 2494 δι
3336 2433 3545 2496 instru-

641 2523 840 2572 menta
863 2511 910 2573 is
951 2517 1153 2576 altera.

715 2594 804 2652 16.
886 2593 1253 2674 Principalis
1295 2594 1556 2656 efficiens
1595 2595 1652 2654 &
1692 2596 1956 2655 absoluta
2002 2611 2179 2653 causa
2218 2593 2586 2672 Theologiae
2629 2604 2718 2654 est
2754 2595 2922 2654 Deus
2962 2595 3136 2654 Pater
3161 2592 3223 2653 in
3253 2593 3409 2654 Filio
3438 2613 3546 2671 per

628 2671 910 2750 Spiritum
953 2691 1124 2734 suum
1167 2674 1460 2753 inspirans
1497 2693 1668 2735 eam:
1712 2685 1776 2734 vt
1816 2676 1918 2753 qui
1959 2672 2166 2733 vnicus
2204 2687 2291 2733 est
2334 2685 2493 2734 tutor
2535 2677 2590 2735 δε
2610 2675 2857 2736 effector
2878 2691 3143 2734 summus
3160 2693 3232 2734 ac
3252 2675 3546 2752 perfectus

625 2752 901 2812 scientiae
941 2754 1115 2814 huius
1153 2755 1214 2815 in
1255 2755 1440 2815 seruis
1477 2755 1640 2830 suis‚‘
1671 2774 1695 2811 1
1747 2755 1884 2816 Cor.
1926 2773 2015 2813 12.
2058 2773 2115 2826 4.

713 2851 804 2906 17.
883 2835 1364 2894 Instrumentalis
1403 2844 1490 2894 est
1527 2837 1697 2913 λόγος
1737 2833 2119 2913 προφορικὸς,
2180 2834 2275 2891 vel
2315 2851 2511 2892 sermo
2552 2833 2961 2894 enunciatiuus
3000 2833 3153 2911 Dei,
3206 2843 3333 2892 tum
3378 2833 3541 2912 spiri-

625 2912 796 2972 tualis
838 2925 1153 2992 perceptus
1193 2912 1597 2993 spiritualiter,
1636 2923 1763 2972 tum
1803 2913 2132 2990 corporalis
2170 2915 2578 2990 corporaliter.

714 2995 804 3053 18.
887 2993 1284 3054 Consimiliter
1312 2996 1468 3070 finis
1502 2993 1722 3070 duplex
1761 3003 1851 3053 est
1891 2991 2297 3070 Theologiae:
2339 3011 2477 3052 nam
2518 3012 2665 3053 vnus
2694 2992 3005 3071 primarius
3026 3002 3114 3052 est
3133 2993 3229 3052 vel
3248 3009 3545 3068 summus,

625 3071 774 3131 alter
813 3073 1195 3134 secundarius
1235 3075 1314 3134 ab
1347 3091 1422 3134 eo
1439 3119 1457 3152 .,
1498 3074 1555 3134 δι
1601 3070 2020 3134 subordinatus
2060 3075 2146 3148 (vt
2188 3075 2533 3150 loquuntur)
2576 3073 2651 3134 ei.

717 3171 808 3228 19.
891 3155 1237 3214 Primarius
1291 3153 1424 3212 finis
1467 3155 1559 3213 vel
1602 3169 1866 3213 summus
1909 3153 2277 3230 Theologiae
2318 3165 2407 3212 est
2444 3153 2635 3231 gloria
2672 3152 2821 3213 Dei:
2882 3154 3036 3213 hanc
3075 3151 3233 3212 enim
3272 3151 3551 3213 omnibus

631 3231 964 3310 Theologia
1005 3233 1490 3313 cognoscendam
1530 3233 1816 3311 praebet,
1861 3238 2194 3309 omnesque
2227 3231 2374 3292 boni
2406 3250 2515 3292 vsu
2554 3231 2911 3311 cognitionis
2940 3233 3345 3310 Theologicae
3376 3231 3549 3293 huius

625 3309 892 3388 legitimo
935 3333 1066 3374 eam
1108 3323 1379 3374 testatam
1409 3313 1662 3390 faciunt⁷
1703 3323 1881 3390 prout
1913 3311 2201 3389 sapientia
2234 3311 2581 3372 iustificatur
2612 3317 2650 3372 a
2684 3312 2814 3373 filiis
2848 3313 2995 3374 suis,-
3019 3315 3231 3373 Mattlz.
3260 3331 3349 3372 ιι.
3380 3331 3475 3390 19.

709 3409 803 3450 20.
892 3391 1288 3453 secundarius
1327 3392 1460 3452 finis
1499 3391 1868 3469 Theologiae
1909 3395 2004 3451 vel
2047 3392 2465 3453 subordinatus
2506 3389 2599 3453 es't.
2636 3395 2961 3454 electorum
3001 3394 3230 3454 bonum
3266 3409 3545 3469 praesens

623 3471 679 3529 δι
719 3477 1019 3532 futurum:
1084 3491 1223 3532 nam
1265 3471 1468 3550 pietati
1510 3472 1703 3532 factae
1735 3484 1870 3532 sunt
1904 3472 2325 3548 promissiones
2365 3471 2536 3532 huius
2566 3476 2623 3534 &
2660 3483 2945 3533 venturae
2976 3472 3161 3550 vitae3
3214 3470 3547 3549 Theologia

625 3551 694 3624 (f.
750 3568 816 3627 ¹7
827 3558 924 3630 53)
965 3563 1164 3614 autem
1205 3565 1295 3613 est
1335 3551 1568 3630 pietatis
1606 3571 1782 3612 verae
1825 3550 2088 3613 scientia.
2138 3571 2187 3612 1.
2218 3553 2369 3611 Tim.
2405 3572 2459 3625 4.
2496 3557 2549 3613 8.

711 3649 803 3690 21.
886 3634 1086 3707 Atque
1125 3633 1273 3692 haec
1315 3632 1557 3710 quidem
1599 3632 1676 3692 de
1717 3632 2052 3710 Theologia
2089 3632 2363 3692 absoluta
2402 3633 2458 3692 δι
2498 3631 2559 3692 in
2600 3651 2729 3692 sese
2768 3635 2856 3708 (vt
2896 3633 3238 3711 loquuntur)
3276 3629 3543 3690 conside-

624 3721 776 3788 rata,
832 3723 1009 3803 prout
1062 3711 1264 3772 diuina
1304 3711 1547 3772 scientia
1587 3723 1674 3772 est
1711 3713 1749 3770 a
1789 3713 1924 3772 Deo
1968 3711 2245 3772 exhibita.
2312 3715 2589 3772 Concreto
2626 3715 2768 3772 vero
2783 3757 2801 3784 .,
2840 3712 2905 3773 id
2945 3725 3065 3786 est,
3106 3713 3165 3772 in
3206 3708 3545 3772 hominibus

624 3791 782 3852 velut
834 3809 894 3850 m
950 3791 1218 3852 subiecto
1261 3792 1664 3866 considerata,
1711 3790 1881 3850 aliter
1917 3811 1980 3851 se
2022 3791 2202 3851 habet
2241 3803 2485 3868 propter
2526 3791 2732 3852 vitium
2773 3794 2829 3853 δι
2871 3794 3255 3867 ἀνικανότητα
3296 3789 3545 3850 subiecti

621 3869 746 3930 sui:
787 3889 928 3930 nam
968 3889 1042 3930 ex
1083 3883 1250 3949 parte
1287 3871 1736 3950 cognoscimuS,
1777 3872 1834 3930 &
1875 3872 2299 3948 prophetamus
2338 3891 2412 3930 ex
2450 3883 2637 3948 parte.
2688 3893 2735 3932 1.
2784 3875 2918 3934 Cor.
2967 3891 3055 3949 13.
3096 3891 3157 3948 9.

703 3969 796 4009 22.
881 3951 1178 4012 Concreta
1215 3953 1364 4012 haec
1405 3950 1764 4029 Theologia‚
1806 3969 1958 4028 quae
2000 3951 2061 4010 in
2101 3951 2402 4011 hominem
2446 3953 2636 4027 cadit,
2678 3963 2742 4011 vt
2780 3953 3125 4029 imperfecta
3162 3961 3282 4028 est,
3314 3949 3377 4010 in
3397 3951 3543 4010 duas

625 4029 841 4106 parteis
881 4029 1286 4108 distinguitur3
1327 4033 1652 4092 naturalem
1693 4049 1901 4107 mam,
1944 4033 2446 4109 supernaturalem
2488 4032 2543 4090 δι
2582 4032 2923 4110 inspiratam
2962 4033 3228 4092 alteram.

704 4128 799 4186 23.
878 4110 1248 4188 Theologiae
1308 4129 1428 4188 qua
1477 4113 1640 4171 Deus
1689 4111 1979 4187 integrum
2032 4110 2331 4172 hominem
2374 4123 2511 4171 ante
2552 4111 2994 4188 corruptionem
3032 4120 3273 4170 naturae
3310 4119 3545 4169 nostrae

618 4189 991 4251 instruxerat:
1044 4209 1199 4267 quae
1253 4192 1540 4270 particula
1581 4190 1640 4250 in
1679 4189 2022 4251 hominibus
2062 4191 2384 4268 corruptiS,
2425 4193 2587 4251 velut
2624 4191 2873 4250 scintilla
2912 4191 2972 4251 in
3014 4189 3273 4250 tenebris
3309 4207 3543 4250 conser-

619 4282 786 4343 uata,
851 4269 1030 4330 micat
1093 4270 1152 4331 in
1215 4283 1414 4331 mente
1474 4289 1581 4349 per
1631 4273 1828 4336 κοινὰς
1872 4271 2104 4335 &nocue
2126 4317 2143 4348 ,
2194 4273 2250 4329 &
2292 4271 2555 4349 augescit
2594 4273 2823 4331 exculta
2867 4271 3105 4332 rationis
3144 4270 3309 4347 luce,
3350 4275 3436 4335 εἰς
3478 4269 3542 4327 τὸ

632 4345 786 4410 εἶναι
834 4353 1050 4415 «ιθ-τούς
1090 4353 1571 4430 ἀναπολογήτους.
1611 4352 1784 4410 Rom.
1833 4369 1881 4408 1.
1931 4370 2019 4426 19.

3192 4449 3288 4503 24.
3367 4430 3537 4488 Haec
