3923 4875
1280 387 1385 430 DE
1450 385 1868 429 POLITIAE
1920 383 2176 429 Mosls
2224 386 2510 431 onszR.
3241 391 3353 452 357

434 559 796 627 nostrarum,
851 551 975 610 siue
1023 549 1268 609 aliarum
1317 547 1550 608 diuersa
1597 557 1705 606 est.
1752 541 1964 607 Restat
2021 545 2219 622 itaque
2237 594 2253 624 ,
2311 551 2449 606 cum
2507 549 2716 608 harum
2757 549 2954 626 legum
2995 548 3354 612 iudicialium

438 649 573 708 pars
612 628 990 691 immutabilis
1030 629 1103 689 sit
1143 628 1377 704 diuin0,
1420 631 1475 688 δι
1516 647 1652 704 pars
1693 625 1992 687 mutabilis
2033 629 2298 686 humano
2343 627 2559 688 modo:
2604 638 2668 686 vt
2702 627 2979 704 deinceps
3000 629 3077 688 de
3097 649 3171 688 eo
3191 631 3357 705 quod

433 709 799 771 immutabile
846 722 961 788 est,
1016 711 1072 770 ὅτ
1122 709 1284 788 quod
1334 709 1647 787 mutabile,
1700 705 1763 769 in
1816 704 2004 767 Mosis
2054 705 2285 788 legibus
2341 706 2711 768 iudicialibus
2765 711 2953 788 aeque
2993 728 3066 768 ac
3106 709 3356 770 aliorum

432 789 777 870 hominum3
818 789 1093 852 distincte
1134 789 1462 850 videamus·

1672 1267 1886 1326 CAP.
1947 1267 2096 1326 III.

469 1471 568 1528 De
606 1469 677 1528 ed
706 1477 918 1547 parte,
958 1487 1107 1545 quae
1144 1472 1207 1528 in
1246 1469 1502 1544 Legibus
1542 1470 1737 1528 Masis
1774 1470 2141 1528 iudicialibus
2185 1471 2261 1528 ἐν·
2299 1470 2566 1530 humanis
2607 1471 2743 1546 alg'js
2783 1476 2872 1527 est
2913 1470 3320 1529 immutabilis.

506 1671 689 1732 Tbes.
737 1691 825 1748 13.
904 1673 1302 1730 Iumvramns
1341 1681 1539 1731 autem
1582 1681 1670 1730 est
1709 1673 1894 1748 aeque
1936 1671 1995 1730 in
2038 1671 2308 1731 humanis
2349 1691 2418 1732 ac
2461 1671 2522 1730 in
2562 1670 2932 1732 iudicialibus
2974 1671 3162 1731 Mos-is
3185 1671 3346 1731 insti-

428 1750 567 1811 tutis
580 1797 596 1828 ,
639 1752 917 1828 quicquid
948 1753 1176 1811 ratione
1213 1759 1373 1811 certa
1412 1754 1747 1810 ordinatum
1787 1760 1876 1811 est
1888 1753 1978 1811 ad
1989 1771 2278 1810 commune
2295 1754 2503 1810 bonum
2524 1753 2600 1812 ab
2620 1772 2683 1812 eo
2703 1755 2865 1812 cuius
2885 1761 2972 1811 est
2988 1755 3314 1811 auctoritas
3327 1799 3344 1827 ,

428 1833 737 1891 secundam
782 1831 1053 1908 formam
1108 1833 1358 1891 rationis
1396 1834 1557 1891 illius
1598 1839 1868 1892 aeternae
1906 1852 2081 1909 quam
2122 1833 2502 1891 adumbrauit
2535 1835 2596 1892 in
2637 1839 2886 1904 natura,
2928 1841 3037 1891 aut
3074 1833 3136 1890 in
3179 1833 3354 1892 verbo

431 1913 721 1990 expressit
758 1913 944 1970 Deus.
985 1912 1140 1971 Nam
1182 1911 1464 1989 quicquid
1504 1921 1589 1972 est
1630 1910 1947 1987 eiusmodi,
1990 1909 2054 1971 id
2095 1924 2289 1971 certae
2328 1913 2577 1972 iustitiae
2621 1913 2676 1972 δι
2715 1910 3026 1988 aequitatis
3069 1921 3178 1986 est,
3200 1929 3355 1989 quae

434 2011 671 2068 semper
722 2011 837 2050 vna
889 2001 1007 2069 est,
1063 1994 1118 2052 δι
1167 1991 1663 2052 constantissima.
1714 1993 1890 2051 Hanc
1932 1995 2077 2051 vero
2119 1991 2524 2052 definitionem
2565 2003 2628 2052 vt
2667 1990 3092 2070 intelligamuS,
3134 1993 3189 2050 &
3232 2010 3356 2052 rem

431 2081 619 2132 totam
678 2069 1073 2150 percipiamus
1114 2073 1468 2149 commode,
1510 2073 1632 2131 duo
1674 2070 1849 2132 nobis
1890 2072 2100 2132 ordine
2141 2072 2432 2132 tradenda
2471 2085 2625 2132 sunt.
2689 2073 2847 2132 Nam
2889 2071 3142 2150 primum
3185 2089 3357 2132 excu-

431 2151 671 2212 tiendae
712 2161 847 2211 sunt
886 2151 1057 2212 huius
1092 2161 1329 2212 nostrae
1371 2151 1729 2212 definitionis
1770 2162 1994 2228 partes:
2037 2151 2250 2212 deinde
2290 2157 2433 2213 vero
2477 2151 2694 2212 indicia
2730 2150 3014 2230 signaque
3033 2170 3354 2228 recognos-

432 2231 658 2310 cenda,
714 2251 788 2292 ex
836 2229 1052 2308 quibus
1106 2231 1165 2291 in
1214 2230 1601 2311 singularibus
1653 2232 1988 2309 quibusque
2041 2230 2270 2310 legibus
2310 2233 2418 2292 has
2457 2231 2716 2310 singulas
2756 2231 3117 2292 definitionis
3161 2242 3356 2310 partes

434 2329 695 2389 aequum
736 2321 825 2372 est
866 2310 1179 2390 explorari.

508 2393 739 2471 Legum
792 2389 969 2471 igitur
1020 2393 1089 2451 τὸ
1130 2393 1523 2469 ἀμετάβολον,
1562 2391 1626 2452 id
1666 2401 1779 2471 est,
1820 2390 2184 2453 immutabile
2225 2391 2538 2455 definimus
2581 2411 2686 2469 per
2727 2408 2966 2471 causam,
3008 2391 3351 2453 definitione

431 2472 1018 2533 conuenientissima:
1061 2472 1567 2550 quemadmodum
1613 2472 1791 2532 etiam
1832 2475 2030 2551 legum
2055 2472 2314 2549 ipsarum
2335 2472 2737 2533 definitionem
2757 2472 3022 2534 adhibita
3042 2490 3350 2532 causarum

430 2553 797 2613 enarratione
838 2552 897 2612 in
940 2552 1429 2612 antecedentibus
1468 2553 1792 2630 posuimus,
1836 2552 2136 2629 Quicquid
2176 2558 2320 2631 ergo
2361 2554 2419 2613 in
2451 2554 2584 2631 lege
2607 2564 2696 2613 est
2713 2552 3111 2629 immutabile,
3149 2571 3352 2612 secun·

430 2634 576 2693 diim
618 2650 824 2693 causas
866 2631 949 2693 ita
987 2630 1289 2709 definitur,
1330 2640 1395 2691 vt
1436 2643 1705 2710 respectu
1738 2651 1949 2693 causae
1986 2631 2290 2693 efficientis
2324 2632 2554 2693 dicatur
2585 2636 2922 2694 ordinatum
2943 2635 3174 2693 ratione
3194 2642 3356 2693 certa

432 2715 507 2773 ab
560 2734 623 2773 eo
674 2716 839 2773 cuius
887 2723 975 2774 est
1020 2714 1369 2773 auctoritas:
1421 2726 1693 2791 respectu
1732 2716 1885 2791 finis
1901 2757 1917 2786 ,
1967 2716 2300 2772 ordinatum
2342 2716 2428 2772 ad
2463 2733 2756 2773 commune
2794 2714 3037 2785 bonum;
3079 2724 3352 2789 respectu

432 2795 687 2870 formae,
742 2796 1078 2853 ordinatum
1126 2793 1433 2852 secundam
1468 2792 1742 2868 formam
1798 2795 2052 2852 rationis
2102 2796 2263 2853 illius
2315 2802 2586 2853 aeternae
2641 2813 2817 2871 quam
2871 2793 3254 2853 adumbrauit
3290 2795 3351 2851 in

429 2882 653 2933 natura
691 2881 801 2933 aut
834 2875 897 2933 in
934 2874 1110 2934 verbo
1150 2874 1439 2947 expressit
1472 2875 1661 2932 Deus.
1702 2876 1795 2933 De
1836 2872 2082 2933 materia
2123 2875 2285 2934 nulla
2324 2871 2622 2950 quaestio:
2664 2872 2804 2949 quia
2843 2872 2990 2933 nihil
3023 2874 3352 2931 humanum

431 2962 553 3032 est,
615 2952 691 3013 de
732 2970 855 3044 quo
896 2952 1125 3031 legibus
1164 2950 1435 3011 humanis
1476 2952 1671 3013 caueri
1708 2972 1833 3013 non
1876 2952 2094 3029 possit:
2156 2955 2250 3013 Ac
2290 2962 2605 3031 propterea
2645 2952 2790 3013 nihil
2829 2953 2910 3013 ad
2951 2971 3078 3013 rem
3119 2950 3352 3011 attinuit

430 3043 495 3093 vt
536 3050 669 3093 eam
710 3032 1331 3093 circumscriberemus
1370 3032 1713 3093 definitione
1755 3043 1977 3093 nostra.

508 3116 580 3172 In
622 3130 800 3173 causa
840 3112 1017 3189 igitur
1056 3112 1346 3172 efficiente
1386 3113 1779 3173 humanarum
1817 3115 2019 3191 legum
2062 3112 2183 3172 duo
2205 3122 2567 3174 concurrunt
2587 3129 2895 3173 causarum
2915 3130 3168 3189 genera,
3203 3126 3354 3189 quae

427 3191 491 3251 in
532 3193 699 3253 omni
738 3202 1092 3270 argumento
1133 3191 1583 3269 prudentissime
1623 3192 1906 3269 distingui
1944 3210 2187 3253 necesse
2228 3204 2337 3254 est.
2375 3194 2512 3252 Vna
2553 3204 2672 3267 est,
2713 3191 3000 3253 instabilis
3035 3192 3090 3251 δι
3125 3190 3357 3251 varians

427 3272 781 3350 plurimum,
836 3289 1017 3347 quam
1070 3272 1578 3333 instrumentalem
1632 3276 1931 3351 appellant
1983 3272 2224 3350 Logici,
2281 3283 2424 3351 puta
2473 3272 2936 3349 Legislatorum,
2989 3270 3114 3331 siue
3154 3291 3352 3330 eorum

416 3363 599 3431 penes
638 3372 783 3429 quos
823 3360 911 3410 est
944 3356 1271 3413 auctoritas
1309 3353 1615 3413 condendi
1655 3355 1711 3412 δι
1752 3350 1979 3413 serendi
2016 3354 2208 3430 leges:
2252 3356 2454 3414 Altera
2477 3351 2982 3429 constantissima,
3017 3352 3178 3411 velut
3201 3350 3357 3441 prin-

430 3432 649 3509 cipium
689 3430 929 3491 vnicum
970 3442 1151 3509 atque
1190 3430 1506 3492 immotum
1547 3433 1813 3493 omnium
1854 3434 2083 3510 legum,
2117 3434 2171 3492 δι
2193 3450 2442 3493 mouens
2463 3450 2671 3492 omnes
2691 3430 3082 3511 Legislatores
3103 3430 3180 3491 ad
3200 3430 3357 3490 msti-

428 3509 717 3572 tutionem
769 3510 1058 3590 ipsarum,
1108 3532 1180 3574 ac
1220 3512 1473 3589 proinde
1514 3516 1651 3573 vere
1692 3516 1747 3573 δε
1786 3519 1893 3590 per
1934 3532 1997 3572 se
2037 3511 2299 3573 efficiens
2343 3530 2550 3589 causa,
2594 3531 2774 3589 quam
2815 3514 3098 3572 rationem
3139 3521 3356 3571 certam

428 3593 809 3669 appellamus.
870 3592 978 3653 Est
1019 3592 1178 3653 enim
1220 3591 1369 3652 ratio
1412 3591 1765 3671 principium
1806 3591 2075 3652 omnium
2116 3595 2344 3669 legum:
2389 3612 2501 3651 nec
2541 3592 2666 3652 sine
2707 3591 2936 3653 ratione
2974 3589 3242 3669 praeside
3281 3610 3354 3651 ac

426 3670 693 3765 principe
733 3674 933 3749 legum
972 3682 1188 3733 statuta
1225 3670 1536 3733 hominum
1578 3692 1687 3750 pro
1727 3672 1955 3749 legibus
1986 3672 2190 3731 haberi
2221 3674 2472 3733 debent:
2510 3672 2622 3732 nisi
2653 3674 2806 3732 forte
2841 3680 2906 3731 vt
2945 3670 3006 3731 in
3041 3671 3248 3745 rebuS,
3272 3670 3357 3729 sic

427 3770 487 3811 m
529 3770 732 3812 earum
772 3752 1111 3813 nominibus
1154 3752 1397 3831 indigna
1437 3754 1797 3832 κατάχρησις
1835 3762 2164 3830 vsurpetur.
2217 3754 2371 3813 Cum
2411 3764 2608 3811 autem
2649 3749 2892 3811 rationis
2931 3749 3138 3825 huiuS,
3177 3768 3357 3826 quam

426 3830 655 3909 legibus
694 3830 952 3892 ferendis
996 3835 1271 3893 volumus
1316 3832 1678 3909 praesidere,
1711 3833 1928 3893 modus
1969 3831 2030 3891 in
2071 3830 2200 3909 ipsa
2219 3832 2460 3909 quidem
2483 3832 2756 3892 absolute
2777 3829 2852 3891 sit
2871 3828 3355 3908 perfectissimus:

424 3912 483 3970 in
538 3910 881 3971 hominibus
932 3922 1130 3972 autem
1184 3910 1574 3989 singularibus
1615 3912 1931 3989 plurimum
1975 3912 2192 3972 habeat
2232 3912 2467 3972 incerti:
2511 3914 2826 3989 propterea
2862 3910 3156 3971 rationem
3195 3910 3356 3969 illam

424 3990 759 4067 praesidem
799 3993 854 4050 &
894 4002 1204 4052 auctorem
1244 3994 1441 4070 legum
1483 3992 1560 4051 ab
1602 3990 1829 4051 incerto
1884 3990 2125 4052 rationis
2177 3994 2472 4052 humanae
2512 3992 2588 4051 de
2627 3990 2914 4051 industria
2955 3987 3358 4068 distinximuS,

423 4073 562 4131 cum
619 4073 903 4131 rationem
960 4079 1177 4131 certam
1232 4070 1582 4133 diceremus
1646 4073 1799 4133 Cum
1852 4072 2012 4132 enim
2068 4083 2295 4132 certum
2349 4074 2712 4149 appellemus
2752 4068 3038 4148 quicquid
3078 4072 3115 4129 a
3155 4080 3360 4129 nostra

425 4150 831 4227 dubitatione,
891 4154 945 4211 δε
998 4154 1077 4213 ab
1128 4150 1503 4213 instabilitate
1543 4150 1633 4211 sui
1670 4162 1850 4229 atque
1905 4152 2232 4212 mutatione
2283 4164 2370 4213 est
2417 4151 2702 4211 alienum:
2761 4150 3008 4211 omnino
3063 4148 3356 4209 rationem

426 4230 589 4290 illam
630 4240 793 4291 extra
830 4248 1011 4292 omne
1056 4230 1305 4293 dubium
1345 4237 1627 4309 omnesq3
1670 4231 1827 4291 vices
1868 4230 2261 4292 mutationum
2303 4230 2586 4309 positam,
2627 4230 2788 4289 illam
2825 4229 3183 4307 principem,
3206 4228 3358 4289 arbi-

426 4316 702 4387 tramque
746 4310 1139 4371 humanarum
1181 4314 1409 4391 legum,
1452 4329 1695 4371 necesse
1736 4312 1843 4371 fuit
1880 4314 1917 4370 a
1958 4310 2186 4371 ratione
2225 4312 2448 4372 incerta
2488 4314 2690 4388 (prout
2729 4309 3070 4371 hominibus
3111 4310 3171 4369 in
3214 4328 3358 4369 con·

426 4399 592 4451 creto
640 4388 816 4476 inest)
862 4388 1175 4471 distingui,
1226 4394 1281 4453 δι
1334 4408 1511 4469 supra
1547 4410 1711 4471 earn,
1754 4402 2036 4470 tanquam
2073 4392 2136 4452 in
2175 4410 2312 4453 arce
2351 4390 2646 4453 societatis
2685 4390 3008 4469 humanae,
3049 4388 3359 4531 (ιοῑῑοοειῧίθἐ
