3923 4875
1456 359 1783 404 'rnsssns
1842 355 2492 402 THEOLOGICAE.
3319 359 3432 420 179

525 524 963 606 generationem
1017 522 1161 583 nihil
1216 522 1445 582 confert
1484 522 1671 580 homo
1714 517 2018 594 naturalis,
2060 517 2140 577 ita
2183 535 2294 577 nec
2345 517 2592 576 carnalis
2631 518 2708 576 ad
2750 517 3107 594 spiritualem
3149 519 3238 578 sui
3273 539 3434 598 rege-

523 605 907 668 nerationem.
967 607 1039 662 In
1091 601 1265 662 tertio
1316 610 1511 661 autem
1526 645 1542 678 ,
1584 599 1683 677 qui
1725 595 2202 676 praecedentium
2242 597 2486 656 effectus
2525 607 2615 657 est
2655 597 2928 674 proprius
2943 641 2960 674 ,
3003 597 3242 675 Spiritui
3282 600 3436 676 prin-

522 685 698 766 cipali
748 683 945 778 agenti
998 682 1311 760 incipimus
1365 679 1701 758 cooperari,
1743 681 1798 739 &
1837 675 1955 738 acti
1995 696 2200 755 agere3
2238 677 2397 736 vnde
2437 675 2498 736 in
2539 679 2658 736 hoc
2697 685 2850 736 statu
2892 693 3044 754 quae
3083 688 3218 738 sunt
3255 678 3435 756 ipsius

522 766 756 846 spiritus
798 783 857 824 m
898 783 1067 824 sacra
1106 761 1405 840 Scriptura
1442 778 1569 820 non
1610 763 1743 819 raro
1778 757 1953 818 nobis
1995 755 2408 816 attribuuntur.

606 863 703 924 57.
780 846 1235 920 Verumtamen,
1300 839 1563 916 quandiu
1616 838 1677 898 in
1730 837 1820 898 his
1871 835 2041 896 terris
2078 854 2408 916 versamur,
2449 835 2726 895 inchoata
2767 845 2854 894 est
2892 837 3120 896 tantum
3161 836 3437 896 sanctitas

523 925 623 986 illa
673 921 1075 985 renouationis
1090 967 1108 996 ,
1160 925 1213 980 &
1262 920 1323 980 in
1375 917 1615 997 optimis
1654 919 1830 978 etiam
1870 915 2175 993 quibusuis
2213 935 2445 993 semper
2485 926 2789 975 remanent
2828 915 3106 991 reliquiae
3147 917 3440 992 quaedam

526 1003 906 1084 impuritatis„
959 1010 1165 1080 vtpote
1205 1001 1267 1060 in
1309 999 1525 1078 quibus
1564 1000 1749 1059 homo
1792 1007 2036 1073 vterque
2077 1004 2195 1068 est,
2237 1005 2405 1056 vetus
2446 995 2500 1053 δε
2540 1011 2764 1072 nouus3
2806 994 2946 1054 hinc
2986 996 3079 1073 fit,
3119 1008 3184 1055 vt
3222 995 3282 1055 in
3323 997 3443 1056 hoc

526 1096 709 1163 statu,
746 1083 985 1144 libertas
1024 1080 1245 1157 arbitrij
1292 1079 1365 1139 sit
1402 1088 1567 1140 certo
1608 1079 1827 1152 mod0.,
1867 1075 2080 1154 partim
2122 1076 2200 1136 ad
2239 1077 2498 1152 bonum,
2537 1075 2592 1133 δι
2630 1073 2843 1153 partim
2885 1076 2962 1134 ad
2991 1076 3244 1152 malum,
3264 1086 3443 1153 prout

526 1167 797 1226 voluntas
857 1165 893 1222 a
953 1163 1189 1223 duobus
1246 1159 1339 1219 his
1399 1157 1725 1236 principiis,
1779 1175 1953 1217 carne
2011 1157 2068 1214 δι
2107 1155 2356 1233 Spiritu,
2408 1155 2562 1215 inter
2599 1173 2664 1215 se
2703 1153 3157 1232 confligentibus
3199 1154 3438 1234 (Spiritu

526 1253 723 1306 tamen
765 1247 1099 1320 superante)
1140 1239 1356 1318 agitur,
1396 1240 1474 1297 ab
1513 1248 1765 1315 vtroque
1806 1234 2046 1315 quidem
2085 1234 2294 1313 libere,
2337 1234 2444 1295 sed
2484 1233 2814 1295 necessario
2856 1253 2930 1294 ex
2971 1234 3146 1294 tertio
3184 1235 3436 1296 necessi-

526 1322 661 1384 tatis
740 1341 935 1383 enere.

608 1343 738 1480 58.g
782 1405 851 1462 In
892 1410 1047 1461 statu
1086 1403 1229 1460 vero
1269 1398 1490 1477 gloriae
1505 1443 1521 1476 ‚
1565 1395 1830 1457 conditio
1870 1404 2074 1455 nostra
2112 1391 2540 1470 simplicissima
2580 1395 2772 1453 futura
2815 1403 2905 1460 est
2921 1437 2938 1471 ‚
2960 1401 3155 1470 eaque
3175 1397 3448 1456 voluntas

528 1482 851 1556 liberrima,
890 1482 996 1542 sed
1035 1481 1115 1540 ad
1153 1479 1217 1538 id
1255 1479 1511 1551 tantum,
1554 1477 1719 1553 quod
1760 1479 1985 1538 bonurn
2028 1483 2148 1551 est,
2187 1475 2591 1551 propendenS,
2645 1473 2826 1550 idque
2867 1473 3246 1550 necessario,
3288 1477 3343 1535 &
3385 1472 3444 1532 in

527 1575 859 1640 aeternum,
920 1559 1027 1622 etsi
1088 1578 1217 1619 non
1274 1561 1499 1618 coacte.
1560 1559 1733 1617 Tunc
1797 1555 1955 1616 enim
2005 1563 2170 1612 vetus
2219 1563 2420 1613 noster
2467 1553 2652 1613 homo
2693 1552 2928 1630 penitus
2975 1554 3312 1614 abolebitur
3331 1599 3348 1630 ‚
3391 1555 3446 1611 &

528 1642 749 1720 angelis
790 1640 933 1701 facti
970 1639 1215 1716 simileS,
1263 1659 1311 1697 1.
1340 1639 1477 1697 Cor.
1530 1653 1615 1714 15.
1660 1657 1755 1712 49.
1800 1632 2070 1697 coelestis
2109 1631 2263 1692 illius
2301 1631 2558 1693 hominis
2599 1632 2816 1694 Christi
2835 1632 3158 1711 imaginem
3180 1635 3450 1711 perfecte

528 1721 921 1800 gestabimus,
981 1719 1077 1779 cui
1131 1735 1269 1778 cum
1322 1719 1523 1796 Patre,
1566 1717 1621 1774 ὅτ
1661 1717 1877 1794 Spiritu
1916 1715 2166 1790 Sancto,
2209 1712 2280 1773 sit
2319 1714 2547 1791 honOS,
2590 1716 2645 1773 δι
2684 1712 2872 1790 gloria
2916 1711 2976 1772 in
3018 1715 3220 1774 secula
3264 1729 3434 1774 secu·

530 1803 743 1862 lorum.
804 1803 1024 1860 Amen.

1656 1985 2316 2050 conoLquuvM.

606 2152 984 2214 Prouidentia
1020 2151 1137 2212 Dei
1173 2171 1295 2212 non
1337 2152 1445 2210 fuit
1482 2149 1542 2208 in
1584 2154 1761 2209 causa
1799 2164 1909 2206 cur
1945 2146 2144 2206 Adam
2182 2145 2490 2225 liberetur,
2511 2165 2624 2206 nec
2643 2146 2825 2206 vllam
2846 2147 3023 2208 etiam
3049 2149 3200 2207 bene
3221 2145 3438 2225 agendi

528 2233 939 2295 necessitatem
976 2231 1265 2293 voluntati
1305 2230 1428 2294 eius
1469 2228 1689 2301 attulit,
1731 2229 1873 2288 dum
1912 2225 2142 2304 integer
2183 2234 2352 2285 esset.

1361 2652 1589 2711 XXIII.
1673 2652 1803 2710 DE
1862 2650 2140 2710 LEGE
2202 2648 2614 2710 DIVINA.

618 2832 739 2897 Ex
801 2832 1003 2897 liberi
1043 2832 1329 2914 arbitrzj
1370 2830 1803 2913 indagatione
1848 2830 2138 2894 innotuit
2181 2832 2379 2911 quam
2428 2848 2546 2891 nos
2590 2825 2910 2911 deficiant
2953 2825 3137 2889 vires
3182 2833 3452 2888 nostrae

530 2923 627 2987 ad
655 2923 803 2987 eius
848 2923 1157 2987 iustitiae
1194 2918 1514 3009 comple(f.
1568 2922 1647 2984 16
1656 2928 2075 3003 57.)mentum
2095 2970 2111 2997 ,
2153 2941 2321 3002 quae
2361 2939 2582 2982 coram
2629 2916 2760 2979 Dei
2779 2916 3105 2980 tribunali
3131 2915 3448 2979 consiitat

530 3014 899 3191 ξηῖερἱξὲε
968 3014 1089 3077 Ex
1159 3013 1299 3099 leye
1367 3022 1689 3094 tanquam
1758 3034 1843 3125 eff
1908 3010 2386 3095 limpidissimo
2443 3010 2707 3091 speculo
2762 3007 3006 3071 melius
3047 3014 3448 3091 agnoscetur

531 3126 597 3168 m
656 3126 791 3169 rmz
823 3124 924 3170 as,

782 3338 814 3361 ,,
1770 3288 2094 3346 ΤΗΕειε
2150 3288 2196 3345 Ι.

611 3468 866 3525 Lamus
920 3483 1039 3524 vox
1082 3464 1225 3542 legis
1274 3466 1313 3523 a
1362 3466 1651 3541 legende,
1701 3464 1763 3525 id
1810 3475 1899 3525 est
1938 3466 2326 3543 publicando:
2371 3463 2616 3524 Graecis
2659 3468 2828 3537 νόμος
2853 3508 2866 3533 ,
2909 3466 2946 3521 a
2985 3461 3227 3540 singulis
3270 3477 3443 3519 suum

536 3552 749 3622 cuique
808 3544 1149 3604 tribuendo:
1211 3544 1501 3604 Hebraeis
1556 3546 1803 3604 Thoralc
1843 3544 2100 3605 vicissim
2139 3549 2176 3605 a
2214 3543 2573 3621 publicando
2617 3560 2837 3601 nomen
2876 3540 3082 3601 sortita
3119 3551 3226 3601 est.
3289 3542 3439 3599 Eam

494 3688 507 3703 ‚
536 3624 621 3685 sic
682 3624 740 3684 in
800 3642 1014 3701 genere
1063 3623 1394 3683 definimus.
1454 3626 1584 3683 Lea:
1622 3633 1709 3684 est
1747 3623 2041 3685 ordinatio
2083 3623 2323 3685 rationis
2363 3625 2440 3683 ad
2481 3638 2800 3683 commune
2840 3622 3066 3680 bonum
3107 3622 3183 3680 ab
3222 3638 3296 3679 eo
3337 3618 3440 3695 qui

536 3721 737 3763 curam
776 3701 1215 3764 communitatis
1254 3703 1453 3764 habet.
1495 3706 1726 3783 Legum
1764 3702 1913 3762 aliae
1953 3704 2272 3780 humanae,
2313 3704 2463 3763 aliae
2505 3701 2758 3762 diuinae.
2801 3702 3114 3760 Humanae
3154 3699 3233 3758 ab
3253 3698 3441 3758 homi-

533 3784 706 3844 nibus
745 3783 1039 3861 feruntur,
1076 3800 1327 3860 quarum
1366 3784 1567 3860 regula
1598 3781 1871 3862 proxima
1890 3793 1978 3843 est
1999 3784 2238 3861 duplex:
2278 3802 2392 3847 ma
2413 3781 2636 3857 innata,
2668 3798 2848 3857 quam
2869 3781 3059 3857 legem
3081 3779 3439 3859 naturalem3

531 3864 711 3923 altera
750 3862 993 3923 caelitus
1030 3864 1314 3941 reuelata,
1354 3879 1534 3940 quam
1576 3861 1838 3923 diuinam
1881 3881 2182 3923 vocamus.
2237 3864 2336 3922 Ab
2377 3861 2468 3921 his
2508 3860 2556 3921 si
2593 3861 2867 3920 aberrent
2906 3870 3041 3919 sunt
3084 3858 3403 3935 degeneres
3423 3904 3440 3938 ,

534 3940 641 4003 etsi
680 3942 989 4019 ὁμωνύμως
1028 3944 1207 4020 vulgo
1245 3940 1327 4002 ita
1364 3946 1747 4021 appellentur.
1808 3944 1903 4001 De
1943 3941 2157 4003 diuinis
2198 3952 2422 4002 tantum
2465 3960 2537 3999 ex
2577 3939 2840 4000 instituto
2879 3939 3174 4016 agendum
3221 3947 3326 3997 est.

617 4040 671 4081 2.
749 4022 883 4081 Lex
941 4024 1145 4082 diuina
1184 4032 1273 4081 est
1310 4024 1406 4081 lex
1443 4020 1688 4083 Domini
1731 4022 1914 4081 nostri
1954 4042 2063 4099 per
2103 4024 2336 4082 Mosem
2375 4020 2588 4080 tradita
2627 4020 2850 4096 populo
2891 4016 3246 4078 Israelitico:
3289 4034 3441 4095 quae

533 4099 747 4177 partim
788 4113 876 4163 est
919 4103 1129 4179 ἠθικοὶ,
1168 4099 1383 4179 partim
1426 4105 1719 4182 ἱερατική,
1752 4100 1965 4178 partim
1997 4105 2286 4175 πολιτική.
2331 4103 2484 4160 Istae
2503 4102 2662 4177 leges
2683 4097 2744 4158 in
2763 4096 3023 4175 quinque
3042 4096 3206 4157 libris
3226 4098 3443 4175 MosiS‚

536 4180 719 4241 veluti
777 4181 1015 4260 sanguis
1070 4201 1178 4260 per
1219 4191 1410 4241 totum
1454 4199 1670 4259 corpus
1710 4190 1972 4258 spatae,
2011 4192 2075 4240 vt
2117 4192 2254 4241 sunt
2294 4178 2468 4239 variis
2511 4178 2875 4256 temporibus
2915 4181 2952 4237 a
2993 4179 3126 4237 Deo
3165 4176 3442 4255 traditae,

540 4259 625 4320 sic
683 4262 721 4317 a
776 4262 955 4321 Mose
1011 4278 1136 4321 non
1196 4261 1411 4320 eodem
1470 4270 1676 4321 tenore
1716 4271 1851 4320 sunt
1894 4258 2251 4338 descriptae:
2293 4264 2346 4321 &
2385 4268 2520 4319 sunt
2557 4259 2892 4336 exemplum
2935 4258 3263 4335 perfectum
3300 4256 3444 4333 legis

540 4349 815 4400 aeternae
830 4385 849 4419 ,
906 4339 1187 4401 naturalis
1243 4342 1298 4401 δι
1336 4338 1573 4401 diuinae
1612 4344 1668 4400 δι
1710 4342 2022 4401 humanae.
2065 4344 2156 4400 Ex
2191 4340 2282 4400 his
2321 4338 2550 4417 legibus
2591 4336 2818 4419 integra
2855 4339 2952 4397 lex
2992 4335 3260 4409 moralis»,
3299 4334 3446 4473 ingili-

3270 4434 3326 4474 c1
3383 4433 3446 4475 es
