3923 4875
62 67 85 271 -.ΝΠ
62 0 87 26 Ε·

62 1046 85 1090 n
62 883 87 1008 ν-
62 721 84 845 “⁸-
63 639 86 680 ἦ
62 477 86 599 ful-⁸
62 312 83 436 '‘⁶0-

62 2912 90 2966 '²
62 2425 93 2885 'Cu'ka'n‘kx
62 2343 91 2396 “.
62 2265 87 2314 '3:-
62 2024 91 2234 “““·“
62 1858 90 1990 “““Ἇ
62 1693 87 1823 nn-
62 1371 88 1662 Fufi-astu
62 1205 88 1334 w..-

62 3151 97 3370 ¹1.‡f:.
62 3069 91 3128 1.
62 2986 93 3047 Ἐξ.-

62 3818 98 3968 Ἦὶ

439 0 869 76 sapientissime
911 0 1255 58 obseruauit
1296 0 1546 72 Psaltes,
1587 0 1663 57 de
1704 0 2128 59 communione
2171 10 2410 59 externa
2431 0 2752 57 videndum
2774 7 2892 72 est,
2932 15 3111 73 quam
3134 0 3363 57 interna

446 78 546 139 illa
587 79 932 140 communio
975 89 1319 157 perpetuam
1360 77 1472 139 sibi
1513 81 1567 138 δε
1607 77 1760 138 inter
1799 79 2073 139 homines
2114 81 2288 157 plane
2326 76 2716 138 necessariam
2757 75 3018 154 adiungit
3062 76 3363 136 comitem.

448 161 601 219 Nam
662 158 710 219 si
768 158 912 218 illud
972 177 1178 219 verum
1242 168 1329 218 est
1390 157 1556 235 quod
1613 157 1958 236 Philosophi
2017 178 2227 219 omnes
2280 167 2487 218 natura
2524 167 2696 217 >teste
2735 155 3097 235 docuerunt,
3136 159 3361 216 formae

442 237 709 299 internae
766 237 825 299 in
879 258 942 298 re
995 256 1231 316 quaque
1288 248 1594 299 externam
1636 241 1673 297 a
1715 250 1923 298 natura
1961 240 2350 316 respondere,
2390 241 2445 298 δε
2485 255 2650 298 suam
2693 235 2843 295 inter
2881 246 3189 313 vtramque
3231 255 3359 297 esse

437 317 938 398 conuenientiam3
999 338 1121 378 non
1177 317 1366 397 potuit
1417 320 1578 378 certe
1618 318 1804 395 gratia
1843 323 2021 395 (quae
2061 319 2255 379 modis
2297 319 2572 378 omnibus
2613 327 2883 376 naturam
2923 322 3184 394 superat)
3225 335 3349 377 non

443 399 760 475 prouidere
814 410 991 475 atque
1049 399 1316 478 efficere,
1370 409 1434 457 vt
1487 401 1711 458 formae
1765 398 2030 458 internae
2071 418 2250 475 quam
2292 400 2454 458 Deus
2497 395 2800 457 Ecclesiae
2841 395 3084 473 indidit,
3118 396 3357 457 adhibe·

442 490 602 538 retur
644 488 883 538 externa
922 477 1195 557 propria,
1237 481 1291 538 δι
1336 496 1472 538 curn
1513 479 1612 537 illa
1652 489 1933 556 tanquam
1978 491 2163 538 matre
2203 475 2775 538 conuenientissima.
2819 478 2974 536 Rern
3016 475 3100 536 sic
3139 476 3361 537 habere

441 561 479 616 a
541 570 751 618 natura
812 559 1177 618 demonstrat
1236 558 1492 618 hominis
1552 575 1687 617 cum
1750 557 2047 618 animante
2088 560 2263 619 bruta
2305 557 2693 636 comparatio.
2735 555 3032 616 Hominis.
3073 575 3135 616 n.
3171 558 3365 616 forma

440 637 762 697 essentialis
790 641 826 696 a
860 649 1067 698 natura
1105 650 1388 715 quantum
1430 639 1619 714 (Deus
1656 640 1841 712 bone)
1882 637 2066 698 anteit
2104 640 2357 698 formam
2397 632 2687 716 pecudis?
2729 647 2952 713 quanto
2975 636 3363 713 praestantior

442 718 639 777 anima
678 716 774 777 illa
815 731 938 797 est,
979 737 1157 795 quam
1200 720 1363 778 Deus
1405 720 1483 777 ad
1522 717 1839 796 imaginem
1880 736 2047 779 suam
2089 721 2412 779 secundum
2463 736 2629 779 suam
2670 715 3108 777 similitudinem
3130 716 3364 794 fecit,&

442 816 562 874 qua
599 799 719 857 hoc
759 800 1105 876 figmentum
1148 809 1335 859 terrae
1378 798 1688 876 animauit,
1731 799 2017 859 sentiente
2045 797 2142 858 illa
2182 799 2378 859 anima
2398 817 2551 875 quae
2573 797 2692 876 agit
2711 792 3006 874 pecudes?
3049 801 3364 874 propterea

441 876 671 937 homini
733 880 926 938 forma
980 879 1159 956 longe
1220 878 1641 956 praestantior,
1701 881 1755 938 δι
1815 878 2049 938 animae
2110 879 2192 938 illi
2232 879 2628 956 principatum
2668 876 2911 936 habenti
2953 876 3012 935 in
3053 877 3144 936 his
3187 879 3360 937 rebus

439 957 650 1017 creatis
690 956 745 1016 δι
795 958 870 1017 ad
911 978 1004 1018 res
1045 976 1285 1035 superas
1326 957 1668 1018 euocandae
1709 958 2175 1031 conuenientior,
2198 958 2338 1019 foris
2358 972 2445 1018 est
2469 956 2672 1018 indita.
2696 956 2791 1016 Sic
2812 956 2871 1015 in
2896 957 3073 1017 rebus
3093 957 3358 1034 caeteriS,

441 1055 594 1114 quae
618 1037 824 1097 ordine
864 1049 1105 1098 naturae
1144 1038 1591 1116 progignuntur.
1635 1039 1819 1115 Quod
1862 1039 1909 1098 si
1949 1039 2009 1098 in
2034 1049 2243 1098 natura
2262 1040 2425 1098 Deus
2447 1039 2716 1097 ordinem
2738 1037 3055 1113 sapientiae
3075 1055 3215 1097 suae
3234 1037 3352 1096 hoc

441 1127 617 1194 pacto
641 1117 1094 1195 demonstrauit,
1138 1128 1343 1178 natura
1364 1129 1593 1194 autem,
1634 1119 1841 1177 sicum
1863 1117 2051 1195 gratia
2071 1118 2538 1197 comparabitur,
2579 1128 2747 1177 tanto
2769 1116 3008 1177 inferior
3028 1128 3116 1177 est
3136 1127 3360 1193 quanto

441 1196 750 1275 vestigium
793 1197 1035 1258 alicuius
1082 1210 1167 1257 est
1198 1197 1437 1258 inferius
1477 1197 1730 1276 imagine
1770 1218 2061 1276 expressa,
2104 1200 2159 1259 δι
2181 1197 2306 1275 ipsa
2324 1199 2522 1275 imago
2544 1197 2816 1258 homine:
2858 1216 2979 1257 non
3016 1208 3216 1274 posset
3237 1197 3363 1257 sine

439 1276 784 1355 grauissima
842 1277 902 1338 in
960 1280 1159 1337 Deum
1218 1277 1577 1338 contumelia
1618 1277 1792 1339 statui
1835 1290 2045 1338 contra
2086 1278 2145 1338 id
2185 1279 2350 1355 quod
2390 1282 2531 1338 ante
2572 1277 2825 1338 diximus
2865 1280 3060 1337 Deum
3100 1279 3354 1336 formam

443 1367 747 1417 externam
789 1357 874 1418 rei
917 1357 1202 1434 cuiusque
1244 1358 1304 1417 in
1347 1367 1553 1418 natura
1594 1358 2143 1420 accommodauisse
2183 1357 2477 1435 internae,
2518 1358 2578 1418 in
2601 1357 2787 1435 gratia
2809 1362 2949 1417 vero
2972 1357 3366 1434 operibnsque

440 1438 665 1528 gratiae
718 1436 876 1497 illam
917 1438 1055 1498 huic
1098 1437 1338 1498 minime
1379 1437 1949 1515 contemperauisse:
2013 1439 2355 1516 praesertim
2396 1441 2535 1498 cum
2575 1438 2760 1515 gratia
2802 1447 3069 1497 naturam
3091 1448 3326 1514 superet
3344 1481 3363 1514 ,

439 1519 845 1594 imperfectam
884 1517 1186 1596 perficiat:
1250 1520 1305 1579 δε
1346 1515 1627 1578 instauret
1666 1518 1972 1594 perditam.
2017 1520 2144 1579 Stat
2175 1517 2348 1597 igitur
2388 1530 2615 1578 certum
2637 1517 3106 1577 &indubitatum
3128 1517 3364 1577 axioma

441 1595 620 1675 illud,
662 1598 858 1658 Deum
900 1600 1126 1658 formae
1166 1596 1320 1658 illius
1360 1597 1623 1658 internae
1662 1595 1722 1657 in
1765 1597 2037 1658 Ecclesia
2077 1611 2414 1676 auctorem,
2457 1597 2634 1658 etiam
2674 1608 2974 1659 externam
3010 1599 3262 1657 formam
3284 1595 3368 1656 illi

443 1675 724 1737 indidisse
765 1697 874 1755 pro
915 1677 1143 1738 ratione
1183 1677 1446 1738 internae
1488 1677 1641 1738 illius
1681 1679 1907 1739 formae
1946 1679 2425 1739 accommodam.
2482 1682 2606 1738 Iam
2648 1680 2789 1738 vero
2830 1680 3077 1738 alterum
3120 1693 3362 1755 quoque

438 1757 677 1818 axioma
715 1769 940 1818 certum
985 1770 1106 1835 est,
1145 1776 1257 1817 nec
1300 1758 1378 1817 ab
1422 1758 1540 1818 vilo
1580 1756 1823 1818 homine
1865 1758 2231 1819 controuerti
2264 1770 2487 1836 potest,
2529 1757 2632 1835 qui
2653 1768 2852 1818 mente
2873 1757 2985 1817 sibi
3005 1756 3361 1817 constiterit:

439 1849 739 1898 externam
801 1837 887 1897 rei
948 1838 1232 1914 cuiusque
1291 1839 1545 1897 sormam
1606 1857 1733 1898 esse
1793 1838 2058 1898 internae
2098 1838 2356 1899 indicem
2416 1842 2472 1898 &
2512 1851 2718 1898 notam
2751 1837 2937 1897 cuiuis
2976 1848 3112 1897 ante
3153 1839 3362 1896 oculos

441 1917 810 1995 expositam:
872 1937 944 1977 ac
1005 1920 1322 1996 propterea
1364 1917 1413 1977 si
1453 1915 1584 1994 quis
1627 1917 1703 1977 de
1746 1920 1937 1978 forma
1977 1918 2207 1979 interna
2241 1918 2574 1979 ratiocinari
2615 1917 2868 1978 voluerit
2909 1925 3159 1995 eamque
3200 1935 3361 1976 com-

441 1999 732 2075 probare,
774 1997 997 2074 optime
1031 2007 1382 2088 argumenta
1421 1996 1559 2056 duci
1601 1999 1676 2056 ab
1719 2010 1959 2058 externa
1994 2000 2215 2073 forma,
2257 2008 2540 2076 tanquam
2579 2002 2616 2058 a
2656 1997 2823 2076 signo
2867 1995 3199 2058 necessario
3241 2014 3365 2074 quo

441 2096 534 2136 res
592 2080 757 2138 certo
798 2077 1119 2137 internosci
1158 2086 1356 2155 potest
1388 2073 1449 2136 in
1488 2077 1648 2136 hunc
1689 2080 1937 2137 modum
1982 2081 2021 2137 a
2061 2081 2255 2139 forma
2297 2091 2538 2139 externa
2577 2077 2834 2138 hominis
2875 2096 3055 2155 quem
3078 2076 3368 2154 videmuS,

441 2157 711 2233 quamuis
753 2157 1182 2234 dormientem,
1226 2154 1511 2217 rationale
1551 2158 1771 2216 animal
1810 2178 1935 2218 esse
1975 2159 2424 2219 concludimus:
2489 2158 2572 2218 sic
2614 2157 2690 2218 de
2729 2159 2961 2236 pecude
2998 2158 3257 2233 itemque
3291 2155 3368 2216 de

441 2239 689 2311 arbore,
750 2238 805 2297 δι
859 2236 1267 2298 consimilibus
1328 2237 1538 2297 eadem
1590 2236 1685 2296 via
1742 2248 1879 2315 post
1920 2257 2162 2298 omnem
2205 2239 2512 2300 hominum
2557 2239 2904 2298 memoriam
2948 2238 3006 2297 in
3051 2254 3365 2314 recognos-

440 2318 632 2377 cenda
671 2316 785 2377 Dei
823 2317 1011 2394 gratia
1050 2317 1105 2376 δι
1147 2315 1433 2391 Ecclesia,
1474 2327 1775 2393 tamquam
1816 2317 2056 2379 obiecto
2078 2319 2328 2398 gratiae,
2371 2317 2663 2396 sapientes
2683 2317 2955 2379 homines
2974 2314 3366 2397 argumentati

442 2407 603 2474 sunt,
662 2399 716 2459 δι
760 2397 1089 2459 obseruatis
1140 2396 1391 2458 externis
1444 2397 1743 2459 Ecclesiae
1796 2397 1954 2459 notis
1994 2399 2072 2459 de
2113 2399 2360 2460 veritate
2403 2398 2633 2459 interna
2671 2398 3041 2461 iudicarunt:
3085 2396 3366 2476 quemad·

444 2478 693 2537 modum
743 2477 934 2554 *etiam
974 2479 1092 2538 hoc
1140 2476 1199 2537 in
1241 2479 1377 2538 loco
1420 2478 1639 2538 Psaltes
1679 2477 1971 2557 explicata
2010 2478 2302 2540 essentiali
2343 2482 2534 2540 forma
2574 2482 2629 2539 δι
2670 2478 2898 2539 interna
2940 2479 3200 2559 ἐνεργείᾳ
3241 2475 3366 2537 eius

440 2557 855 2635 probationem
895 2556 1049 2618 illius
1082 2556 1263 2635 ipsius
1299 2556 1583 2637 veritatiS,
1627 2578 1779 2635 quae
1818 2561 1854 2618 a
1901 2560 2030 2619 Deo
2073 2559 2180 2619 fuit
2203 2560 2506 2619 Ecclesiae
2528 2558 2737 2637 indita,
2779 2558 3366 2619 instituitaforma&

436 2637 666 2697 ratione
726 2649 969 2698 externa
1032 2638 1215 2715 illius,
1280 2636 1513 2698 dicens:
1580 2640 1746 2697 Nam
1790 2641 1963 2717 illuc,
2018 2640 2128 2699 διε.
2174 2639 2291 2700 Sic.
2334 2659 2393 2700 n.
2437 2639 2672 2714 statuit,
2715 2642 2853 2699 cum
2896 2641 3088 2699 forma
3127 2649 3369 2698 externa

442 2735 733 2778 summam
768 2737 1001 2796 semper
1040 2718 1257 2777 habeat
1293 2720 1332 2777 ὲ,
1371 2728 1576 2777 natura
1611 2736 1749 2778 cum
1792 2718 2023 2778 interna
2066 2718 2567 2796 conuenientiam,
2623 2724 2678 2780 ἃ
2721 2719 2820 2779 illa
2862 2719 2934 2780 sit
2973 2718 3146 2779 huius
3188 2717 3368 2777 index

443 2797 603 2876 apud
665 2817 769 2859 eos
830 2797 932 2874 qui
981 2800 1210 2858 tantum
1250 2817 1324 2858 ex
1364 2796 1595 2858 indiciis
1637 2798 1692 2857 δι
1735 2797 1914 2877 signis
1956 2798 2220 2860 iudicare
2260 2812 2539 2891 possunt,
2581 2820 2643 2860 se
2685 2802 3000 2877 propterea
3038 2801 3157 2859 hoc
3196 2814 3365 2875 argu-

443 2888 647 2938 mento
710 2877 960 2938 naturali
1002 2878 1116 2955 vti,
1159 2882 1214 2939 &
1254 2877 1314 2938 in
1357 2878 1841 2956 recognoscenda
1881 2879 2124 2939 veritate
2165 2879 2387 2957 gratiae
2428 2881 2543 2940 Dei
2582 2880 2637 2938 δι
2680 2880 2982 2940 Ecclesiae
3021 2880 3082 2939 in
3122 2878 3368 2938 veritate

440 2957 739 3035 regenitae
793 2978 901 3036 per
957 2960 1204 3019 verbum
1255 2960 1509 3017 formam
1568 2967 1869 3018 externam
1922 2957 2076 3019 illius
2129 2959 2409 3021 adhibere
2463 2971 2695 3020 testem.
2750 2964 2948 3038 Atque
2989 2958 3085 3018 hic
3124 2956 3365 3036 quidem

444 3038 659 3097 modus
700 3035 837 3097 cssm
878 3037 1045 3099 omni
1084 3048 1355 3115 tempore
1396 3037 1504 3097 fuit
1544 3038 1909 3098 necessarius
1950 3039 2029 3098 ad
2072 3039 2374 3101 veritatem
2425 3043 2479 3100 δι
2521 3039 2954 3118 simplicitatem
2993 3037 3214 3099 Christi
3253 3038 3366 3096 Ec-

441 3117 771 3195 clesiaeque
833 3123 872 3178 a
933 3117 1283 3195 mendacio,
1336 3116 1663 3195 hypocrisi,
1722 3121 1777 3179 &
1838 3118 2208 3180 simulatione
2272 3122 2520 3181 Satanae
2576 3120 3172 3196 adm‘inistrorumque
3211 3116 3364 3178 illius

442 3198 898 3278 secernendam,
962 3208 1088 3258 tum
1129 3201 1269 3257 vero
1309 3196 1430 3258 hoc
1470 3209 1676 3258 nostro
1717 3200 1918 3259 seculo
1960 3209 2022 3258 vt
2062 3202 2199 3259 cum
2242 3200 2494 3261 maxime
2536 3210 2623 3260 est
2663 3201 3103 3261 obseruandus:
3144 3197 3203 3257 in
3244 3214 3366 3273 quo

443 3276 698 3338 maxima
758 3278 1095 3339 animorum
1139 3277 1430 3339 dissensio
1466 3276 1989 3356 doctrinarumque
2029 3280 2278 3340 varietas
2321 3280 2512 3340 extitit
2550 3279 2802 3359 iamdiu,
2844 3283 2898 3340 δι
2938 3291 3134 3340 tamen
3175 3278 3367 3353 singu-

440 3358 637 3417 lorum
699 3369 787 3418 est
845 3370 1128 3420 constans
1169 3361 1224 3420 δι
1264 3357 1534 3435 pertinax
1574 3359 1634 3418 in
1677 3359 1794 3418 suis
1835 3359 2329 3436 dissensionibus,
2387 3380 2460 3419 an
2503 3356 2832 3421 erroribus?
2887 3361 2960 3420 de
2995 3357 3265 3433 Christo,
3309 3356 3364 3415 &

440 3438 516 3497 de
559 3436 835 3518 veritate,
877 3439 955 3499 de
994 3437 1263 3499 Ecclesia
1298 3437 1592 3516 gloriatio,
1637 3438 1821 3514 Quod
1861 3438 2059 3515 itaque
2099 3443 2236 3500 ante
2278 3440 2630 3518 recepimus,
2673 3439 2828 3501 idem
2852 3441 3130 3500 hocloco
3155 3433 3366 3497 facturi

438 3534 671 3596 sumus,
733 3519 789 3578 δι
830 3522 975 3578 κατά
1016 3519 1200 3585 πόδας
1239 3520 1325 3595 (vt
1363 3519 1708 3595 loquuntur)
1749 3530 2062 3595 sequentes
2102 3521 2434 3595 Prophetae
2474 3518 2661 3582 nostri
2700 3522 2755 3580 δι
2795 3519 3021 3598 priscae
3062 3517 3214 3578 illius
3253 3519 3367 3576 Ec·

439 3596 653 3659 clesiae
687 3601 963 3677 vestigia,
1009 3614 1183 3659 notas
1223 3601 1600 3676 formamque
1645 3609 1942 3659 externam
1988 3597 2140 3660 illius
2182 3599 2519 3681 Ecclesiae,
2561 3620 2633 3661 ac
2672 3601 2924 3678 proinde
2966 3600 3143 3659 etiam
3165 3597 3363 3659 Chris·

436 3675 629 3738 tianae
671 3680 998 3739 secundum
1041 3679 1373 3757 Prophetae
1415 3680 1597 3739 verba
1638 3678 2196 3740 demonstrabimus·

527 3760 847 3837 Postquam
912 3758 1087 3837 igitur
1146 3760 1440 3837 Propheta
1496 3758 1695 3820 statuit
1748 3759 1905 3819 illam
1963 3780 2164 3821 veram
2203 3764 2259 3821 δι
2298 3780 2643 3837 germanam
2682 3760 2796 3821 Dei
2835 3760 3165 3821 Ecclesiam
3206 3780 3364 3835 esse,

3179 3858 3357 3917 quam
