3923 4875
3168 374 3279 433 331

357 544 628 597 caeteras
693 532 922 594 omneis
981 542 1277 611 superant.
1337 533 1408 593 In
1467 530 1743 593 statuaria
1805 531 1989 591 κανὼν
2038 534 2475 599 πολυκλείτειος
2514 528 2880 609 antecelluit,
2935 530 2993 592 in
3048 532 3291 611 politica

360 614 689 678 Mosaicus.

442 698 600 757 Nam
642 694 692 755 si
732 696 812 755 ad
851 692 1261 755 auctoritatem
1303 692 1660 773 respexeris:
1699 694 1806 753 has
1857 692 2021 769 leges
2059 707 2183 751 non
2223 690 2441 767 hom0,
2484 690 2589 752 sed
2609 692 2773 751 Deus
2796 692 3255 769 sapientissimus
3271 740 3289 773 ,

359 775 712 837 iustissimus
727 822 744 853 ,
785 778 841 835 &
879 772 1418 853 incorruptissimus
1457 772 1636 851 ipsius
1676 770 2068 832 vniuersitatis
2083 818 2099 851 ,
2141 770 2624 849 singulorumque
2660 770 2719 831 in
2765 771 3137 835 vniuersitate
3174 774 3288 835 hac

361 854 870 919 commorantium
926 853 1102 915 iudex
1163 854 1296 915 tulit
1346 853 1406 913 in
1462 856 1646 915 domo
1687 870 1821 931 sua,
1873 850 1937 911 id
1980 864 2095 929 est,
2134 850 2196 911 in
2238 851 2510 911 Ecclesia
2549 850 2975 930 perfectionem
3016 854 3291 930 pulcritu-

361 936 523 999 dinis
585 940 622 997 ὲ
683 938 818 996 Deo
871 952 1052 1013 supra
1104 954 1197 995 res
1237 946 1468 1011 ‚creatas
1508 932 1736 995 omneis
1777 930 2112 1011 obtinente,
2152 944 2216 991 vt
2254 932 2586 1009 Prophetae
2625 942 2858 992 vtamur
2896 932 3119 995 verbis:
3162 934 3291 996 illas

361 1020 626 1079 tulerunt
665 1015 940 1077 homines
979 1014 1253 1076 tenuibus
1293 1014 1592 1093 sapientae
1629 1012 1987 1074 vmbraculis
2024 1011 2303 1090 praediti,
2344 1010 2599 1091 vestigiis
2632 1011 3058 1073 obscurissimis
3093 1014 3256 1075 ducti
3272 1061 3289 1091 ,

357 1096 683 1159 iniustitiae
740 1097 876 1157 labe
939 1094 1404 1174 deprauatissimi
1420 1140 1438 1173 ,
1499 1096 1555 1153 &
1610 1091 2009 1171 corruptionis
2062 1091 2323 1171 periculo
2372 1111 2447 1152 ex
2487 1092 2651 1153 omni
2689 1101 2856 1170 parte
2897 1092 3284 1155 infectissimi:

359 1178 466 1257 qui
503 1186 685 1257 prout
726 1191 936 1237 causae
978 1174 1358 1254 imperfectae
1397 1184 1533 1235 sunt
1571 1178 1627 1235 &
1665 1172 2088 1234 insufficientes
2128 1176 2215 1249 (vt
2255 1178 2497 1249 vocant)
2533 1170 2775 1233 minime
2794 1183 3043 1252 possunt
3064 1176 3289 1253 persec-

357 1268 490 1320 tum
531 1258 733 1335 legum
775 1256 1049 1316 effectum
1091 1256 1146 1315 δι
1187 1255 1573 1316 sufficientem
1614 1253 1726 1332 ipsi
1762 1252 2137 1332 progignere.

439 1337 544 1399 Sin
582 1337 660 1398 ad
701 1346 975 1397 naturam
1016 1334 1599 1414 applicationemque
1637 1335 1834 1413 legum
1872 1334 2186 1394 oculorum
2227 1333 2415 1394 aciem
2455 1331 2751 1409 retuleriS,
2792 1334 2907 1394 hae
2944 1335 3105 1413 leges
3126 1334 3285 1395 ordi-

355 1418 599 1479 natione
639 1416 729 1477 sui
768 1418 823 1477 δι
865 1415 1259 1495 applicatione
1300 1415 1380 1476 ita
1420 1417 1717 1494 perfectae
1757 1423 1922 1491 sunt,
1965 1422 2029 1473 vt
2067 1412 2514 1492 imperfectione
2555 1424 2797 1473 vacent:
2828 1412 2961 1475 illae
2982 1432 3286 1493 nunquam

356 1500 442 1560 ita
479 1500 779 1578 perfectae
819 1514 948 1557 esse
989 1506 1262 1575 possunt,
1308 1494 1452 1573 quin
1491 1498 1528 1555 a
1567 1510 1746 1555 causa
1783 1492 2130 1572 imperfecta
2145 1539 2162 1572 ,
2195 1496 2492 1571 rebusque
2524 1492 2884 1569 imperfectis
2906 1496 2959 1553 ἃς
2980 1494 3285 1556 actionum

354 1578 709 1657 imperfecto
752 1576 938 1639 modo
978 1576 1228 1638 accedat
1255 1574 1701 1636 contaminatio.
1743 1575 2030 1635 Naturam
2051 1576 2415 1652 appellamus
2435 1572 2725 1633 rationem
2746 1574 2944 1651 legum
2966 1573 3026 1634 in
3048 1574 3283 1656 seipsi53

357 1657 822 1738 applicationem
877 1660 1020 1717 vero
1036 1702 1053 1735 ,
1105 1672 1307 1717 earum
1349 1656 1610 1734 ipsarum
1650 1652 1941 1715 rationem
1982 1653 2719 1730 accommodationemque
2761 1653 2839 1713 ad
2880 1654 2945 1730 (f.
2994 1672 3101 1731 147
3112 1657 3171 1733 5)
3213 1674 3285 1717 ea

357 1740 437 1801 de
471 1738 687 1816 quibus
728 1737 992 1797 feruntur
1030 1737 1210 1816 leges

439 1821 594 1879 Nam
652 1828 718 1879 vt
763 1817 840 1877 de
891 1828 1102 1878 natura
1150 1833 1352 1878 earum
1401 1815 1670 1877 dicamus
1719 1812 1950 1893 paucis,
1993 1813 2138 1891 quid
2176 1812 2373 1875 verbis
2414 1812 2603 1874 Mosis
2644 1813 2853 1874 melius
2868 1859 2884 1887 ,
2926 1813 3285 1895 euidentiuS,

357 1894 640 1963 breuius?
701 1899 778 1959 de
819 1898 1033 1977 quibus
1074 1896 1284 1957 merito
1325 1894 1694 1956 Lucilianum
1733 1895 1893 1956 tillud
1942 1893 2251 1957 emolliens
2292 1892 2498 1955 dixero
2514 1939 2533 1975 ,
2575 1910 2759 1972 quum
2798 1894 2876 1955 ad
2914 1905 3282 1956 venustatem

359 1978 831 2059 dignitatemque
869 1976 1023 2038 illius
1064 1976 1476 2038 collocationis
1517 1974 1798 2055 respici0,

927 2098 1124 2173 Quam
1163 2098 1348 2176 lepide
1385 2098 1556 2156 lexetk·
1595 2098 1950 2175 compostae!
1988 2104 2054 2158 vt
2087 2099 2433 2176 tesserulae,
2476 2114 2667 2157 omnes
2682 2142 2701 2175 ,

911 2178 1087 2238 Eudo
1114 2180 1484 2257 pauimentO,
1525 2185 1698 2254 atque
1737 2176 2061 2237 emblemate
2098 2179 2493 2239 vermiculato·

355 2300 520 2378 Quid
567 2302 746 2362 rebus
793 2298 855 2359 in
903 2318 1030 2360 sese
1067 2294 1305 2359 uerius?
1352 2296 1496 2375 quid
1535 2307 1658 2357 tam
1697 2294 1850 2357 inter
1889 2316 1952 2357 se
1993 2307 2504 2377 coagmentatum,
2544 2307 2667 2358 tam
2711 2300 3085 2361 consentiens
3101 2346 3118 2377 ,
3163 2310 3283 2361 tam

358 2400 433 2443 ex
483 2378 650 2444 omni
693 2390 860 2460 parte
911 2396 1127 2458 vnum,
1181 2382 1360 2456 quam
1399 2375 1546 2437 illud
1586 2372 1714 2439 est?
1775 2376 1937 2437 Nihil
1977 2376 2039 2436 in
2078 2377 2163 2460 eis
2204 2376 2422 2437 ἄτοπον
2432 2422 2451 2452 ,
2492 2376 2639 2437 nihil
2683 2377 3101 2458 ἀνακόλουθον,
3141 2379 3287 2441 nihil

355 2461 650 2533 ἐνώτιον,
693 2459 837 2521 nihil
877 2457 1314 2538 ἔναντιοφανὲς,
1353 2457 1403 2519 si
1440 2469 1695 2551 purgato
1737 2457 1950 2519 mentis
1994 2459 2174 2521 oculo
2217 2455 2469 2535 penitius
2502 2457 2944 2536 introspexeris:
2977 2463 3152 2538 ἄρτια
3186 2467 3283 2519 καὶ

357 2542 774 2680 {meduana
817 2539 1050 2602 omnia:
1090 2547 1154 2598 vt
1193 2537 1638 2618 diligentissime
1678 2537 2043 2616 Augustinus
2082 2538 2162 2600 ad
2201 2537 2593 2599 Volusianum
2636 2537 2899 2600 scribens
2940 2541 3193 2618 epistola
3227 2559 3284 2618 3.

405 2621 702 2682 eclarauit.

439 2701 534 2760 De
588 2699 984 2779 applicatione
1039 2702 1183 2759 vero
1238 2699 1383 2777 quid
1425 2696 1638 2760 dicturi
1694 2693 1931 2760 sumus?
1973 2699 2048 2759 ad
2091 2714 2271 2777 quam
2310 2697 2575 2759 animum
2616 2709 2884 2760 nostrum
2925 2702 2981 2759 &
3020 2697 3287 2778 cogitati·

358 2798 536 2841 onem
575 2779 808 2858 quoties
849 2777 1282 2852 conuertimuS,
1323 2777 1500 2839 toties
1534 2777 1927 2839 incredibileis
1964 2778 2056 2840 sui
2094 2796 2329 2840 amores
2368 2778 2583 2840 excitat
2624 2778 2825 2840 diuina
2863 2778 2963 2839 illa
2982 2779 3285 2858 sapientia.

359 2861 534 2920 Haec
575 2859 734 2920 enim
774 2859 922 2939 legis
961 2875 1096 2919 suas
1135 2857 1366 2919 omneis
1405 2861 1462 2919 ὅτ
1501 2857 1760 2936 singulas
1802 2875 2069 2936 quasque
2107 2878 2232 2919 non
2272 2858 2577 2920 communi
2596 2859 2826 2920 ratione
2846 2860 3040 2920 solum
3062 2859 3288 2939 aptauit

357 2940 716 3000 Iudaeorum
775 2939 938 3020 genti
995 2957 1070 2999 ex
1129 2938 1492 3016 reliquorum
1550 2937 1862 2998 hominum
1916 2937 2449 3017 perditissimorum
2500 2957 2750 3001 numero
2804 2939 3118 3019 collectae,
3168 2943 3287 3017 qua

359 3019 631 3080 homines
673 3025 848 3082 erant
887 3019 949 3080 in
988 3035 1186 3080 rerum
1225 3028 1466 3099 natura3
1507 3017 1892 3078 verumetiam
1935 3017 2218 3096 singulari
2256 3019 2518 3096 quodam
2552 3020 2737 3080 modo
2758 3019 3057 3100 personis,
3078 3020 3287 3100 rebuS,

361 3103 416 3160 δι
458 3098 912 3161 circumstantiis
953 3097 1427 3191 contemperauit
1466 3098 1668 3158 omnia
1706 3097 2254 3177 prouidentissime,
2297 3102 2417 3176 qua
2456 3117 2673 3177 corpus
2714 3108 2840 3159 erat
2864 3098 3120 3160 filiorum
3140 3101 3288 3178 Dei,

359 3183 413 3241 &
477 3177 691 3242 domus
751 3179 930 3259 ipsius
980 3199 1054 3240 ex
1102 3179 1395 3257 lapidibus
1444 3177 1596 3238 viuis
1636 3181 1896 3239 adunata
1934 3197 2043 3257 per
2081 3179 2363 3257 gratiam:
2404 3177 2509 3239 vbi
2548 3177 3071 3240 innumerabilibus
3110 3178 3291 3259 signis

359 3269 540 3337 atque
593 3258 968 3321 documentis
1011 3261 1148 3319 cum
1189 3258 1658 3338 transeuntibus,
1694 3268 1820 3319 tum
1859 3258 2341 3337 permanentibus
2378 3258 2437 3318 in
2478 3278 2659 3321 omne
2701 3269 2931 3338 tempus
2970 3258 3111 3320 data
3150 3278 3291 3320 con-

357 3339 613 3401 firmatio
669 3341 746 3402 de
797 3341 999 3401 federe
1015 3385 1032 3416 ,
1080 3338 1600 3418 promissionibus,
1643 3339 1918 3412 veritate,
1959 3340 2079 3400 fide
2117 3338 2566 3417 constantiaque
2606 3339 2841 3401 diuinae
2880 3338 3033 3400 illius
3070 3339 3292 3419 gratiae

358 3422 518 3480 nulla
555 3420 869 3481 hominum
910 3418 1224 3480 vitiositate
1262 3419 1764 3497 intermoriturae,
1806 3421 1861 3480 δι
1881 3418 1958 3480 de
1980 3419 2326 3480 auctoritate
2344 3419 2537 3498 Legis.
2588 3418 2686 3480 Sic
2706 3431 3022 3498 praecepta
3042 3420 3291 3481 moralia

360 3499 857 3561 absolutissimam
910 3517 1180 3574 morum,
1237 3503 1355 3577 qua
1411 3501 1645 3578 Deum,
1686 3503 1804 3577 qua
1845 3499 2119 3560 homines
2160 3499 2369 3560 officiis
2408 3499 2574 3560 iustis
2612 3499 3098 3579 prosequentium
3140 3501 3291 3561 veri-

359 3589 540 3641 tatem
577 3580 910 3641 docuerunt
945 3578 1405 3640 absolutissime:
1441 3577 1525 3640 sic
1544 3589 1858 3657 praecepta
1877 3579 2294 3640 ceremonialia
2312 3579 2805 3640 absolutissimam
2828 3579 2968 3640 fidei
2997 3581 3074 3640 ad
3091 3582 3293 3640 Deum

362 3680 468 3738 per
507 3659 784 3720 homines
827 3680 898 3720 ex
939 3659 1166 3720 mundo
1205 3661 1325 3720 hoc
1365 3677 1553 3738 prauo
1595 3659 2111 3720 contendentium:
2154 3659 2238 3720 sic
2271 3670 2589 3738 praecepta
2624 3658 2916 3720 iudicialia
2936 3659 3293 3721 absolutissi-

363 3759 518 3800 mam
561 3739 785 3801 ordinis
825 3741 902 3800 ad
941 3758 1142 3800 mores
1186 3741 1488 3818 fidemque
1509 3739 1822 3799 colendam
1843 3739 2188 3817 pertinentis
2210 3739 2269 3799 in
2294 3759 2363 3800 ea
2388 3741 2622 3816 Repub.
2644 3758 2824 3818 quam
2844 3738 3089 3800 instituit
3110 3741 3293 3802 Deus.

439 3823 638 3898 Atque
679 3823 828 3881 haec
871 3839 1050 3879 causa
1090 3831 1211 3890 est,
1251 3838 1358 3880 cur
1397 3817 1603 3880 Iudaei
1644 3819 1787 3879 olim
1830 3824 1916 3896 (vt
1956 3821 2151 3880 verbis
2191 3830 2423 3880 vtamur
2462 3819 2712 3895 Christi,
2754 3824 2924 3880 loan.
2966 3836 3021 3897 5.
3062 3823 3187 3897 39.)
3232 3839 3295 3882 se

361 3900 542 3960 vitam
582 3911 887 3961 aeternam
926 3899 988 3959 in
1028 3901 1192 3977 Lege
1231 3899 1422 3961 Mosis
1461 3900 1681 3960 habere
1719 3899 2159 3978 praedicabant.
2222 3901 2397 3960 Haec
2437 3899 2643 3960 eadem
2673 3917 2884 3979 causa,
2904 3918 3011 3959 cur
3029 3899 3296 3961 Christus

358 3980 469 4040 sub
506 3981 640 4060 lege
681 3982 872 4041 factus
913 3989 1252 4040 constanter
1294 3980 1532 4058 docuit,
1571 3999 1635 4040 se
1674 3999 1798 4039 non
1835 3979 2065 4040 venisse
2106 3989 2171 4040 vt
2210 3981 2508 4060 aboleret,
2550 3979 2657 4042 sed
2686 3990 2753 4038 vt
2772 3978 3046 4058 impleret
3064 3981 3292 4058 legem:

362 4061 533 4121 Matt.
578 4077 631 4138 5.
679 4079 772 4138 17.
811 4061 965 4120 haec
1005 4077 1210 4138 causa,
1250 4076 1358 4120 cur
1398 4057 1674 4138 Apostoli
1713 4059 1961 4138 gratiam
2004 4063 2059 4122 δι
2098 4059 2405 4120 veritatem
2422 4106 2440 4138 ,
2479 4079 2633 4137 quae
2672 4057 3040 4152 temporibus
3078 4059 3295 4121 vltimis

361 4159 466 4220 per
531 4139 828 4201 Christum
883 4142 1040 4200 facta
1088 4150 1206 4218 est,
1250 4143 1441 4218 (Ioan.
1490 4159 1540 4200 1.
1589 4142 1704 4216 17.)
1746 4159 1982 4218 semper
2022 4143 2098 4201 ab
2140 4139 2492 4201 auctoritate
2533 4144 2587 4202 δι
2628 4139 3297 4219 praes1gnif1cationibus

363 4219 540 4298 Legis
601 4213 1062 4296 confirmarunt,
1123 4221 1259 4280 cum
1321 4239 1532 4280 omnes
1592 4221 1817 4296 Legem
1877 4221 2065 4280 Mosis
2119 4229 2283 4299 ortu,
2346 4239 2437 4302 re,
2496 4221 2755 4300 ratione,
2806 4219 3004 4282 modis
3045 4219 3299 4298 denique

366 4298 642 4360 omnibus
686 4301 950 4361 diuinam
993 4319 1118 4361 esse
1161 4309 1574 4378 agnoscerent.

446 4380 978 4455 Quemadmodum
1020 4391 1218 4440 autem
1259 4379 1339 4458 pij
1383 4381 1656 4441 homines
1697 4397 1892 4440 rerum
1933 4379 2175 4441 istarum
2217 4379 2579 4442 conscientia
2621 4381 2699 4441 ad
2738 4379 3074 4460 religiosam
3116 4381 3297 4441 fidem

3122 4470 3299 4537 atque
