3923 4875
488 337 599 393 292
1424 333 1751 376 ‘fassus
1810 332 2462 378 Tnssonoclcat.

480 495 767 556 essentiae
806 493 958 555 illius
1000 493 1433 574 definitionem,
1474 493 1579 556 sed
1622 513 1728 588 per
1766 495 2045 557 attributa
2082 497 2278 558 solum
2319 495 2559 575 propria
2599 495 2808 574 ipsius:
2841 495 3056 574 quibus
3077 500 3133 557 &
3153 495 3412 557 describi

484 575 759 636 maiestas
823 575 945 636 eius
998 575 1451 651 quodammodo
1506 574 1764 636 exilitate
1802 577 1989 637 nostri
2029 576 2316 637 sermonis
2361 575 2553 654 potuit
2592 579 2758 653 (nam
2799 575 2936 636 huic
2975 575 3154 637 etiam
3193 579 3414 638 reuela-

483 655 675 716 tiones
716 673 848 716 suas
888 653 1365 732 contemporauit
1406 655 1595 731 Deus)
1636 657 1692 715 ὅτ
1732 657 2161 734 comprehendi
2200 658 2496 717 humanae
2537 655 2750 716 mentis
2789 655 3078 736 angustia,

562 756 618 811 9.
700 736 1034 796 Hominum
1074 739 1219 796 vero
1262 755 1333 796 ac
1352 735 1534 797 totius
1554 736 1856 796 Ecclesiae
1876 737 1953 795 de
1977 738 2238 797 humano
2258 755 2473 815 genere
2495 738 2718 797 electae
2737 747 2916 813 atque
2937 745 3188 796 vocatae
3207 747 3414 798 natura

480 815 741 894 integra,
806 821 1238 906 corruptaque,
1298 817 1354 875 δι
1402 825 1531 876 tota
1584 815 1847 894 ipsorum
1903 815 2052 878 ratio
2094 827 2216 878 tam
2259 819 2427 894 vere,
2469 815 2758 895 breuiter,
2799 816 3176 894 dilucideque
3221 816 3282 876 in
3322 817 3412 876 his

486 894 799 974 Scripturis
840 895 1193 973 explicatur,
1234 905 1299 956 vt
1336 905 1567 956 caetera
1604 894 1822 973 scripta
1864 895 2010 956 nihil
2049 897 2126 956 ad
2169 895 2517 974 dignitatem
2557 895 2836 975 ipsarum.

574 997 660 1035 10.
742 975 861 1036 Sed
921 974 1061 1066 quia
1120 974 1370 1036 subiecti
1431 976 1731 1052 vti-iusque
1790 987 2062 1036 naturam
2117 977 2178 1038 in
2238 995 2302 1037 se
2355 986 2460 1037 aut
2511 976 2654 1038 nihil
2693 983 2796 1036 aut
2835 994 3044 1054 parum
3087 975 3412 1036 attinuisset

488 1055 800 1134 explicari,
854 1055 965 1115 nisi
1020 1054 1191 1116 unius
1230 1055 1307 1116 ad
1349 1056 1593 1116 alteram
1634 1055 1841 1116 relatio
1883 1055 2087 1116 suisset
2125 1057 2558 1116 demonstrata:
2601 1055 2918 1135 propterea
2957 1055 3217 1116 diuinam
3259 1057 3392 1135 ipso

483 1153 614 1195 rum
655 1135 1093 1195 ordinationem
1134 1135 1190 1194 δι
1234 1135 1433 1195 officia
1472 1134 1624 1196 inter
1663 1153 1727 1196 se
1769 1135 2070 1214 Scriptura
2111 1137 2310 1196 docet.

576 1235 662 1276 11.
751 1215 1067 1276 Ordinatio
1125 1225 1247 1294 est,
1308 1215 1474 1292 quod
1532 1216 1696 1276 Deus
1756 1216 1919 1276 solus
1980 1233 2160 1276 causa
2209 1235 2337 1277 esse
2388 1215 2721 1277 ostenditur
2762 1235 2885 1276 non
2923 1227 3160 1277 causata
3199 1219 3288 1292 (vt
3331 1216 3415 1276 ita

483 1297 821 1373 loquamur)
879 1295 986 1355 sed
1026 1311 1304 1371 causam,
1344 1293 1815 1373 principiumque
1855 1298 1909 1356 δι
1950 1295 2082 1356 finis
2123 1295 2392 1357 omnium
2432 1299 2471 1357 ὲ.
2511 1314 2664 1374 quc,
2705 1315 2813 1374 per
2852 1313 3032 1374 quem
3073 1299 3127 1357 δι
3168 1309 3412 1373 propter

487 1393 665 1452 quern
719 1385 855 1436 sunt
907 1374 1017 1434 ista
1057 1373 1287 1434 omnia:
1327 1373 1601 1436 homines
1642 1378 1782 1435 vero
1821 1377 1859 1434 a
1898 1376 2032 1436 Deo
2049 1423 2064 1446 ,
2109 1386 2173 1436 vt
2213 1375 2390 1437 causa
2429 1375 2618 1454 prima
2664 1383 3047 1454 summaque,
3089 1374 3414 1454 proficisci,

482 1456 562 1514 ab
605 1454 735 1532 ipso
780 1455 1066 1532 pendere,
1109 1457 1164 1515 δι
1205 1453 1280 1513 ad
1323 1453 1516 1534 ipsum
1554 1465 1621 1514 vt
1661 1457 1841 1515 finem
1880 1471 2052 1516 suum
2093 1455 2408 1548 respicere.
3108 1472 3116 1480 ·

570 1555 657 1594 12.
750 1535 1101 1613 Officiorum
1142 1535 1265 1594 duo
1306 1544 1442 1595 sunt
1478 1553 1723 1614 genera:
1766 1555 1903 1595 nam
1944 1535 2059 1595 alia
2097 1535 2236 1596 iuris
2275 1547 2443 1614 sunt,
2484 1535 2699 1614 quibus
2731 1536 2798 1594 τὸ
2819 1538 3114 1614 δικαίωμα
3147 1543 3252 1596 τοῦ
3273 1537 3414 1596 θεοῦ

483 1615 789 1693 Scriptura
830 1615 1033 1674 docet:
1075 1616 1132 1675 δι
1171 1613 1284 1674 alia
1327 1614 1499 1694 facti,
1540 1613 1753 1692 quibus
1791 1615 1906 1675 Dei
1947 1615 2380 1694 hominumque
2421 1617 2794 1694 operationes
2833 1627 3231 1692 exponuntur.

572 1715 657 1773 13.
744 1695 977 1753 Diuina
1036 1693 1235 1754 officia
1296 1693 1357 1754 in
1416 1693 1541 1754 iure
1590 1694 1784 1772 posita
1800 1739 1817 1772 ,
1870 1693 2085 1774 partim
2131 1713 2205 1756 ex
2255 1707 2500 1756 naturae
2552 1695 2732 1774 ipsius
2749 1741 2768 1772 ,
2819 1701 3153 1773 partimque
3191 1695 3414 1773 gratiae

486 1774 943 1865 supernaturalis
980 1775 1113 1834 luce
1153 1772 1543 1834 instrumento
1585 1774 1751 1835 verbi
1789 1775 1846 1835 δι
1888 1775 2227 1854 Scripturae
2277 1794 2478 1837 sacrae
2501 1775 2840 1836 hominibus
2863 1777 3274 1836 ostenduntur.
3315 1774 3412 1835 Sic

484 1875 643 1916 emm
684 1855 848 1914 Deus
886 1853 1156 1914 homines
1196 1853 1377 1914 afficit
1416 1855 1535 1915 hoc
1576 1864 1827 1933 vtroque
1866 1856 2054 1916 modo
2068 1900 2087 1935 ,
2128 1866 2190 1915 vt
2229 1855 2390 1934 ipsos
2431 1857 2520 1918 ius
2561 1871 2732 1916 suum
2773 1855 3017 1933 doceat,
3055 1857 3112 1916 δι
3145 1855 3412 1916 debitum

482 1933 710 2012 exigat,
752 1936 807 1994 δι
848 1932 1170 2012 gratiosum
1212 1935 1503 2012 spondeat
1542 1945 1785 2015 propter
1826 1934 2087 2013 seipsum
2126 1935 2476 1997 voluntarie.

574 2035 663 2088 14.
748 2015 1039 2073 Humana
1100 2017 1242 2074 vero
1257 2058 1276 2092 ,
1346 2013 1395 2075 si
1447 2015 1527 2074 ad
1575 2015 1665 2077 ius
1704 2014 2056 2094 respexeriS,
2099 2015 2304 2076 officia
2342 2015 2608 2078 Domino
2651 2013 2856 2076 deberi
2897 2014 3199 2095 Scriptura
3239 2016 3416 2075 docet

484 2105 733 2186 propter
789 2103 1036 2154 naturae
1096 2095 1287 2172 legem
1347 2096 1404 2155 δι
1456 2094 1679 2173 gratiae
1732 2093 1971 2156 diuinae
2030 2094 2369 2157 veritatem:
2423 2107 2488 2158 vt
2541 2117 2606 2158 se
2643 2093 2754 2174 ipsi
2794 2095 3106 2156 docendos
3147 2095 3383 2154 tradant
3399 2139 3416 2172 ,

484 2175 755 2234 debitum
796 2183 1121 2252 praestent,
1162 2172 1532 2253 gratiamque
1572 2175 1978 2253 praehendant
2019 2176 2157 2237 fide.

575 2270 665 2333 15.
747 2253 839 2313 Ex
892 2255 1051 2313 facto
1094 2251 1313 2314 dicitur
1352 2254 1501 2316 haec
1544 2253 1741 2316 officia
1783 2255 2014 2316 homini
2055 2266 2352 2333 praestare
2392 2257 2556 2316 Deus
2597 2257 2764 2332 qudd
2805 2254 3059 2329 creauit,
3099 2265 3418 2330 sustentat,

487 2336 777 2412 gubernat
838 2332 1030 2412 ipsum
1092 2335 1149 2393 δι
1210 2354 1301 2394 res
1354 2345 1619 2395 caeteras
1672 2334 1855 2412 ipsius
1895 2353 2102 2412 causa,
2143 2347 2388 2396 naturae
2429 2337 2622 2396 lucem
2663 2346 2977 2396 conseruat
3016 2334 3072 2394 δι
3112 2333 3413 2413 accendit,

486 2417 630 2475 vero
674 2411 915 2474 exhibet
954 2411 1014 2474 in
1057 2413 1253 2475 multis
1295 2413 1657 2495 salutariter,
1698 2417 1753 2475 &
1794 2414 1853 2475 in
1896 2415 2176 2477 omnibus
2215 2414 2552 2477 efficaciter.

574 2496 664 2554 16.
746 2496 956 2554 Homo
1018 2498 1159 2555 vero
1220 2513 1331 2574 pro
1376 2494 1587 2555 officiis
1640 2496 1776 2555 Deo
1832 2496 2159 2573 rependere
2203 2495 2517 2557 maleficia:
2559 2514 2694 2555 nam
2739 2514 2849 2575 pro
2891 2512 2966 2555 eo
3009 2496 3178 2572 quod
3218 2496 3414 2556 Deum

488 2586 763 2652 agentem
804 2593 1129 2652 agnoscere
1170 2578 1227 2636 &
1268 2573 1440 2651 sequi
1478 2576 1768 2654 oportuit,
1808 2576 1997 2638 homo
2037 2580 2249 2637 contra
2287 2575 2486 2657 agenti
2525 2574 2810 2637 obnititur
2843 2576 3020 2653 plane
3037 2620 3054 2653 ,
3075 2585 3176 2635 aut
3195 2585 3418 2635 tractus

484 2653 747 2731 sequitur
786 2652 1202 2715 infirmissime.

576 2752 666 2809 17.
748 2734 1131 2811 Quapropter
1168 2736 1333 2795 Deus
1376 2736 1525 2795 haec
1564 2734 1793 2813 singula
1832 2734 2260 2812 sapientissime
2299 2736 2360 2795 in
2401 2736 2581 2797 sacris
2621 2734 2936 2812 Scripturis
2977 2734 3322 2811 explicauit,
3354 2744 3418 2792 vt

488 2812 880 2874 certissimum
922 2813 981 2873 in
1024 2832 1268 2874 omnem
1313 2813 1693 2893 memoriam,
1734 2818 1789 2875 δι
1831 2814 2183 2875 iustissimae
2220 2814 2644 2889 ordinationis,
2684 2818 2739 2875 δι
2781 2814 3116 2875 officiorum
3150 2814 3418 2876 omnium

486 2892 894 2953 communium
934 2893 1431 2973 singulariumque
1470 2896 1779 2973 speculum
1820 2904 1955 2954 ante
1997 2896 2209 2955 oculos
2247 2896 2583 2957 haberetur.

574 2978 666 3033 18.
748 2972 1105 3033 Essentiales
1148 2973 1345 3051 itaque
1388 2994 1593 3035 sacrae
1634 2974 1970 3052 Scripturae
2001 2984 2218 3055 partes
2255 2980 2344 3051 (vt
2363 2976 2440 3035 ad
2461 2974 2786 3036 secundum
2807 2976 3006 3033 locum
3033 2975 3419 3047 transeamus)

486 3063 623 3113 sunt
684 3054 867 3113 duae:
922 3072 1039 3114 vna
1090 3052 1181 3113 ius
1234 3054 1429 3132 ipsum
1445 3099 1463 3130 ,
1502 3054 1626 3115 siue
1666 3053 2076 3133 quaestionem
2117 3054 2251 3117 iusti
2289 3058 2344 3115 δε
2384 3054 2581 3116 iniusti
2621 3053 2922 3133 explicans
2936 3099 2955 3130 ,
2995 3072 3174 3131 quarn
3219 3056 3421 3113 Patres

486 3132 761 3193 dixerunt
815 3133 1243 3211 Aetiologiam,
1292 3133 1387 3209 alij
1444 3135 1606 3195 haud
1646 3136 1771 3195 scio
1810 3154 1887 3193 an
1938 3134 2146 3195 melius
2186 3136 2620 3214 &anteierint
2661 3136 2846 3195 altera
2883 3152 3189 3212 exponens
3227 3151 3420 3193 narra·

480 3213 709 3274 tionem
748 3212 915 3287 sacti,
958 3230 1138 3291 quam
1178 3212 1261 3273 illi
1302 3213 1759 3275 nominauerunt
1798 3213 2128 3275 historiam.

574 3312 663 3373 19.
748 3296 1007 3353 Rursum
1048 3295 1385 3371 aetioloyiae
1424 3304 1619 3373 partes
1660 3304 1795 3355 sunt
1834 3295 2173 3355 essentiales
2215 3292 2368 3354 duae
2383 3338 2401 3371 ,
2435 3310 2589 3369 quae
2619 3296 2798 3373 vulgo
2833 3292 3010 3373 Legis
3030 3294 3087 3353 δι
3107 3292 3416 3372 Euangelij

490 3373 733 3434 nomine
773 3372 1365 3435 circumscribuntur:
1408 3392 1624 3452 nempe
1654 3391 1808 3452 quae
1832 3374 1909 3434 de
1930 3373 2146 3434 iustitia
2166 3392 2416 3452 operum
2431 3418 2448 3451 ,
2469 3372 2804 3451 iustitiaque
2821 3374 2961 3435 fidei
2979 3372 3224 3452 exponit
3245 3376 3419 3434 Deus.

575 3473 667 3513 20.
750 3454 1067 3513 Historiae
1123 3456 1268 3514 vero
1308 3472 1511 3515 sacrae
1548 3464 1747 3531 partes
1786 3466 1923 3513 sunt
1960 3454 2242 3514 totidem:
2282 3472 2420 3514 nam
2461 3452 2610 3513 aliae
2650 3452 2730 3513 ad
2767 3472 2862 3515 res
2903 3454 3128 3532 priores
3167 3454 3224 3513 ὅτ
3263 3464 3422 3513 ante-

488 3544 683 3612 gestas
742 3531 1069 3611 pertinent,
1130 3533 1279 3594 aliae
1337 3534 1415 3593 ad
1475 3552 1577 3595 eas
1640 3552 1792 3612 quae
1844 3534 2267 3613 praedicuntur
2313 3533 2629 3611 gerendae.
2689 3534 2922 3594 Priores
2961 3536 3082 3595 fere
3119 3532 3422 3594 Historiae

488 3613 755 3691 simplice
796 3612 1070 3705 nomine,
1112 3612 1468 3691 posteriores
1510 3612 1863 3691 Prophetiae
1904 3616 2102 3675 solent
2141 3612 2444 3692 appellari.

574 3714 605 3754 s
618 3713 666 3753 1.
750 3692 865 3753 His
914 3694 1178 3772 partibus
1218 3692 1397 3753 etiam
1439 3693 1853 3755 concludimus
1895 3693 2146 3755 mixtum
2191 3693 2336 3754 illud
2377 3691 2716 3771 Scripturae
2756 3710 2942 3772 genus
2957 3740 2974 3773 ,
3017 3692 3118 3755 vbi
3153 3695 3426 3772 exempla

486 3772 881 3851 historiaeque
922 3789 1061 3833 cum
1101 3772 1479 3834 documentis
1518 3772 1883 3853 aetiologicis
1922 3774 2386 3852 coniunguntur:
2435 3772 2575 3850 quia
2609 3771 2850 3851 Spiritui
2883 3785 3092 3833 sancto
3114 3784 3427 3851 vtrumque

486 3853 677 3915 visum
730 3864 849 3932 est,
908 3854 963 3914 ἃ
1004 3851 1095 3914 ius
1134 3852 1420 3931 exemplis
1458 3854 1758 3933 illustrari,
1800 3856 1856 3913 δῐ
1895 3856 2170 3934 exempla
2209 3853 2336 3914 iure
2376 3852 2633 3913 discerni
2675 3854 2732 3912 δι
2773 3852 3081 3914 diiudicari
3123 3862 3418 3931 oportere.

567 3952 661 3996 aa.
741 3935 1078 4009 Integrales
1108 3936 1251 3995 vero
1291 3937 1380 4011 (vt
1419 3936 1742 4011 loquuntur
1774 3936 1982 4013 vulgo)
2004 3944 2201 4013 partes
2226 3933 2561 4011 Scripturae
2581 3952 2785 3995 sacrae
2803 3943 2940 3995 sunt
2961 3933 3146 3994 duae:
3169 3950 3422 4010 quarum

486 4032 666 4075 vnam
716 4016 1141 4075 Testamentum
1182 4022 1375 4092 vetus,
1415 4016 1662 4075 alteram
1700 4016 1941 4075 Nouum
1986 4014 2268 4093 appellari
2307 4013 2562 4075 obtinuit
2601 4031 2756 4074 vsus.
3903 4024 3908 4129 Ι

570 4112 666 4171 23.
744 4092 1141 4154 Testamentis
1200 4092 1413 4155 veteris
1469 4114 1543 4155 ex
1598 4093 1911 4157 autoritate
1969 4094 2098 4155 Scri
2139 4104 2306 4155 turae
2347 4096 2403 4155 δι
2441 4094 2742 4154 bonorum
2783 4110 3078 4154 consensu
3119 4091 3428 4171 multiplex

484 4172 605 4235 iam
645 4172 791 4235 olim
831 4172 941 4233 fuit
984 4172 1197 4235 tradita
1236 4172 1480 4235 diuisio:
1524 4174 1879 4254 Praecipuas
1920 4192 2040 4253 qua
2248 4192 2320 4234 ex
2360 4173 2446 4235 eis
2486 4174 2840 4235 adferemus,

577 4275 671 4328 24·
751 4254 949 4315 Prima
1009 4252 1222 4315 diuisio
1281 4264 1397 4333 est,
1460 4256 1827 4315 Testamenti
1882 4255 2094 4316 veteris
2133 4254 2282 4315 duas
2321 4272 2450 4315 esse
2491 4264 2715 4333 partes,
2756 4256 2980 4331 Legem
3021 4253 3148 4313 siue
3186 4256 3422 4313 Mosem

491 4344 927 4411 permissuum,
972 4334 1027 4393 8τ
1068 4334 1391 4413 Prophetas
1432 4335 1555 4395 siue
1596 4337 1661 4411 (f.
1712 4336 1887 4413 1755)
1928 4334 2390 4396 declarationem
2431 4334 2636 4413 Legis:
2679 4336 2904 4395 Mami.
2944 4350 2998 4411 5.
3041 4334 3298 4408 17.Luc.
3325 4352 3419 4406 24.

3143 4430 3238 4490 27.
3277 4432 3416 4473 nam
