3923 4875
634 307 753 366 ²74
1558 305 1889 350 ‘rursus
1943 303 2606 350 ratonootcan.

1714 517 1873 576 LIII.
1954 517 2089 576 DE
2167 515 2507 576 MISSA.

1882 695 2210 754 Tnnsis
2271 695 2320 752 Ι.

718 872 917 930 Missa
956 872 993 928 a
1030 868 1307 930 missione
1346 867 1505 928 dicta
1543 881 1633 929 est
1650 915 1669 946 ,
1712 870 1941 930 Isidor.
1983 872 2204 940 etymol.
2227 870 2472 930 Honor.
2511 870 2614 930 lib.
2637 872 2708 928 de
2723 871 2994 929 Euchar.
3017 879 3086 928 vt
3105 867 3254 928 olim
3277 867 3594 927 orationes

640 951 773 1012 illae
812 953 867 1010 δι
908 969 1115 1028 preces
1154 949 1369 1026 quibus
1406 950 1875 1010 absoluebantur
1916 947 2242 1010 conciones
2283 951 2596 1025 (collectae
2635 950 2818 1012 hodie
2857 947 3104 1023 Pontis.)
3146 959 3212 1008 vt
3241 947 3592 1008 oblationes

642 1030 851 1092 missae
888 1035 925 1089 a
970 1029 1242 1091 fidelibus
1282 1029 1501 1090 Missae
1542 1029 1926 1092 dicebantur:
1969 1039 2034 1090 vt
2068 1029 2436 1110 Cyprianus,
2457 1035 2618 1108 epist.
2649 1051 2740 1104 14.
2759 1031 3214 1090 &libatebono
3355 1031 3368 1040 ‘
3477 1031 3492 1040 '
3571 1071 3590 1100 ,

642 1111 947 1172 remissam
998 1121 1389 1202 peccatorum
1452 1128 1563 1188 pro
1616 1111 1964 1172 remissione
2005 1111 2177 1172 dixit:
2231 1111 2414 1188 idque
2451 1113 2490 1169 a
2527 1122 2728 1174 vetere
2765 1113 2881 1171 hac
2921 1111 3182 1170 formula
3219 1111 3260 1168 a
3299 1106 3590 1168 Diacono

640 1202 781 1252 ante
838 1209 1195 1252 concionem
1234 1189 1616 1267 pronunciari
1656 1191 1857 1268 solita,
1905 1193 2308 1252 Catecltumeni
2317 1237 2335 1268 ,
2379 1193 2456 1251 ὃν
2495 1194 2758 1270 quisquis
2791 1211 2909 1250 non
2947 1191 3362 1266 commeat,
3389 1187 3592 1264 foras

641 1279 873 1332 exeant:
912 1271 967 1330 δι
1006 1272 1219 1346 altera,
1259 1288 1385 1328 cum
1412 1279 1568 1348 pace
1608 1274 1713 1351 ite,
1754 1273 1934 1330 missa
1973 1279 2074 1331 est.
2095 1271 2200 1349 qui
2219 1271 2366 1333 ritus
2383 1289 2706 1350 progressu
2725 1269 3011 1349 temporis
3030 1269 3424 1347 postmodum
3443 1277 3592 1326 ante

642 1349 951 1412 concionis
992 1349 1401 1411 dimissionem
1454 1353 1847 1428 repetebatur.
1908 1351 2076 1410 Hinc
2125 1363 2214 1412 est
2269 1352 2434 1428 quod
2474 1351 2771 1430 liturgiam
2809 1369 2977 1410 suam
3017 1367 3146 1408 non
3183 1347 3354 1408 aliter
3395 1351 3592 1425 qnam

644 1431 889 1492 Missam
950 1431 1248 1508 appellare
1310 1431 1683 1492 consueuerit
1742 1432 1996 1510 populus
2011 1475 2032 1508 ,
2089 1443 2406 1510 postquam
2451 1431 2512 1492 in
2551 1431 2795 1512 singulis
2841 1427 3224 1490 Eucharistiis
3263 1429 3592 1488 formulam

644 1510 804 1572 illam
844 1509 937 1571 bis
976 1509 1191 1570 audiit:
1234 1519 1383 1568 teste
1402 1511 1613 1582 Polrd.
1652 1513 1862 1586 Virgil.
1896 1513 1997 1570 lib.
2029 1529 2086 1587 3.
2129 1522 2258 1591 cap.
2305 1532 2332 1571 1
2347 1531 2396 1571 r.
2439 1530 2622 1590 quam
2635 1559 2654 1590 ,
2695 1523 2758 1574 vt
2797 1513 3077 1590 pleraque
3107 1507 3256 1583 alia,
3289 1506 3588 1568 vetustior

644 1589 912 1651 Ecclesia
958 1609 1035 1650 ex
1086 1589 1419 1667 priscorum
1464 1589 1738 1652 institutis
1786 1593 1845 1652 a:
1886 1590 2152 1652 moribus
2211 1590 2499 1652 deriuauit
2515 1637 2534 1670 ,
2593 1610 2850 1670 quorum
2891 1609 3060 1650 sacra
3100 1586 3278 1650 simili
3313 1587 3588 1648 clausula

644 1669 861 1731 dimitti
900 1669 1099 1748 solita,
1140 1669 1647 1746 quemadmodum
1684 1669 1972 1732 absolutis
2013 1671 2194 1732 sacris
2233 1672 2402 1732 Isidis
2417 1716 2436 1750 ,
2475 1675 2844 1753 γραμματεύς
2887 1668 3326 1730 domuitionem
3349 1669 3588 1746 populo

643 1750 985 1810 renuntians
1025 1749 1263 1808 dicebat
1280 1795 1292 1818 ,
1337 1753 1493 1815 λαοῖς
1536 1753 1748 1824 ἄφεσις
1764 1796 1783 1828 ,
1826 1752 1950 1827 Ite,
1992 1754 2214 1828 Missa,
2257 1753 2490 1830 populo
2533 1753 2756 1812 scilicet
2795 1759 2896 1810 est.

730 1849 785 1890 2.
866 1831 1014 1890 Sunt
1055 1827 1155 1906 qui
1195 1829 1273 1887 ab
1316 1829 1598 1891 Hebraeo
1650 1835 1883 1908 Massa,
1924 1832 2091 1908 quod
2131 1831 2244 1891 illis
2283 1831 2570 1894 tributum
2613 1842 2732 1907 est,
2773 1849 2848 1891 ex
2885 1833 3054 1891 Dent.
3097 1830 3190 1889 16.
3229 1845 3321 1887 12.
3359 1825 3590 1886 Musae

646 1927 869 1970 nomen
930 1911 987 1969 δι
1044 1907 1375 1968 institutum
1436 1909 1761 1972 deducunt.
1818 1911 1949 1971 Nae
2009 1910 2092 1971 illi
2135 1911 2382 1972 Missam
2441 1910 2840 1986 tributariam,
2895 1916 3076 1987 seque
3117 1909 3478 1969 tributorum
3517 1906 3588 1964 in

650 1987 919 2050 Ecclesia
961 1999 1291 2066 exactores,
1332 1997 1460 2047 tum
1502 1989 1776 2051 videlicet
1816 1992 1872 2050 δι
1913 1991 2288 2069 proprietatis
2327 1991 2566 2069 linguae
2589 2037 2607 2066 ,
2639 1993 2697 2051 δι
2737 1989 3212 2050 ceremoniarum
3251 1989 3312 2047 in
3337 1985 3584 2047 Christo

646 2071 1068 2144 abrogatarum
1083 2113 1101 2141 ,
1142 2069 1379 2146 ignaros
1418 2070 1787 2146 profitentur.
1830 2073 2064 2150 Mamp.
2111 2081 2300 2133 curat.
2343 2071 2682 2132 Secundum
2727 2072 3024 2130 Innocent.
3061 2071 3218 2148 Pap.
3241 2069 3320 2127 ἃ
3337 2069 3586 2141 Hagen.

648 2151 717 2208 de
754 2149 1101 2210 Eucharist.
1140 2159 1269 2228 cap.
1319 2167 1407 2206 10.
1443 2149 1499 2206 δι
1532 2151 1651 2226 alij.
1692 2151 1841 2211 Sunt
1860 2149 1960 2228 qui
1983 2149 2220 2212 aliunde
2241 2151 2416 2212 etiam
2440 2151 2728 2229 originem
2749 2160 3069 2228 quaerant,
3107 2159 3170 2208 at
3189 2147 3316 2208 sine
3335 2145 3587 2206 ratione.

731 2247 789 2306 3.
874 2229 965 2290 Ex
1006 2228 1387 2306 quotidianae
1426 2229 1833 2291 Eucharistiae
1872 2229 2428 2310 administrationis,
2469 2241 2595 2290 tum
2637 2231 2884 2308 popule,
2926 2241 3054 2288 tum
3097 2227 3436 2288 sacrificalis
3457 2243 3586 2286 mo-

653 2311 865 2380 lestae,
908 2307 1399 2386 compensatione
1416 2352 1433 2383 ,
1477 2309 1659 2371 Missa
1698 2314 1900 2370 locum
1944 2310 2202 2389 inuenit3
2255 2311 2422 2371 cuius
2483 2321 2574 2371 tot
2614 2307 3156 2387 superstitionibus,
3197 2305 3584 2378 ceremoniis,

650 2389 964 2469 κακοζηλίᾳ
1006 2387 1263 2467 denique
1305 2387 1579 2469 Iudaica,
1622 2409 1865 2451 omnem
1899 2391 2340 2469 propemodum
2399 2391 2702 2469 antiquam
2744 2391 2999 2451 formam
3041 2389 3102 2449 S.
3143 2387 3354 2448 Coena
3393 2384 3582 2447 exuit:

650 2469 708 2527 in
753 2469 1084 2545 primordio
1146 2469 1305 2531 enim
1370 2470 1664 2531 nascentis
1709 2470 2011 2531 Ecclesiae
2053 2473 2174 2547 (vel
2215 2470 2346 2548 ipso
2385 2473 2676 2532 Durando
2719 2470 3072 2540 confitente,
3113 2470 3360 2529 Ration.
3401 2468 3584 2524 disan.

652 2548 815 2625 offic.
856 2550 951 2607 lib.
995 2568 1056 2623 4.
1100 2559 1225 2627 cap.
1274 2551 1349 2622 ι.)
1394 2548 1577 2611 Missa
1616 2549 1785 2610 aliter
1823 2554 2005 2628 quarn
2046 2550 2232 2611 modo
2279 2551 2396 2611 dici
2427 2551 2631 2612 solita:
2673 2570 2746 2611 ac
2765 2548 3076 2609 Pontificio
3097 2548 3254 2607 Hist.
3293 2544 3582 2621 VValajr.

651 2630 851 2691 Strab.
898 2630 967 2687 de
1006 2629 1127 2688 reb.
1168 2630 1391 2689 Eccles.
1434 2640 1561 2707 cap.
1608 2650 1662 2691 2.
1702 2640 1881 2707 teste,
1932 2630 1996 2690 in
2039 2631 2188 2690 haec
2225 2633 2440 2692 verba:
2481 2633 2644 2709 quod
2674 2649 2827 2689 nunc
2863 2632 3096 2704 agimus
3135 2629 3444 2706 multiplici
3476 2628 3582 2684 lec-

652 2712 867 2768 tionum
880 2750 899 2775 ..
952 2711 1373 2769 cantilenarum
1386 2751 1403 2786 ,
1466 2712 1543 2769 &⁴
1603 2712 2094 2771 consecrationum
2135 2710 2337 2787 officio
2351 2756 2370 2789 ,
2411 2720 2589 2772 totum
2630 2712 2785 2770 illud
2822 2710 3090 2768 Christus
3103 2752 3122 2786 ,
3161 2708 3464 2786 Apostoli,
3505 2706 3582 2763 ὁ·

638 2796 785 2867 post
820 2790 953 2847 illos
988 2791 1253 2865 proximi
1289 2790 1555 2849 oratione
1589 2792 1667 2850 &-
1698 2794 2232 2850 commemoratione
2245 2794 2550 2869 passionis
2571 2791 2912 2867 dominicae,
2933 2791 3087 2848 sicut
3114 2790 3236 2865 ipse
3241 2786 3582 2865 praecepit,

650 2869 906 2943 agebant
952 2871 1323 2948 simpliciter:
1364 2874 1442 2931 ὁ·
1482 2873 1792 2929 relationis
1832 2872 2146 2929 Maiarum
2186 2880 2275 2930 est
2306 2874 2393 2932 ita
2443 2874 2505 2931 in
2532 2872 2755 2949 primis
2789 2870 3136 2945 temporibus
3176 2868 3400 2925 Missas
3423 2865 3580 2940 fieri

650 2949 851 3007 solitas
864 2990 881 3023 ,
910 2950 1252 3025 praemissa
1293 2952 1567 3010 oratione
1604 2952 1789 3009 solum
1830 2952 2165 3009 Dominica.
2207 2950 2476 3011 Accessit
2517 2950 2710 3010 mistio
2733 2952 2933 3027 {aquae
2953 2966 3090 3007 cum
3113 2944 3281 3024 vinc,
3317 2943 3484 3021 quod
3505 2962 3580 3034 ne

648 3027 933 3086 hactenus
993 3027 1235 3104 quidem
1280 3030 1614 3091 Orientales
1674 3029 1972 3108 plerique,
2015 3048 2211 3107 neque
2253 3031 2434 3091 etiam
2472 3030 2656 3090 hodie
2695 3027 2962 3102 Armenij
3007 3035 3264 3087 seruant.
3305 3028 3574 3084 Accessit

652 3104 883 3183 priuata
918 3105 1017 3166 illa
1052 3112 1091 3167 a
1132 3111 1357 3186 populo
1400 3109 1783 3187 substractiO,
1820 3112 1948 3168 cum
1987 3111 2143 3169 illud
2175 3112 2338 3187 quod
2369 3113 2711 3171 dominicum
2753 3112 2868 3185 est,
2907 3107 3234 3167 secundum
3271 3105 3574 3180 Chrysost.

654 3184 861 3245 homil.
917 3189 971 3245 8.
1014 3188 1092 3246 ad
1132 3192 1419 3265 populum
1433 3238 1449 3271 ,
1492 3192 1710 3249 nullius
1736 3192 2052 3269 priuatum
2099 3191 2177 3249 &-
2202 3193 2512 3270 peculiare
2537 3191 2692 3267 fieri
2728 3189 2950 3264 debeat,
2990 3189 3098 3246 sed
3133 3186 3396 3245 omnibus
3435 3202 3578 3243 com-

651 3284 837 3325 mune.
895 3266 1095 3340 Quare
1127 3270 1549 3347 VValasridus,
1594 3272 1670 3329 de
1710 3271 1838 3329 reb.
1880 3270 2047 3329 Eccl.
2087 3288 2216 3347 cap.
2266 3290 2357 3330 22.
2398 3273 2562 3330 illam
2604 3270 2916 3345 legitimam
2959 3286 3080 3326 esse
3113 3268 3373 3325 Missam
3408 3263 3580 3339 dicit,

654 3346 750 3403 cui
788 3348 1063 3405 intersint
1098 3348 1384 3408 Sacerdos
1398 3395 1415 3427 ,
1457 3352 1836 3429 respondens,
1880 3350 2194 3426 offerentes
2209 3394 2226 3427 ,
2267 3370 2392 3410 cum
2434 3350 2990 3409 communicantibus.
3045 3348 3212 3422 Quae
3243 3348 3300 3403 si
3315 3345 3578 3404 omittan-

654 3432 755 3484 tur
794 3428 883 3501 (vt
920 3423 981 3483 in
1026 3426 1299 3488 Concilio
1343 3428 1707 3490 Nannetensi
1746 3440 1865 3507 est,
1906 3428 2075 3489 cuius
2114 3429 2418 3490 decretum
2458 3441 2619 3490 extat
2661 3429 2822 3506 apud
2859 3426 3186 3487 Burchard.
3226 3426 3330 3485 lib.
3361 3442 3420 3498 3.
3447 3442 3576 3499 cap.

656 3505 776 3578 68.)
818 3506 1175 3581 sacrificium
1216 3510 1613 3587 imperfectum
1656 3518 1769 3587 est,
1812 3511 1889 3569 ὁ·
1928 3510 2106 3570 verba
2153 3512 2402 3569 Cononis
2444 3516 2532 3587 (vt
2569 3509 2630 3570 in
2671 3528 2743 3569 eo
2785 3506 3026 3567 dicebat
3047 3506 3256 3567 Abbas
3275 3502 3574 3581 Rhegino)

642 3587 900 3659 frustra
939 3587 1281 3647 recitantur.
1323 3588 1597 3666 Denique
1638 3590 1789 3649 haec
1831 3587 2171 3649 omittentes
2213 3588 2726 3650 condemnationis
2767 3606 2902 3647 reos
2941 3584 3099 3647 facit.
3141 3586 3314 3660 Quae
3333 3594 3397 3642 vt
3417 3581 3574 3642 stric-

655 3664 767 3724 tius
810 3666 1286 3745 obseruarentur,
1328 3668 1641 3729 dominicis
1673 3670 1884 3729 diebus
1902 3669 2131 3728 tantum
2157 3688 2372 3746 panem
2395 3668 2628 3745 offerri,
2668 3671 2724 3729 &
2745 3666 3032 3726 sacrificia
3050 3666 3204 3743 fieri,
3243 3662 3576 3723 Laodicaea

656 3745 879 3819 Synod.
924 3762 1059 3805 can.
1101 3764 1199 3822 49.
1243 3748 1461 3809 statuit.
1524 3748 1686 3808 Hinc
1748 3759 1837 3809 est
1896 3749 2062 3826 quod
2125 3750 2321 3809 adhuc
2385 3751 2546 3827 apud
2606 3746 2975 3809 Moscouitas
3033 3750 3189 3823 (test.
3253 3742 3420 3821 Sigis.
3471 3740 3572 3801 lib.

655 3834 977 3885 comment.
1020 3842 1214 3885 rerum
1257 3828 1463 3904 Mos(f.
1515 3826 1960 3905 1739)c0uitic.)
2003 3826 2246 3906 singulis
2299 3828 2640 3907 septimanis
2683 3826 2922 3887 vnicum
2963 3828 3191 3886 tantum
3223 3840 3455 3885 sacrum
3485 3822 3572 3895 fit,

654 3903 836 3993 idque
880 3904 1221 3983 Sacerdote,
1262 3906 1539 3968 Diacono
1581 3928 1653 3967 ac
1695 3908 1921 3987 populo
1960 3908 2402 3984 praesentibus:
2453 3929 2526 3969 ac
2562 3910 2674 3969 sub
2713 3920 2960 3983 vtraque
2999 3904 3230 3984 specie,
3273 3922 3428 3981 pane
3467 3900 3568 3961 sci-

652 3984 791 4042 lieet
850 3982 991 4045 vino
1053 3982 1367 4063 immerso,
1429 3986 2036 4049 communicantibus:
2099 3987 2358 4066 ideoque
2410 3988 2472 4049 in
2513 3987 2754 4066 singulis
2795 3986 3029 4063 templis
3067 3984 3308 4045 vnicum
3349 3991 3572 4042 tantum

653 4062 835 4121 altare
893 4074 1013 4141 est,
1078 4068 1199 4139 quo
1264 4077 1644 4144 praepostera
1683 4086 1754 4129 ea
1798 4066 2083 4146 vitentur,
2127 4079 2252 4128 tum
2295 4067 2623 4146 frequentia
2663 4066 3116 4143 sacrificiorum,
3156 4073 3284 4123 tum
3322 4066 3360 4121 a
3399 4078 3572 4139 grege

648 4142 1031 4202 substractio:
1078 4146 1345 4222 (exposit.
1386 4150 1515 4207 ord.
1556 4150 1753 4223 Rom.)
1798 4148 2288 4225 quandoquidem
2310 4150 2718 4210 Ecclesiastico
2759 4146 2971 4223 officia
3011 4154 3145 4205 tunc
3185 4146 3410 4203 tanaim
3444 4142 3572 4200 cele-

652 4222 883 4281 branda
942 4230 1107 4299 sunt,
1164 4226 1292 4282 cum
1340 4236 1428 4305 po
1472 4228 1605 4286 ulus
1666 4231 1754 4286 ad
1804 4229 2128 4288 Ecclesiam
2199 4232 2509 4291 solenniter
2583 4228 2871 4303 conuenit,
2930 4227 3139 4303 offert,
3179 4224 3570 4283 communicat.

648 4299 921 4361 Accessit
961 4303 1347 4379 postmodum
1431 4305 1647 4383 enique
1686 4309 1966 4383 (Gregor.
2009 4310 2107 4370 lib.
2149 4327 2208 4382 4.
2251 4312 2321 4369 tle
2353 4312 2536 4371 diuin.
2579 4310 2769 4388 offic.)
2813 4304 3226 4383 Exorcismus‚
3259 4306 3317 4364 ὅτ
3347 4298 3568 4439 infixi&

3483 4396 3568 4459 1a3
