3923 4875
1191 365 1294 408 DE:
1357 364 1784 410 POLITIAE
1843 364 2099 409 MOSIS
2161 365 2451 411 OBSER.
3171 370 3286 429 371

355 524 426 589 in
465 536 644 606 gente
683 526 916 589 illorum
956 526 1280 605 singularis.
1331 529 1530 619 Atque
1567 528 1722 589 hanc
1761 526 2007 620 gratiam
2023 574 2040 605 ,
2081 544 2233 605 quae
2274 526 2559 619 singulari
2592 526 2937 590 conditione
2979 529 3291 591 exornauit

355 608 722 668 Iudaeorum
778 618 1048 699 gentem,
1103 609 1266 668 Deus
1315 606 1492 669 etiam
1543 606 1999 699 circumscripsit
2052 608 2245 669 modis
2286 606 2705 699 singularibus,
2748 620 2810 669 vt
2850 608 3008 669 intus
3051 614 3106 671 δι
3150 610 3290 671 foris

357 697 494 747 tum
530 687 746 766 Iudaei
795 686 907 766 ipsi
955 689 1276 765 probarent
1314 706 1477 763 sese,
1517 699 1644 749 tum
1683 689 1761 749 ab
1801 688 1928 749 aliis
1968 688 2209 780 probari
2246 691 2303 749 δι
2344 686 2630 765 cognosci
2668 700 2930 765 possent.
2994 689 3095 751 Ad
3132 689 3288 750 hanc

357 777 564 827 autem
621 767 977 829 Iudaeorum
1025 767 1626 846 circumscriptionem
1679 771 1736 829 &
1786 767 2353 829 disterminationem
2391 770 2540 829 haec
2580 766 2843 845 quinque
2884 768 3259 847 pertinebant
3272 815 3289 847 ,

359 864 520 925 quae
557 846 806 908 totidem
848 847 1096 908 vocibus
1135 852 1272 909 ante
1311 848 1720 927 expressimus.
1757 850 2012 928 primum
2054 858 2143 909 est
2184 850 2385 926 fedus,
2437 866 2560 927 quo
2600 849 2765 909 Deus
2806 861 3041 926 gentem
3088 848 3286 909 ludae-

357 946 538 989 orum
597 927 710 989 sibi
765 939 1186 1005 assumpserat,
1246 928 1531 990 dicendo:
1595 930 1716 989 Ero
1777 930 1940 991 Deus
1998 939 2165 1007 tuus,
2217 932 2272 991 &
2323 940 2385 988 tu
2428 929 2571 989 mihi
2612 929 2885 1007 populus.
2946 929 3287 990 Secundum

360 1006 790 1085 promissiones
823 1006 884 1068 in
923 1008 1160 1069 Christo
1203 1010 1282 1069 ad
1322 1010 1492 1070 fedus
1529 1010 1909 1070 accedentes:
1952 1010 2109 1069 Nam
2148 1026 2285 1069 cum
2328 1008 2531 1070 Iudaei
2571 1019 2726 1069 stare
2766 1007 2950 1069 sederi
2988 1027 3111 1068 non
3152 1027 3287 1087 pos-

359 1099 529 1164 sent,
592 1090 752 1148 Deus
811 1086 1228 1165 promissiones
1287 1090 1366 1151 ad
1417 1089 1590 1150 fedus
1637 1088 1882 1165 adiecit,
1919 1088 2133 1165 quibus
2172 1090 2428 1167 gratiose
2466 1098 2709 1149 testatus
2749 1097 2837 1148 est
2878 1106 2971 1163 se,
3014 1088 3285 1165 quamuis

359 1167 699 1228 labentibus
737 1166 792 1227 δι
832 1167 1390 1245 transgredientibus
1428 1167 1810 1248 popularibus
1847 1170 2231 1245 Iudaeorum,
2276 1180 2473 1230 tamen
2509 1166 2917 1259 praestiturum
2941 1169 3121 1229 fidem
3140 1168 3287 1231 veri-

361 1252 664 1325 tatemque
716 1246 932 1309 federis
983 1249 1456 1311 constantissime
1513 1260 1756 1327 propter
1794 1248 1979 1311 filium
2020 1249 2351 1311 dilectionis
2390 1268 2549 1311 suae.
2605 1246 2873 1309 Tertium
2913 1258 3001 1309 est
3042 1248 3287 1327 veritas,

361 1326 491 1388 siue
531 1328 1036 1407 complementum
1076 1328 1321 1406 aliquod
1361 1334 1416 1391 δι
1455 1328 1774 1407 praestatio
1813 1348 2011 1391 rerum
2051 1347 2199 1407 quas
2236 1332 2401 1391 Deus
2443 1329 2641 1391 federe
2682 1348 2755 1389 ac
2794 1294 3287 1419 promissionibus

359 1408 767 1469 declarauerat
803 1409 963 1499 genti
1003 1409 1380 1471 Iudaeorum.
1423 1411 1576 1471 Nam
1617 1411 1753 1470 cum
1793 1410 2009 1472 sederis
2050 1410 2629 1501 promissionumque
2664 1407 2817 1469 illius
2858 1406 3089 1469 Iudaeis
3109 1411 3285 1469 iacta-

362 1504 498 1547 rum
537 1486 688 1549 ratio
727 1486 900 1548 fuerit
939 1489 1187 1567 duplex:
1231 1509 1346 1551 vna
1385 1491 1754 1567 temporalis,
1795 1500 2033 1551 aeterna
2070 1491 2282 1550 altera.
2324 1490 2570 1551 omnine
2612 1488 2729 1549 iam
2768 1506 2876 1548 suo
2910 1500 3208 1579 ternpore,
3228 1488 3285 1547 δι

363 1584 475 1627 suo
517 1567 726 1631 ordine
766 1568 1071 1629 veritatem
1111 1587 1306 1629 rerum
1344 1569 1760 1647 temporalium
1800 1572 1967 1631 Deus
2007 1570 2289 1648 praestitit
2316 1568 2549 1630 Iudaeis
2568 1568 2874 1630 omnibus:
2896 1566 3283 1659 spiritualium

361 1652 509 1709 vere
569 1647 872 1709 veritatem
934 1666 1044 1709 suo
1105 1650 1292 1711 modo
1350 1662 1743 1728 perceperunt
1799 1650 1911 1728 piJ':
1966 1651 2471 1728 quemadmodum
2527 1648 2833 1711 Abraham
2871 1646 3087 1707 vidisse
3126 1646 3284 1707 diem

361 1726 610 1789 Domini
659 1728 716 1789 δι
757 1728 834 1789 de
871 1747 950 1789 eo
990 1729 1344 1791 exultauisse
1383 1730 1613 1791 dicitur.
1650 1733 1818 1791 Ioan.
1860 1734 1915 1791 8.
1963 1733 2059 1807 56.
2100 1731 2393 1806 Quartum
2433 1740 2522 1791 est
2562 1728 2717 1789 ordo
2756 1727 3029 1806 publicus
3044 1774 3061 1805 ,
3100 1745 3283 1819 quem

364 1808 532 1868 Deus
579 1821 706 1867 tum
755 1805 814 1867 in
869 1808 1142 1900 politeia3
1185 1821 1309 1869 tum
1347 1810 1408 1871 in
1452 1809 1718 1872 Ecclesia
1754 1812 2113 1873 Iudaeorum
2152 1808 2454 1872 constituit
2492 1808 2965 1887 obseruandum,
3004 1808 3287 1885 tantisper

363 1888 510 1948 dum
550 1887 612 1949 in
651 1888 896 1960 federis,
937 1887 1514 1967 promissionumque
1553 1889 1828 1967 veritate,
1869 1910 1981 1968 pro
2020 1891 2249 1951 ratione
2288 1902 2626 1968 temporum
2666 1888 2905 1949 illorum
2942 1888 3282 1979 alebantur,

363 1970 422 2027 &
478 1968 558 2027 ad
615 1968 1088 2045 expectationem
1133 1970 1328 2030 ·futuri
1375 1970 1674 2048 amplioris
1727 1971 1873 2032 boni
1923 1970 2350 2031 excitabantur.
2411 1972 2783 2059 Postremum
2824 1980 2912 2029 est
2950 1966 3284 2046 signorum,

363 2064 518 2124 quae
556 2048 634 2108 ad
674 2048 824 2108 haec
863 2048 1066 2109 omnia
1103 2049 1320 2111 adiecit
1359 2052 1548 2129 Deus,
1601 2062 1665 2111 vt
1703 2070 1848 2144 gens
1887 2051 1989 2112 illa
2028 2051 2087 2111 in
2129 2048 2537 2129 expectatione
2576 2046 3033 2139 promissionum
3073 2047 3282 2107 verita-

364 2131 560 2204 tisque
609 2126 844 2188 diuinae
895 2130 1246 2190 confirmata
1295 2132 1743 2208 conquiesceret
1787 2131 1850 2191 in
1889 2131 2008 2192 fide
2048 2130 2231 2208 illius;
2272 2150 2410 2189 nam
2450 2130 2600 2191 fides
2639 2126 3064 2206 obsignabatur
3098 2128 3283 2187 docu-

366 2206 582 2269 mentis
635 2208 936 2299 signorum
987 2208 1292 2303 imperatis·
1337 2214 1374 2270 ὲ,
1411 2211 1696 2272 Domino.
1738 2212 2076 2272 Secundum
2115 2211 2263 2272 haec
2302 2210 2477 2288 igitur
2517 2207 2745 2288 omnia,
2786 2208 3041 2268 Iudaeus
3078 2206 3284 2297 priscis

363 2286 477 2349 illis
539 2286 908 2365 temporibus
967 2288 1196 2352 ratione
1247 2288 1522 2369 singulari
1573 2291 1831 2368 quadam
1883 2300 2011 2352 erat
2050 2308 2227 2369 supra
2266 2306 2647 2350 communem
2686 2287 2995 2348 hominum
3034 2286 3285 2347 aliorum

363 2367 772 2429 conditionem
829 2380 1102 2430 euectus·
1163 2373 1218 2431 δι
1271 2388 1396 2431 non
1456 2372 1650 2433 solum
1708 2370 1936 2451 legibus
1984 2369 2380 2432 communiter
2428 2386 2567 2429 cum
2616 2366 2743 2429 aliis
2781 2368 3093 2429 tenebatur
3107 2412 3125 2447 ,
3166 2370 3285 2446 qua

365 2449 580 2510 homo:
621 2451 830 2510 verum
869 2451 1045 2512 etiam
1085 2449 1501 2530 singularibus,
1541 2455 1659 2530 qua
1696 2454 1949 2514 Iudaeus
1990 2451 2246 2531 gratiose
2284 2450 2541 2512 adscitus
2562 2450 2642 2510 ad
2662 2459 2961 2509 tantorum
2982 2449 3282 2509 bonorum

367 2527 890 2607 participationem.

446 2609 752 2670 Secundus
791 2612 960 2671 locus
1001 2621 1088 2672 est
1127 2629 1353 2672 rerum:
1379 2630 1646 2706 ‚quarum
1687 2612 1902 2674 modus
1941 2615 1999 2672 δι
2038 2609 2303 2672 conditio
2324 2609 2527 2671 itidem
2549 2606 2957 2702 distinguitur,
2993 2609 3049 2668 &
3068 2607 3285 2669 eodem

363 2689 510 2750 iure.
548 2690 730 2750 Tbes.
774 2693 868 2750 26.
908 2693 1064 2752 Nam
1103 2694 1417 2752 communis
1453 2711 1656 2751 rerum
1696 2693 1898 2752 modus
1935 2701 2048 2764 est,
2080 2699 2271 2770 prout
2302 2692 2675 2750 communiter
2715 2695 2855 2749 sunt
2893 2691 2955 2748 in
2977 2707 3085 2748 usu
3106 2688 3285 2748 homi-

363 2789 502 2829 num
561 2779 732 2848 atque
789 2781 1176 2851 occupantur.
1221 2774 1560 2847 Singularis
1596 2775 1735 2834 verb
1762 2781 1958 2851 prout
1990 2773 2078 2830 ad
2108 2772 2466 2847 singularem
2500 2775 2814 2846 practerea
2840 2769 3107 2844 sederis,
3136 2777 3285 2845 pro-

367 2851 684 2928 missionis,
736 2853 1028 2930 veritatis,
1079 2853 1334 2927 ordinis,
1375 2853 1899 2929 federatorrimque
1936 2870 2131 2930 vsum,
2170 2859 2281 2910 aut
2312 2851 2521 2927 signis
2518 2851 2795 2910 cattorum
2834 2848 3183 2908 adhibentur
3221 2867 3287 2907 ea·

365 2931 715 2990 institutwne
750 2932 899 2990 Dei.
944 2933 1006 2991 id
1045 2941 1136 2992 est
1175 2933 1262 3007 (vt
1307 2931 1574 2991 dicamus
1612 2931 1840 3009 paucis)
1879 2948 2263 2992 communem
2297 2946 2491 2990 rerum
2528 2929 2774 2989 modum
2797 2930 2853 2988 &
2874 2926 3285 2988 conditionum

367 3019 574 3069 natura
613 3009 780 3088 facit,
821 3013 877 3071 &
918 3011 1014 3070 lex
1053 3012 1312 3072 humana
1351 3010 1590 3088 respicit
1629 3021 1871 3072 naturae
1910 3009 2287 3072 administra.
2332 3008 2683 3088 singularem
2726 3012 2865 3069 vere
2907 3005 3047 3068 facit
3086 3005 3145 3067 in
3166 3007 3287 3068 hoc

365 3100 716 3180 argumento
759 3095 918 3181 (narn
957 3092 1036 3150 de
1076 3089 1204 3152 aliis
1244 3091 1420 3151 rebus
1459 3109 1569 3152 nec
1609 3092 1754 3152 libet
1785 3089 2016 3168 dicere,
2059 3109 2173 3152 nec
2193 3095 2334 3152 vere
2354 3089 2597 3167 expedit
2616 3087 2754 3148 huic
2774 3086 3069 3163 instituto)
3090 3103 3285 3164 super-

366 3169 644 3229 naturalis
674 3167 960 3230 institutio
983 3169 1098 3230 Dei
1119 3189 1224 3248 per
1242 3169 1510 3262 gratiam.
1551 3173 1708 3231 Nam
1727 3173 1860 3232 Deo
1881 3183 2158 3245 auctore,
2189 3187 2341 3248 quae
2362 3189 2455 3230 res
2476 3167 2807 3230 secundum
2830 3177 3102 3228 naturam
3120 3179 3284 3226 natu-

367 3249 560 3310 raliter
587 3261 954 3326 occupantur
987 3249 1046 3310 iu
1071 3268 1176 3310 vsu
1196 3251 1480 3310 naturali'
1465 3268 1750 3329 ipsarum,
1785 3251 2032 3312 eaedem
2056 3269 2151 3312 res
2172 3251 2497 3311 secundum
2515 3247 2765 3326 gratiam
2785 3249 3287 3338 supernaturalem

367 3329 877 3420 supernaturaliter
907 3341 1273 3422 occupantur
1301 3329 1363 3390 in
1387 3348 1494 3390 vsu
1513 3330 1773 3409 gratioso
1791 3349 1972 3409 quem
1990 3330 2236 3392 instituit
2254 3330 2417 3390 Deus
2430 3373 2450 3420 ,
2482 3328 2687 3403 nem(f.
2716 3343 2782 3404 15
2798 3347 2819 3386 1
2832 3331 2967 3406 5)pe
2987 3338 3051 3388 vt
3070 3325 3257 3387 sederi
3271 3373 3289 3404 ,

367 3407 881 3500 promissionibuS,
916 3409 1172 3488 veritati,
1206 3409 1432 3490 ordini,
1465 3413 1521 3471 δι
1556 3410 1828 3472 federatis
1861 3411 1965 3486 (ad
1999 3427 2151 3489 quos
2179 3410 2280 3471 illa
2302 3407 2619 3487 pertinent)
2656 3406 2971 3468 inseruiant
3007 3423 3145 3486 vsu,
3188 3417 3291 3468 aut

371 3487 795 3580 significatione
833 3494 871 3550 a
908 3492 1044 3551 Deo
1084 3489 1362 3552 instituta.
1403 3493 1604 3568 Atque
1641 3491 1783 3551 hinc
1821 3492 2043 3551 factum
2085 3501 2205 3567 est,
2248 3499 2312 3550 vt
2340 3488 2849 3567 quemadmodum
2871 3487 3123 3548 Iudaeus
3144 3487 3289 3548 duo-

373 3571 482 3630 bus
527 3568 722 3630 modis
759 3569 1167 3632 consideratus
1207 3581 1330 3648 est,
1369 3568 1799 3648 communiter,
1833 3574 1952 3648 qua
1990 3573 2205 3649 hom03
2240 3573 2296 3631 &
2319 3572 2439 3646 qua
2456 3568 2740 3644 Iudaeus,
2774 3565 3175 3647 singulariter,
3208 3565 3290 3627 ita

373 3647 545 3709 etiam
584 3650 840 3710 Iudaeae
879 3650 1003 3712 siue
1045 3651 1466 3727 chananaeae,
1506 3651 1564 3710 δι
1601 3661 1965 3711 caeterarum
2004 3667 2205 3710 rerum
2239 3665 2393 3726 quae
2412 3649 2489 3709 ad
2511 3668 2604 3710 res
2624 3658 2857 3708 sanctas
2878 3647 3291 3726 significandas

373 3729 604 3789 fuerunt
643 3742 1001 3806 occupatae,
1042 3730 1261 3808 duplex
1300 3731 1471 3792 suerit
1511 3729 1776 3791 conditio
1817 3731 1872 3790 δι
1915 3730 2160 3810 modus3
2198 3729 2475 3790 naturalis
2490 3773 2508 3806 ,
2550 3745 2673 3806 quo
2712 3727 2920 3790 Iudaei
2954 3727 3294 3787 naturaliter

373 3808 708 3900 vtebantur,
765 3811 1184 3870 Chananaeam
1235 3820 1466 3872 arantes
1481 3855 1499 3889 ,
1541 3812 1838 3888 colenteS,
1878 3775 2211 3870 habitantes
2224 3855 2244 3888 ,
2284 3813 2341 3870 δι
2380 3810 2637 3869 fructum
2678 3807 3069 3886 percipientes
3108 3805 3291 3885 illius;

371 3893 425 3949 δι
475 3887 782 3968 singularis
823 3889 948 3950 siue
987 3889 1444 3966 supernaturalis
1481 3901 1660 3968 atque
1699 3890 2021 3968 gratiosuS,
2062 3889 2391 3951 secundum
2433 3907 2613 3966 quem
2654 3887 2737 3948 illi
2778 3889 3136 3949 Chananaea
3179 3905 3292 3965 pro

373 3981 590 4030 tessera
637 3980 942 4047 praesente
997 3968 1236 4046 federis,
1277 3969 1766 4047 promissionum,
1809 3969 2101 4044 veritatis,
2142 3972 2199 4032 &
2240 3967 2467 4030 ordinis
2506 3967 2691 4028 diuini
2731 3968 3077 4046 vtebantur,
3117 3977 3296 4044 prout

375 4049 559 4110 fuerat
607 4050 686 4110 ad
735 4049 910 4108 finem
967 4049 1394 4126 supernaturali
1439 4049 1704 4111 instituto
1746 4049 1972 4143 gratiae
2006 4048 2239 4112 Iudaeis
2278 4047 2627 4126 habitanda,
2666 4047 2723 4108 ὅτ
2764 4047 3021 4109 colendo
3058 4012 3295 4108 tradita.

377 4131 514 4188 Huc
571 4129 826 4206 respexit
883 4129 1230 4190 nominatim
1287 4130 1452 4220 Deus
1507 4143 1830 4208 praecepto
1867 4128 2080 4207 quinto
2121 4127 2395 4208 decalogi
2434 4129 2513 4189 de
2551 4128 2919 4189 honorandis
2958 4127 3299 4206 parentibus

372 4210 518 4282 lat0,
567 4212 704 4268 cum
749 4209 1060 4270 subiiceret
1099 4208 1554 4300 promissionem
1593 4211 1784 4288 illam3
1826 4221 1892 4270 vt
1931 4212 2361 4288 prolongentur
2402 4207 2529 4269 dies
2567 4208 2651 4268 tui
2686 4226 2861 4286 super
2880 4221 3095 4268 terram
3116 4225 3297 4285 quam

373 4291 592 4348 lehoua
650 4290 815 4349 Deus
876 4301 1012 4350 tuus
1071 4291 1175 4350 dat
1235 4287 1360 4349 tibi.
1423 4291 1632 4368 Neque
1685 4256 1844 4351 enim
1885 4292 2079 4351 solum
2119 4289 2197 4350 ad
2234 4289 2563 4350 naturalem
2608 4305 2777 4348 vsum
2818 4287 2971 4350 illius
3009 4299 3199 4348 terrae
3240 4289 3296 4347 δι

373 4370 698 4430 naturalem
757 4368 910 4430 vitae
957 4369 1130 4432 huius
1179 4369 1670 4432 commoditatem
1711 4369 1967 4450 respexit
2005 4372 2173 4432 Deus
2186 4415 2207 4450 ,
2244 4381 2347 4430 aut
2386 4368 2519 4448 pios
2557 4367 2823 4432 animum
2867 4367 3053 4430 voluit
3090 4367 3297 4430 aduer-

3140 4458 3297 4509 tere:
