3923 4875
672 282 790 361 368
1505 298 1608 341 ιιι
1671 294 2101 343 pont-rra:
2159 294 2416 342 uosrs
2474 296 2765 343 ossan,

665 458 902 521 modius
963 456 1366 519 definitionem
1423 460 1581 519 hanc
1630 476 1765 520 cum
1807 456 2189 519 immutabilis
2230 456 2571 520 definitione
2610 470 2927 551 comparet
2960 478 3151 536 quam
3196 461 3390 523 tertio
3434 462 3635 541 alite

669 538 1040 613 tradidimus)
1093 538 1382 600 Mutabile
1435 550 1554 612 εει,
1616 538 1901 632 quicquid
1940 548 2203 598 versatur
2245 536 2303 598 in
2345 538 2793 629 particularibus
2832 540 2949 599 illis
2988 540 3633 616 determinationibus,

669 619 746 679 ad
785 636 934 697 quas
973 638 1049 678 ex
1087 618 1347 680 immotis
1388 618 1690 711 principiis
1729 617 2266 695 communibusque
2308 616 2793 680 conclusionibus
2836 620 3229 697 proceditur,
3250 623 3377 683 ἃς.
3418 626 3499 683 Ῑιι
3524 626 3631 684 hac

668 710 868 760 autem
907 697 1251 759 definitione
1291 698 1434 760 nihil
1475 700 1550 760 de
1591 717 1838 777 genere,
1877 696 2025 757 nihil
2066 698 2145 757 de
2184 698 2379 759 causis
2420 696 2673 759 externis
2712 699 2995 777 dicimus,
3038 700 3105 761 id
3142 714 3273 779 εει,
3322 703 3631 764 efficiente

673 787 728 839 &
788 780 933 857 fine3
991 777 1130 855 quia
1169 782 1372 839 omnia
1412 780 1560 839 haec
1599 799 1672 839 ex
1713 778 2127 839 communibus
2165 778 2313 857 legis
2354 777 2825 870 definitionibus,
2888 798 3039 858 quas
3080 785 3229 842 ante
3270 784 3629 873 posuimus,

672 858 938 937 expromi
979 871 1247 937 possunt.
1307 862 1416 919 Est
1455 860 1612 919 enim
1653 876 1836 919 vnum
1877 858 1932 917 δι
1972 875 2297 920 commune
2328 876 2515 937 genus
2554 856 2915 949 singularum
2958 861 3262 951 partium,
3320 882 3403 922 ac
3442 864 3627 923 totius

671 938 732 999 in
785 956 1138 1016 vnaquaque
1179 941 1343 1018 lege3
1404 938 1786 1017 similiterque
1823 956 2001 999 causa
2040 936 2334 1013 efficienS,
2394 941 2450 999 δι
2489 936 2649 998 finis:
2684 950 2850 1030 puta
2889 940 3140 1001 rationis
3182 942 3511 1003 ordinatio
3550 944 3625 1001 ad

671 1037 993 1080 commune
1029 1020 1260 1079 bonum
1298 986 1376 1080 a⁷b
1417 1038 1522 1092 eo,
1563 1018 1664 1097 qui
1705 1037 1908 1078 curam
1950 1018 2391 1079 communitatis
2426 1018 2641 1091 habet,
2680 1016 2967 1079 instituta.
3048 1022 3175 1081 Hic
3220 1040 3383 1100 ergo
3424 1026 3625 1081 solum

671 1110 900 1178 partem
951 1098 1096 1177 legis
1137 1100 1477 1160 mutabilem
1521 1118 1594 1159 ex
1633 1099 1822 1159 causis
1861 1096 2137 1175 internis,
2182 1115 2339 1190 quae
2377 1096 2462 1159 rei
2498 1109 2765 1159 naturam
2806 1098 3217 1178 constituunt,
3262 1102 3623 1162 definimus:

667 1198 884 1257 nempe
937 1198 1010 1240 ex
1051 1178 1326 1253 materia,
1381 1182 1436 1239 δι
1475 1180 1668 1239 forma
1707 1178 1874 1239 illius.
1915 1178 2149 1237 Harum
2189 1178 2348 1238 enim
2387 1176 2759 1239 mutabilium
2800 1181 3003 1257 legum
3046 1181 3309 1241 materia
3350 1196 3623 1242 versamr

667 1258 726 1319 in
777 1258 1676 1350 determiff.1512)nationibuS,
1719 1276 1868 1336 quas
1907 1256 2287 1336 particulares
2327 1269 2567 1319 vocant.
2606 1258 2825 1319 Forma
2864 1264 3045 1335 νειὸ,
3100 1260 3267 1321 illius
3308 1261 3621 1323 relationis

669 1350 758 1399 est
799 1356 978 1417 quam
1019 1350 1228 1416 postea
1267 1338 1610 1415 subijcimus
1647 1337 1708 1398 in
1749 1337 2119 1415 definitione,
2172 1336 2462 1397 dicendo:
2511 1338 2591 1397 ad
2640 1338 3169 1401 determinationes
3214 1340 3355 1401 illas
3394 1361 3473 1401 ex
3514 1341 3619 1401 im-

669 1418 847 1479 motis
887 1418 1188 1497 principiis
1247 1420 1783 1495 communibusque
1821 1416 2306 1479 conclusionibus
2336 1417 2580 1496 procedi
2618 1418 2955 1479 secundum
2997 1420 3255 1480 modum
3298 1424 3359 1481 &
3402 1421 3613 1481 condi·

673 1498 898 1559 tionem
940 1516 1146 1560 eorum
1187 1518 1342 1593 quae
1380 1499 1630 1559 subsunt
1669 1496 2027 1559 ordinationi
2066 1497 2228 1576 legis.

749 1580 844 1637 De
901 1578 1144 1639 materia
1185 1579 1386 1657 igitur,
1429 1577 1618 1670 priori
1649 1580 1788 1639 loco
1828 1577 2153 1638 videamus.
2210 1576 2740 1639 Determinatwnes
2780 1598 2857 1639 ex
2894 1579 3434 1654 conclusionibus,
3474 1600 3617 1641 con·

667 1658 964 1719 clusiones
1003 1678 1078 1718 ex
1117 1658 1418 1737 principiis
1455 1656 1624 1719 nasci
1661 1660 1871 1719 solent.
1909 1656 2205 1734 Principia
2242 1654 2451 1734 igitur,
2491 1656 2616 1718 siue
2654 1656 2975 1736 naturalia,
3015 1658 3145 1719 siue
3184 1664 3225 1719 a
3266 1662 3465 1737 gratia
3496 1660 3613 1721 sint

667 1738 1160 1817 supernaturalia,
1220 1757 1327 1815 per
1387 1738 1636 1799 modum
1677 1736 1918 1799 rationis
1955 1737 2205 1815 gignunt
2243 1736 2690 1828 conclusiones:
2750 1738 2923 1815 quasi
2962 1740 3261 1799 fundente
3302 1740 3611 1801 intellectu

670 1819 750 1878 de
808 1837 871 1877 se
931 1837 1030 1878 eas
1083 1836 1205 1890 res..
1267 1836 1418 1895 quae
1459 1830 1620 1879 certa
1657 1817 1935 1877 scientiae
1975 1818 2071 1877 via
2109 1819 2164 1877 δι
2213 1816 2423 1876 ordine
2466 1815 2524 1876 in
2568 1817 2795 1878 ratione
2834 1818 3101 1879 hominis
3140 1820 3613 1880 concluduntur.

669 1898 1139 1958 Conclusionum
1199 1898 1321 1958 duo
1381 1908 1516 1958 sunt
1576 1916 1822 1976 genera,
1886 1900 1956 1957 vt
1996 1916 2069 1957 ex
2102 1896 2589 1973 praecedentibus
2628 1896 2799 1959 facile
2838 1896 3208 1989 intelligitur.
3252 1901 3417 1959 Nam
3459 1901 3609 1959 aliae

667 1994 1018 2038 communes
1075 1989 1244 2055 sunt,
1305 1979 1360 2039 δι
1418 1977 1796 2055 particulares
1858 1976 2025 2037 aliae.
2083 1977 2359 2054 Exempli
2418 1994 2624 2053 causa,
2672 1976 3037 2069 Principium
3098 1998 3435 2039 commune
3490 1992 3607 2055 est,

671 2058 1036 2135 proximum,
1090 2056 1152 2117 id
1213 2068 1333 2135 εει,
1392 2057 1698 2118 hominem
1749 2059 1828 2117 ab
1869 2055 2111 2117 homine
2152 2055 2337 2116 amari
2376 2068 2679 2134 oportere:
2742 2056 3056 2118 conclusio
3096 2058 3445 2120 communis
3484 2070 3607 2131 est,

669 2155 807 2197 eum
865 2155 988 2196 non
1047 2138 1436 2216 laedendum,
1497 2140 1552 2197 δι
1613 2154 1784 2197 ειιιιιιι
1844 2134 2057 2213 cuique
2117 2134 2531 2215 tribuendum,
2571 2138 2681 2197 διε.
2722 2136 3055 2198 Conclusio
3087 2138 3468 2217 particularis
3512 2142 3603 2199 vel

669 2216 975 2297 singularis
1015 2228 1131 2290 est,
1173 2183 1445 2296 Petrum}
1483 2218 1804 2293 Ioannem,
1843 2215 2180 2293 Maeuium,
2216 2234 2339 2276 non
2380 2181 2737 2277 laedendum
2778 2236 2929 2278 esse.
2982 2216 3148 2278 Hinc
3190 2218 3595 2279 determinati-

668 2316 815 2357 ones
875 2296 1252 2373 particulares
1311 2308 1662 2375 exsurgunt,
1711 2298 1979 2371 Petrum,
2020 2298 2341 2372 Ioannem,
2387 2294 2689 2357 Maeuium
2728 2296 2849 2357 hoc
2891 2308 2995 2358 aut
3036 2295 3141 2357 illo
3186 2298 3411 2373 ιιιοάο,
3454 2310 3599 2359 tem-

663 2394 840 2470 pore,
891 2379 1032 2437 loco
1046 2421 1065 2454 ,
1127 2379 1239 2437 &c.
1299 2376 1452 2439 laedi
1506 2376 1746 2437 minime
1805 2386 2101 2468 oportere.
2208 2374 2744 2437 Determinationes
2806 2380 3129 2469 propterea
3192 2380 3569 2456 appellantur
3582 2422 3601 2452 ,

664 2456 806 2535 quia
865 2467 1001 2518 sunt
1056 2457 1460 2520 ordinationes
1520 2457 1646 2518 siue
1705 2454 2125 2534 dispositiones
2184 2458 2273 2531 (vt
2320 2455 2403 2516 ita
2441 2458 2812 2548 loquamur)
2819 2456 3160 2518 terminales
3174 2503 3193 2533 ,
3256 2459 3411 2518 vltra
3450 2477 3595 2535 quas

664 2536 910 2629 procedi
949 2555 1074 2598 non
1112 2547 1338 2616 potest.
1381 2537 1520 2616 quia
1559 2537 1620 2598 in
1659 2537 1836 2597 rebus
1875 2535 2291 2628 singularibus
2307 2547 2485 2613 atque
2524 2535 2845 2597 indiuiduis
2882 2537 3083 2596 omnis
3121 2537 3392 2614 scientia,
3424 2537 3595 2610 ratio,

670 2618 725 2677 &
766 2616 1008 2678 rationis
1059 2629 1224 2679 actus
1272 2617 1644 2678 terminatur:
1695 2615 1953 2676 Scientia
1990 2615 2395 2676 communium
2438 2626 2565 2694 est,
2626 2615 3008 2695 singularium
3050 2628 3142 2678 est
3178 2617 3595 2678 determinatio

667 2697 998 2758 secundum
1059 2695 1384 2758 scientiam.
1448 2699 1622 2758 Haec
1677 2694 1774 2756 via
1823 2697 1884 2757 in
1944 2695 2111 2756 omni
2152 2695 2558 2756 doctrinarum
2598 2714 2818 2787 genere
2851 2695 3189 2757 theoretico
3227 2699 3285 2758 δι
3326 2697 3591 2774 practico

671 2795 906 2854 semper
947 2788 1035 2838 est
1073 2778 1469 2840 obseruanda.
1529 2779 1730 2853 Atque
1769 2777 1920 2836 haec
1958 2793 2137 2836 causa
2173 2784 2295 2855 est,
2344 2793 2451 2836 cur
2488 2773 3010 2836 determinationes
3049 2775 3223 2852 istas,
3283 2777 3589 2836 materiam

669 2857 1058 2917 humanarum
1098 2858 1336 2936 legum,
1386 2856 1766 2936 particulares
1805 2857 2203 2934 appellamus·
2244 2820 2383 2933 quia
2422 2854 2649 2915 minuta
2689 2853 2891 2915 omnia
2928 2855 3009 2914 ad
3046 2855 3264 2916 iustam
3292 2854 3589 2916 actionem

666 2935 1058 3014 pertinentia,
1103 2939 1434 3030 secundum
1476 2937 1768 3027 quamuis
1791 2935 2137 3014 particulam
2178 2952 2331 3012 quae
2370 2953 2661 3012 personis,
2682 2935 2897 3012 rebus,
2916 2933 3377 2996 circumstantiis
3394 2947 3589 3013 potest

671 3016 1018 3108 contingere
1031 3061 1048 3094 ,
1111 3029 1213 3078 aut
1267 3015 1326 3077 in
1369 3015 1452 3078 eis
1493 3013 1862 3094 singulariter
1899 3015 2238 3094 obseruari,
2295 3013 2760 3105 determinantur
2798 3013 3075 3076 humanis
3112 3014 3384 3106 legibus:
3442 3033 3588 3092 quae

674 3095 992 3174 singularia
1031 3095 1165 3174 quis
1205 3095 1393 3158 nescit
1433 3095 1646 3156 mutari
1687 3093 2222 3186 quamplurimum,
2262 3096 2318 3154 δι
2358 3093 2615 3154 subinde
2653 3092 2715 3153 in
2754 3091 3049 3154 infinitum
3090 3093 3307 3154 mutari
3346 3091 3552 3185 posse?

753 3176 974 3236 Forma
1011 3181 1157 3238 vero
1197 3175 1566 3237 mutabilium
1607 3176 1846 3236 istarum
1891 3176 2089 3252 legum
2129 3173 2255 3235 siue
2294 3173 2547 3264 partium
2589 3192 2743 3252 quae
2783 3184 2919 3234 sunt
2958 3172 3019 3234 in
3062 3173 3325 3253 legibus,
3366 3186 3494 3234 tota
3530 3173 3581 3233 in

672 3252 958 3316 relatione
1013 3267 1292 3317 versatur.
1354 3257 1508 3317 Cum
1569 3265 1764 3315 autern
1827 3253 1886 3314 in
1939 3253 2223 3314 relatione
2263 3253 2431 3314 omni
2470 3251 2583 3312 tria
2622 3253 2913 3330 quaedam
2955 3271 3109 3331 opus
3148 3255 3223 3314 sit
3263 3253 3585 3328 obseruari,

671 3332 958 3395 terminos
1019 3335 1204 3416 duos,
1266 3340 1356 3413 (vt
1413 3337 1495 3396 ita
1555 3336 1896 3412 loquamur)
1939 3333 1995 3393 δι
2036 3333 2329 3410 medium,
2388 3332 2621 3410 singula
2659 3333 2720 3392 in
2761 3344 2963 3395 nostra
3003 3334 3351 3395 definitione
3392 3332 3583 3426 paucis

672 3415 968 3492 complexi
1009 3433 1244 3496 sumus,
1286 3425 1348 3476 vt
1387 3417 1583 3476 forma
1620 3413 1990 3475 mutabilium
2032 3413 2272 3474 istarum
2314 3415 2513 3490 legum
2552 3413 2723 3473 fieret
2761 3412 3113 3474 euidentior.
3174 3415 3331 3474 Nam
3372 3411 3583 3493 primus

675 3493 730 3552 &
792 3511 1054 3556 summus
1109 3496 1391 3556 terminus
1431 3494 1602 3555 huius
1642 3492 1940 3555 relationis
1982 3503 2071 3553 est
2110 3491 2449 3571 designatus
2488 3494 2853 3553 immotorum
2876 3495 3313 3571 principiorum
3350 3511 3579 3552 commu-

675 3575 948 3651 niu‘mque
986 3577 1406 3636 conclusionum
1449 3572 1879 3666 appellatione:
1919 3573 2179 3633 Vltimus
2220 3576 2363 3634 vero
2401 3571 2717 3646 terminus,
2744 3573 3211 3653 particularium
3250 3574 3578 3632 determina·

673 3655 921 3714 tionum.
962 3654 1115 3715 inter
1157 3657 1268 3716 hos
1308 3655 1460 3715 duos
1505 3653 1788 3715 terminos
1831 3653 2047 3714 modus
2086 3651 2385 3713 relationis
2424 3651 2768 3728 interuenit,
2808 3652 2973 3729 quOd
3012 3655 3050 3710 a
3080 3669 3317 3712 summo
3338 3650 3579 3711 termino

673 3731 776 3793 illo
815 3732 894 3794 ad
933 3733 1096 3795 hunc
1139 3735 1408 3795 vltimum
1445 3736 1782 3826 proceditur
1823 3735 2131 3792 secundiaem
2172 3735 2401 3791 modum
2446 3734 2524 3792 (ς’
2560 3732 2937 3792 conditionem
2964 3750 3165 3791 eorum
3170 3751 3338 3824 ‘quae
3354 3731 3583 3790 subsunt

671 3813 1036 3874 ordinationi
1068 3817 1232 3891 leges
1273 3817 1448 3874 Haec
1491 3813 1601 3874 tria
1637 3814 1718 3874 ad
1749 3811 2026 3873 iustitiam
2060 3815 2450 3873 humanarum
2472 3813 2701 3890 legum,
2740 3810 2864 3871 siue
2886 3811 3371 3872 constitutionem
3392 3828 3577 3870 earum

671 3890 886 3953 iustam
925 3894 1322 3956 necessarium
1363 3905 1452 3954 est
1486 3911 1878 3972 concurrere,
1915 3911 2154 3982 nempe
2174 3911 2247 3952 ειι
2284 3891 2513 3952 ratione
2552 3890 2864 3951 communi
2904 3909 3009 3970 per
3044 3889 3335 3968 principia
3352 3891 3579 3950 conclu·

673 3970 870 4032 siones
933 3992 1284 4036 communes
1344 3973 1486 4034 duci
1505 4017 1524 4049 ‚
1593 3975 1649 4034 &
1709 3991 1784 4033 ex
1821 3937 2159 4050 particulari
2198 3972 2445 4032 modum
2490 3973 2546 4031 δι
2582 3969 2991 4030 conditionem
3032 3988 3234 4030 earum
3274 3988 3473 4029 rerum
3512 3968 3580 4028 de

671 4050 890 4128 quibus
941 4055 1041 4113 lex
1092 4053 1368 4132 ordinat,
1430 4052 1753 4132 explorari:
1797 4063 1861 4112 vt
1905 4052 2235 4112 secundum
2275 4051 2439 4112 illum
2484 4049 2868 4143 particulares
2907 4050 3041 4110 illae
3073 4048 3579 4110 determinationes

673 4129 820 4190 fiant
835 4173 854 4206 ,
895 4149 1050 4209 quae
1092 4134 1365 4211 propriae
1405 4145 1542 4194 sunt
1581 4133 1875 4193 humanae
1912 4131 2079 4210 legis.
2118 4133 2319 4208 Atque
2356 4133 2505 4192 haec
2544 4128 2789 4208 quidem
2832 4128 3102 4190 vniuerse
3139 4129 3301 4190 dicta
3340 4138 3473 4188 sunt
3510 4127 3575 4186 de

675 4209 786 4270 illis
827 4209 1419 4273 determinationibus
1459 4214 1536 4272 ad
1579 4230 1725 4290 quas
1769 4211 2089 4290 respiciunt
2127 4213 2417 4271 humanae
2456 4211 2635 4301 leges.

751 4289 868 4352 Sed
933 4293 1072 4369 quia
1125 4292 1186 4351 in
1245 4293 1360 4352 illis
1421 4291 2007 4352 determinationibus
2067 4289 2618 4352 circumscribendis
2672 4287 2925 4348 dicimus
2964 4306 3064 4349 eas
3101 4288 3223 4349 fieri
3263 4287 3573 4424 set-ungunt

3338 4387 3441 4427 mo
3480 4383 3569 4424 um

3758 0 3790 890 ¹
