3923 4875
604 334 675 392 26
1588 345 2010 390 raanmscr
2067 345 2280 398 suun
2341 345 2534 389 vr‘rA.

600 508 978 584 attigeramus
1036 505 1239 566 vinum
1253 551 1271 584 ,
1334 522 1519 596 quum
1572 507 1789 584 hospes
1826 511 1865 566 a
1914 505 2138 568 foribus
2177 508 2420 568 aduolat
2433 552 2450 584 ,
2491 506 2770 568 certiores
2805 526 2917 568 nos
2955 507 3096 568 facit
3133 528 3236 570 sex
3274 507 3508 571 lictores

598 586 659 646 in
698 585 1036 665 propinquo
1076 603 1204 646 esse
1244 595 1545 646 vementes
1582 587 1663 646 ad
1701 605 1811 648 nos
1826 631 1843 666 ,
1887 585 2120 664 postico
2161 585 2324 648 iubet
2363 585 2612 663 migrare
2651 586 2799 667 alio,
2839 589 2894 647 ὅτ
2929 597 3164 650 nostrae
3203 591 3375 649 saluti
3391 609 3508 650 con

600 667 809 728 sulere.
847 670 939 726 Ita
981 667 1100 726 huc
1139 665 1279 726 illuc
1320 666 1397 726 de
1436 665 1621 726 domo
1660 665 1719 726 in
1759 666 2006 727 domum
2045 666 2128 726 fui
2167 666 2607 727 circumductus
2621 711 2638 744 ,
2680 678 2745 727 vt
2783 667 3017 728 fraudes
3045 667 3292 729 istorum
3322 670 3508 730 homi-

598 765 741 806 nvm
802 749 857 807 &
916 746 1037 806 vim
1092 745 1367 806 iniustam
1408 747 1741 824 effugerem.
1802 749 1974 806 Haec
2006 748 2116 807 sub
2156 747 2546 808 Pentecosten
2579 757 2770 824 gesta,
2825 765 3006 825 quum
3047 750 3245 810 adhuc
3285 749 3345 808 in
3383 759 3508 811 tota

598 828 783 887 ferme
822 827 1139 886 Brabantia
1178 825 1501 887 conciones
1540 826 1725 887 nostri
1764 828 2049 887 haberent
2087 827 2448 903 clanculum,
2489 824 2685 887 multis
2723 827 3175 888 reclamantibus
3190 875 3208 907 ,
3247 831 3304 888 &
3347 828 3510 908 igna-

598 905 757 967 uiam
772 951 791 986 ,
830 904 1217 967 inuidentiam
1257 905 1405 966 boni
1442 905 1700 985 publici,
1742 905 1977 967 inanem
2015 916 2236 966 metum
2249 952 2266 985 ,
2308 905 2695 966 diffidentiam
2728 906 3060 969 Christiano
3081 909 3296 986 quouis
3316 907 3504 988 indig-

599 1004 741 1046 nam
792 985 1275 1067 criminantibus,
1314 984 1433 1046 Sed
1486 1002 1623 1046 cum
1676 995 1916 1046 auctore
1965 985 2218 1046 maxime
2259 989 2316 1046 &
2355 985 2578 1046 artifice
2615 985 2815 1064 Viglio
2856 987 3214 1050 Zvvichemo
3257 988 3501 1064 Consilij

597 1066 957 1144 Burgundici
994 1065 1261 1145 praeside
1276 1111 1293 1144 ,
1346 1075 1484 1143 post
1522 1065 1683 1126 illam
1721 1065 2042 1126 nobilitatis
2079 1065 2352 1144 Belgicae
2392 1064 2850 1144 postulationem
2865 1111 2882 1144 ,
2923 1066 3086 1128 cuius
3128 1071 3264 1128 ante
3305 1068 3507 1130 memi-

600 1145 793 1206 nimus
815 1192 833 1226 ,
885 1162 1079 1206 nouae
1128 1147 1291 1224 leges
1334 1145 1395 1205 in
1434 1145 1740 1223 religiosos
1780 1147 1837 1205 &
1875 1145 2007 1222 pios
2047 1145 2316 1207 homines
2357 1145 2610 1210 veritatis
2649 1155 2914 1207 amantes
2955 1149 3338 1226 cuderentur,
3379 1169 3506 1226 spe-

596 1225 761 1287 cioso
820 1225 1247 1287 Moderationis
1306 1224 1548 1286 nomine
1607 1225 1984 1286 exornandae
1997 1270 2016 1304 ,
2075 1242 2228 1304 quae
2283 1237 2480 1286 tamen
2533 1225 2678 1285 nihil
2719 1227 2795 1287 de
2835 1227 3145 1288 atrocitate
3185 1229 3358 1307 plane
3397 1227 3508 1288 nisi

596 1305 659 1366 in
711 1305 972 1383 speciem
1012 1303 1418 1385 remittebant,
1467 1313 1593 1364 tum
1632 1303 1979 1383 grauissimo
2018 1305 2256 1384 piorum
2295 1307 2567 1383 adeoque
2611 1305 3008 1368 Ecclesiarum
3049 1307 3318 1368 vniuerse
3357 1308 3508 1387 peri-

594 1387 733 1445 culo
796 1385 1039 1464 cognito
1055 1431 1073 1464 ,
1134 1387 1191 1445 &
1252 1383 1644 1444 conuentibus
1702 1383 1931 1462 aliquot
1991 1403 2252 1462 expenso
2307 1385 2544 1464 (quibus
2599 1384 2775 1446 etiam
2813 1385 2905 1448 bis
2945 1407 3048 1466 per
3093 1387 3237 1448 illud
3277 1398 3508 1466 tempus

595 1465 956 1542 Antuerpiae
1008 1463 1311 1542 Philippus
1360 1463 1685 1524 Marnixius
1737 1465 1798 1526 S.
1848 1464 2262 1542 Aldegondius
2310 1465 2593 1542 interfuit)
2637 1465 2826 1527 visum
2869 1478 2958 1527 est
2996 1467 3391 1528 necessarium
3430 1469 3510 1528 ad

594 1545 1023 1623 praeuertenda
1080 1543 1354 1623 grauiora
1410 1543 1811 1604 Ecclesiarum
1868 1544 2254 1606 incommoda
2267 1591 2286 1624 ,
2338 1557 2403 1606 vt
2454 1546 2964 1624 quemadmodum
3005 1547 3246 1607 Flandri
3283 1546 3507 1608 iamdiu

592 1627 855 1685 fecerant
869 1669 888 1702 ,
946 1623 1028 1684 ita
1079 1642 1191 1684 nos
1240 1622 1479 1701 publice
1522 1623 1855 1684 Ecclesiam
1900 1623 2316 1703 colligeremus
2329 1671 2347 1704 ,
2388 1624 2830 1703 concionesque
2869 1625 2930 1686 in
2971 1629 3288 1704 propatulo
3326 1629 3505 1688 habe·

591 1721 817 1785 remus,
868 1707 1005 1764 cum
1060 1701 1421 1780 Antuerpiae
1458 1711 1585 1762 tum
1622 1703 1984 1782 vbicumque
2021 1706 2216 1764 futura
2257 1716 2410 1766 esset
2451 1704 2917 1782 colligendarum
2959 1706 3356 1768 Ecclesiarum
3397 1727 3504 1784 per

596 1782 988 1862 Euangelium
1026 1781 1243 1844 Christi
1282 1781 1697 1844 commoditas.
1739 1785 1879 1860 Quo
1926 1793 2195 1862 tempore
2234 1785 2682 1846 confessionem
2705 1785 3076 1862 Belgicarum
3097 1786 3502 1846 Ecclesiarum

596 1863 674 1923 de
706 1861 931 1940 Synodi
944 1908 964 1943 ,
1004 1879 1157 1940 quae
1179 1861 1419 1922 ineunte
1452 1862 1615 1922 Maio
1648 1863 1849 1924 habita
1866 1865 2084 1941 fuerat,
2106 1863 2392 1925 sententia
2411 1864 2774 1942 recognitam
2795 1865 2875 1924 ad
2893 1867 3099 1927 fratres
3121 1867 3502 1928 Geneuenses

594 1941 745 2020 misi,
762 1956 827 2002 vt
844 1945 882 2000 a
902 1961 965 2003 se
985 1943 1300 2019 probatam
1320 1941 1533 2002 excudi
1552 1945 1615 2018 (t.
1646 1945 1762 2018 16.)
1776 1943 2062 2023 sinerent,
2083 1944 2132 2004 si
2151 1944 2446 2005 videretur
2465 1944 2634 2018 vtile,
2650 1945 2704 2003 ὅτ
2724 1943 3049 2007 institutum
3069 1945 3213 2006 illud
3233 1956 3502 2006 nostrum

596 2024 731 2081 Deo
773 2021 1049 2098 precibus
1086 2019 1589 2082 commendarent.
1630 2021 1731 2083 Sic
1770 2025 1827 2083 δι
1856 2022 2288 2085 Moderationis
2309 2024 2460 2085 illius
2481 2023 2792 2085 consilium
2812 2025 2986 2085 Iunio
3008 2045 3212 2086 mense
3231 2043 3503 2086 euersum

597 2110 689 2160 est
698 2121 725 2174 ,·
757 2103 812 2161 &
854 2101 1155 2161 Ecclesiae
1195 2101 1272 2161 ad
1312 2100 1664 2164 miraculum
1702 2112 1951 2180 coeptae
1991 2105 2327 2182 propagari.
2368 2103 2495 2165 Etsi
2523 2113 2722 2164 autem
2745 2103 3103 2181 reliquorum
3134 2108 3380 2165 fratrum
3401 2105 3504 2182 qui

594 2180 655 2240 in
695 2180 901 2259 Belgio
944 2180 1280 2242 seruiebant
1319 2181 1584 2243 Domino
1600 2227 1617 2262 ,
1658 2199 1865 2244 secura
1904 2192 2030 2242 tum
2069 2185 2154 2244 ab‘
2183 2183 2446 2245 hostium
2486 2183 2616 2246 telis
2655 2183 2774 2244 vita
2814 2185 2869 2244 δι
2909 2185 3136 2246 functio
3176 2195 3304 2245 tota
3342 2183 3504 2245 vide-

480 2311 495 2318 ,
596 2262 797 2339 batur,
838 2260 984 2321 mihi
1023 2270 1223 2321 tamen
1263 2260 1443 2322 infida
1482 2261 1841 2340 omniazquia
1881 2263 2278 2324 Gubernatrix
2317 2263 2417 2324 illa
2446 2263 2778 2325 Parmensis
2820 2263 3020 2324 omnia
3048 2283 3154 2342 per
3175 2265 3506 2326 Ecclesiam

598 2339 891 2400 Gallicam
904 2386 922 2419 ,
962 2357 1115 2418 quae
1154 2349 1283 2401 turn
1322 2351 1450 2402 erat
1490 2341 1879 2420 Antuerpiae,
1919 2343 2249 2404 Ecclesiam
2283 2361 2390 2422 per
2423 2363 2518 2405 me
2538 2343 2904 2405 commoueri
2925 2343 3317 2406 arbitrabatur
3339 2346 3506 2405 falso.

595 2420 751 2482 Nam
804 2419 983 2481 etiam
1036 2437 1223 2499 quum
1272 2439 1434 2482 nouo
1474 2431 1815 2484 commento
1858 2421 2130 2500 publicos
2170 2435 2378 2485 coetus
2415 2435 2652 2486 nostros
2693 2423 2936 2502 cupiens
2975 2424 3299 2486 dissoluere
3313 2472 3330 2504 ,
3371 2442 3503 2503 pro-

592 2499 784 2561 missis
826 2501 881 2559 &
921 2500 1095 2562 minis
1128 2500 1470 2562 sollicitaret
1488 2501 1787 2563 Ecclesias
1804 2548 1822 2581 ,
1856 2512 1919 2562 vt
1939 2504 2150 2563 saltem
2170 2504 2247 2563 ad
2269 2505 2680 2566 hebdomadas
2699 2524 2802 2566 sex
2820 2503 3229 2566 omitterentur
3249 2523 3507 2565 conuen-

593 2590 687 2641 tus
702 2625 719 2659 ,
759 2581 901 2641 dum
944 2579 1207 2659 mitigato
1245 2580 1426 2659 Regis
1464 2582 1664 2642 animo
1706 2580 1927 2659 aliquid
1967 2582 2112 2643 boni
2149 2584 2417 2661 responsi
2442 2604 2518 2645 ex
2537 2584 2829 2662 Hispania
2863 2584 3190 2647 adferretur
3204 2631 3221 2662 ,
3257 2587 3506 2646 Antuer-

592 2660 755 2739 piam
792 2659 1059 2721 mittebat
1098 2660 1179 2721 ad
1216 2678 1329 2719 nos
1342 2705 1360 2737 ,
1423 2663 1683 2721 futurum
1722 2672 1849 2722 rata
1864 2705 1881 2738 ,
1939 2672 2007 2721 vt
2044 2662 2328 2740 quicquid
2359 2684 2472 2756 per
2513 2683 2623 2725 nos
2663 2667 2827 2726 fieret
2843 2709 2862 2741 ,
2901 2664 2960 2724 in
3003 2685 3077 2726 eo
3117 2664 3213 2741 alij
3244 2664 3505 2743 acquies-

596 2750 800 2801 cerent
839 2739 965 2801 sine
1004 2738 1427 2801 controuersia.
1470 2742 1669 2817 Quam
1708 2741 1787 2801 ad
1825 2740 2182 2821 legationem
2220 2744 2538 2821 plurimum
2581 2763 2762 2822 opera
2799 2745 3097 2805 Francisci
3155 2744 3230 2807 de
3251 2748 3503 2820 Hames,

598 2819 711 2879 viri
729 2838 853 2881 non
874 2818 1156 2898 illiterati,
1176 2818 1377 2898 periti,
1402 2819 1539 2879 &in
1579 2820 1834 2882 dicendo
1854 2820 2208 2900 grauissimi,
2230 2822 2536 2901 aliquoties
2557 2826 2740 2884 abusa
2758 2833 2867 2884 est.
2887 2824 3050 2885 Huic
3069 2824 3512 2916 persequutioni

602 2908 813 2960 contra
850 2920 949 2960 me
986 2898 1285 2961 institutae
1324 2897 1550 2977 species
1590 2910 1713 2961 erat
1751 2901 1807 2959 ὅτ
1848 2902 2098 2961 dabatur
2137 2900 2367 2981 titulus,
2409 2922 2542 2963 mea
2579 2902 2980 2982 peregrinitas.
3023 2906 3121 2965 Sic
3139 2904 3301 2981 vbiq.
3323 2906 3506 2965 ferme

602 2978 963 3055 periclitatus
1022 2994 1182 3059 sum,
1232 2979 1620 3058 Antuerpiae,
1672 2979 1947 3041 Gandaui
1963 3026 1980 3058 ,
2027 2980 2264 3061 Brugis,
2316 2984 2372 3043 &
2411 2982 2637 3059 aliquot
2677 2987 2977 3061 praeterea
3015 2984 3183 3045 locis.
3243 2986 3314 3044 In
3351 2984 3506 3044 Iulio

605 3057 884 3119 Gandaui
922 3057 1007 3118 fui
1050 3060 1388 3137 postulante
1425 3058 1695 3121 Ecclesia
1734 3058 1884 3137 loci,
1914 3077 2036 3137 quo
2057 3070 2325 3139 tempore
2347 3064 2757 3124 Iconoclastae
2778 3064 2954 3124 nobis
2975 3062 3262 3143 incogniti
3283 3074 3514 3141 praeter

602 3137 953 3199 sententiam
1011 3148 1276 3199 nostram
1291 3183 1309 3215 ,
1364 3138 1443 3198 ab
1502 3137 1976 3230 imprudentibus
2037 3139 2300 3232 (opinor)
2359 3152 2460 3204 aut
2519 3142 2697 3203 etiam
2755 3144 3064 3204 maleuolis
3103 3163 3211 3222 per
3249 3143 3412 3204 vicos
3453 3144 3509 3202 &

600 3236 789 3295 pagos
850 3218 1163 3279 Flandriae
1222 3216 1525 3298 submissi,
1583 3237 1644 3278 1n
1702 3220 1923 3310 templa
1965 3220 2021 3279 &
2081 3238 2250 3299 signa
2288 3223 2644 3313 templorum
2685 3222 2885 3283 omnia
2922 3222 3240 3284 irruebant.
3298 3226 3508 3283 Testes

600 3298 835 3374 appello
895 3316 1001 3359 eos
1060 3296 1165 3375 qui
1222 3306 1347 3357 tum
1405 3298 1789 3359 versabantur
1829 3318 1889 3358 m
1930 3315 2168 3359 summo
2201 3300 2466 3362 Consilio
2507 3306 2597 3377 (vt
2635 3305 2878 3377 vocant)
2919 3304 3232 3364 Flandriae
3246 3347 3264 3382 ,
3329 3318 3507 3381 quam

600 3375 779 3436 fidem
841 3379 1015 3438 rebus
1072 3376 1345 3456 gerendis
1402 3376 1772 3439 adhibuerim
1786 3424 1803 3458 ,
1862 3394 2045 3455 quum
2105 3380 2454 3442 auctoritate
2511 3383 2568 3441 δι
2631 3382 2912 3442 mandato
2954 3382 3106 3443 illius
3145 3382 3388 3460 Consilij
3429 3381 3508 3441 ad

594 3456 999 3517 Iconoclasms
1036 3457 1169 3518 illos
1208 3456 1657 3533 compellandos
1698 3459 1754 3518 ὅτ
1796 3460 2280 3537 cognoscendum
2321 3462 2398 3521 de
2437 3459 2698 3522 instituto
2735 3460 3000 3539 ipsorum
3038 3462 3150 3523 viri
3189 3462 3414 3537 aliquot
3434 3480 3508 3522 ex

597 3550 846 3595 numero
888 3545 1095 3599 nostro
1136 3534 1353 3596 fuimus
1391 3537 1665 3616 ablegati.
1704 3539 2028 3617 Nunquam
2065 3538 2210 3599 mihi
2249 3543 2519 3619 profecto
2557 3540 2818 3602 violenta
2857 3541 3147 3603 eiusmodi
3185 3553 3245 3601 et
3286 3542 3507 3599 ἄτακτα

598 3614 845 3675 consilia
902 3617 1383 3695 placueruntznec
1445 3627 1591 3707 puto
1645 3634 1907 3695 vnquam
1969 3618 2130 3695 apud
2189 3638 2284 3680 me
2347 3620 2524 3682 fuisse
2585 3637 2946 3699 quemquam
2959 3668 2976 3701 ,
3039 3622 3136 3684 cui
3175 3620 3505 3684 istiusmodi

598 3693 863 3756 actiones
899 3698 997 3757 vel
1034 3694 1277 3756 minima
1316 3694 1741 3774 significatione
1780 3698 2015 3774 placere
2053 3698 2198 3759 mihi
2235 3700 2616 3761 ostenderim.
2656 3703 2799 3761 Hoc
2838 3701 3177 3763 testimonio
3217 3703 3272 3762 δι
3307 3716 3504 3759 meam

600 3772 780 3850 ipsius
820 3776 877 3835 δε
912 3776 1148 3854 piorum
1188 3776 1550 3853 collegarum
1572 3794 1840 3837 meorum
1862 3783 2024 3853 (nam
2047 3778 2439 3846 ἀτακτοῦντας
2462 3782 2886 3859 αὐτοκράτορας
2907 3781 3051 3842 nihil
3075 3784 3301 3855 moror)
3325 3780 3506 3839 fidem

600 3854 839 3930 publice
881 3865 1151 3917 testatam
1193 3856 1354 3916 volo.
1396 3858 1544 3917 Post
1585 3856 1974 3934 Antuerpiam
2013 3856 2157 3932 redij
2174 3902 2191 3934 ,
2233 3858 2334 3918 vbi
2373 3860 2648 3935 Synodus
2669 3861 2779 3918 sub
2801 3862 2980 3921 finem
3005 3860 3224 3921 mensis
3243 3860 3507 3921 eiusdem

602 3934 947 3997 habebatur.
1005 3939 1075 3997 In
1134 3954 1206 3995 ea
1243 3934 1415 3996 breui
1454 3935 1673 4014 scripto
1713 3936 1789 3997 de
1830 3936 1948 3995 fide
1989 3954 2062 3996 ex
2103 3936 2332 3999 disertis
2373 3938 2704 4017 Scripturae
2737 3940 2932 4001 verbis
2975 3950 3212 4001 exarato
3227 3985 3245 4019 ,
3285 3936 3508 4017 placuit

602 4022 667 4071 vt
708 4014 829 4075 duo
868 4034 943 4075 ex
982 4015 1155 4076 nobis
1197 4016 1565 4076 Ceutronum
1604 4016 1851 4095 opidum
1890 4016 1974 4091 (S.
2013 4015 2303 4077 'Pl-udonis
2345 4023 2587 4095 vocant)
2626 4028 2956 4096 peteremus
2972 4065 2989 4099 ,
3030 4020 3132 4081 vbi
3173 4020 3508 4109 principum

602 4090 829 4170 aliquot
885 4114 958 4156 ac
997 4093 1335 4157 Nobilitatis
1374 4096 1647 4175 Belgicae
1686 4106 2016 4156 conuentus
2055 4094 2326 4157 indictus.
2385 4099 2547 4176 Ego,
2601 4099 2656 4157 81
2698 4097 3064 4159 sanctissima
3103 4098 3201 4160 illa
3239 4096 3510 4177 placidis-

602 4171 809 4252 simaq.
864 4174 1061 4235 anima
1074 4220 1093 4254 ,
1143 4174 1489 4266 Peregrinus
1528 4176 1873 4253 Grangaeus
1886 4220 1904 4253 ,
1938 4185 2274 4236 recusantes
2315 4179 2370 4237 δι
2409 4177 2578 4237 inuiti
2618 4178 2870 4255 delegati
2908 4196 3124 4240 sumus.
3187 4178 3474 4239 Venimus
3489 4221 3506 4251 ,

600 4250 881 4329 vidimus,
942 4254 1088 4315 nihil
1146 4255 1445 4315 effecimus
1459 4299 1476 4332 ,
1536 4254 1871 4332 importuna
1922 4253 2227 4315 cuiusdam
2267 4257 2711 4318 intercessione:
2753 4257 2851 4317 cui
2889 4257 3158 4336 ignoscat
3194 4256 3508 4319 Dominus

596 4331 984 4410 Antuerpiam
1025 4350 1291 4411 regresso
1334 4332 1432 4392 vix
1472 4334 1687 4411 pedem
1727 4334 1892 4395 licuit
1931 4334 1992 4393 in
2031 4335 2174 4395 loco
2217 4337 2426 4415 figere,
2461 4352 2646 4415 quum
2665 4340 2702 4395 a
2721 4336 3214 4400 Gandauensibus
3234 4335 3508 4397 fratribus

3249 4424 3504 4494 repetor.
