3923 4875
649 0 759 22 07-
1713 0 2118 7 —''*'--*-‘-
2177 0 2389 5 “”“”“”
2453 0 2491 4 ”’

647 119 858 180 dolore
871 164 890 198 ,
931 117 981 181 si
1020 119 1264 198 quidem
1304 123 1445 182 vere
1484 119 1802 214 Christiani
1842 140 2080 197 sumus,
2119 121 2182 182 in
2219 122 2340 184 isto
2377 121 2827 186 Christianitatis
2867 125 3072 184 funere
3113 141 3186 183 ac
3223 124 3404 185 busto
3425 143 3584 184 con-

646 197 1025 260 tabescimus.
1064 203 1274 262 Ierem.
1316 221 1373 278 9.
1425 221 1473 261 1.
1534 202 1591 262 O
1632 199 1681 261 si
1722 201 1857 278 quis
1894 201 2063 262 daret
2102 213 2282 280 caput
2321 219 2522 263 meum
2560 221 2689 264 esse
2728 221 2945 283 aquaS,
2983 204 3040 264 δι
3081 204 3322 264 oculum
3363 221 3581 266 meum

646 279 1061 358 scaturiginem
1103 284 1527 374 lacrymarum,
1570 291 1639 342 vt
1674 280 1953 344 deflerem
1993 282 2250 344 interdiu
2291 285 2346 344 δι
2389 293 2574 344 noctu
2617 293 2707 343 tot
2750 285 3011 345 funestos
3050 301 3222 344 casus
3263 284 3472 344 mundi
3516 287 3582 346 ἃ

648 361 1053 422 cruentissima
1094 360 1379 422 ecclesiae
1418 361 1693 440 vulnera,
1734 362 1921 440 intuS,
1965 361 2107 424 foris
2120 409 2138 442 ,
2177 366 2214 423 a
2253 362 2627 438 domesticis
2669 363 2748 424 ab
2781 364 2992 425 exteris
3029 363 3477 442 indignissime
3461 385 3580 425 im-

650 441 873 521 posita!
932 442 991 504 Ο
1046 441 1093 502 si
1136 441 1267 519 quis
1305 453 1557 522 poneret
1597 461 1695 503 me
1734 442 1795 502 in
1835 443 2102 524 deserte,
2153 443 2212 504 in
2255 443 2602 505 deuersorio
2639 443 2956 522 viatorum,
2997 456 3060 504 vt
3097 443 3578 523 derelinquerem

648 527 937 616 populum
997 523 1175 584 istum
1231 523 1548 603 rebellem,
1596 523 1652 583 &
1700 522 1927 583 abirem
1979 523 2056 584 ab
2107 542 2183 584 eo
2239 523 2593 601 migraturus
2631 525 2709 584 ad
2750 524 3062 585 dominum
3100 541 3330 603 meum,
3365 526 3578 586 Deum

649 604 908 666 veritatis
969 621 1123 696 quae
1183 604 1409 680 exulat,
1472 605 1528 664 δι
1578 604 1773 663 Deum
1828 603 1990 682 pacis
2046 621 2198 682 quae
2237 607 2274 665 a
2317 603 2446 664 filiis
2486 603 2646 681 pacis
2684 605 3091 682 oppugnatur!
3154 604 3332 665 Libet
3371 605 3576 684 enim,

650 685 923 762 adeoque
964 681 1314 745 iustissimus
1357 685 1534 744 dolor
1574 683 1735 784 cogit
1774 701 1872 744 me
1911 699 2222 762 erumpere
2259 683 2322 744 in
2341 684 2440 744 illa
2459 684 2744 746 Ieremiae
2766 685 3102 763 Pr0phetae
3120 686 3328 745 verba:
3350 686 3578 761 quibus

650 767 944 826 funestum
982 763 1172 856 gentis
1212 781 1352 824 suae
1366 808 1384 841 ,
1424 783 1495 824 ac
1534 762 1731 841 potius
1770 764 1998 842 priscae
2035 762 2187 826 illius
2219 764 2504 826 ecclesiae
2521 775 2738 826 statum
2759 765 3126 843 deplorabat.
3167 767 3324 825 Nam
3345 765 3394 825 si
3417 767 3577 826 haec

650 857 921 924 tempora
962 862 1101 905 cum
1140 843 1253 905 illis
1290 863 1668 922 comparem,
1710 843 1957 906 omnino
1998 854 2195 906 statuo
2233 843 2334 904 illa
2373 855 2571 906 vetera
2609 855 2931 924 Vtcumque
2971 844 3186 906 fuerint
3217 845 3464 924 misera,
3483 847 3574 906 ab

649 926 739 987 his
778 924 994 986 nostris
1036 923 1201 986 omni
1240 926 1535 985 malorum
1574 943 1825 1004 genere,
1864 935 1930 986 vt
1969 925 2108 986 cum
2146 925 2431 1002 maxime,
2451 925 2758 1018 superari:
2801 926 3036 1002 Quibus
3073 942 3269 1002 neque
3299 925 3378 986 ad
3412 943 3576 986 sum·

652 1023 814 1067 mum
859 1007 927 1082 (s.
966 1007 1108 1083 679)
1148 1005 1292 1066 illud
1336 1009 1393 1066 δι
1434 1005 1673 1066 vnicurn
1717 1007 1854 1066 vere
1894 1005 2124 1066 bonum
2161 1004 2467 1068 communi
2507 1004 2704 1067 studio
2741 1017 2846 1068 aut
2883 1007 3012 1067 zelo
3049 1004 3282 1084 priuato
3323 1016 3574 1067 conten-

650 1085 839 1148 ditur.
894 1103 1088 1164 neque
1126 1085 1223 1146 via
1262 1095 1425 1148 certa
1462 1083 1541 1145 ad
1578 1084 1725 1146 illud
1762 1084 2098 1178 pertinente
2139 1085 2445 1164 insistitur,
2483 1103 2680 1164 neque
2717 1085 2948 1166 pietatis
2987 1085 3138 1147 ratio
3177 1095 3316 1146 ante
3355 1087 3572 1148 mundi

648 1167 929 1259 peruersi
970 1168 1181 1227 oculos
1229 1176 1525 1244 versatur,
1574 1181 1769 1242 neque
1820 1165 2123 1227 inclinatio
2177 1168 2256 1227 ad
2296 1165 2572 1227 iustitiam
2613 1169 2826 1242 vllam,
2865 1183 3058 1245 neque
3095 1184 3266 1227 amor
3305 1165 3572 1228 veritatis

652 1247 729 1309 ad
768 1247 971 1308 omnia
1008 1247 1157 1308 haec
1198 1246 1619 1325 consequenda
1659 1246 2036 1324 tenendaque
2079 1247 2550 1338 pernecessariae
2563 1292 2580 1325 ,
2621 1265 2818 1324 neque
2855 1245 3205 1326 prudentiae
3243 1247 3460 1308 modus
3485 1247 3572 1308 ad

651 1326 959 1420 publicum
998 1326 1413 1405 priuatumque
1451 1326 1681 1387 bonum
1720 1325 1781 1387 in
1825 1345 1974 1404 pace
2011 1329 2067 1388 81
2107 1326 2497 1388 sanctimonia
2537 1328 3040 1405 promouendum:
3083 1327 3202 1388 Sed
3241 1329 3450 1418 contra
3477 1333 3572 1400 (vt

649 1407 845 1468 verbis
882 1408 1207 1486 prophetae
1246 1417 1479 1467 vtamur
1514 1407 1693 1483 (Psal.
1740 1426 1831 1480 14.
1874 1409 1958 1484 3.)
1996 1425 2206 1468 omnes
2244 1405 2494 1468 omnino
2532 1418 2920 1486 corrumpunt
2951 1407 3076 1468 vias
3097 1425 3262 1486 suaS,
3283 1405 3347 1466 ιιι
3365 1417 3572 1468 mente

650 1488 913 1581 ipsorum
967 1487 1329 1580 impietatem
1380 1489 1611 1578 colunt,
1666 1489 1721 1548 &
1768 1486 2201 1550 abominandas
2252 1487 2516 1549 actiones
2557 1487 2760 1548 animo
2799 1498 3140 1567 perpetrant
3154 1533 3172 1568 ,
3211 1453 3402 1565 reipsa
3439 1507 3569 1548 non

654 1581 742 1631 oet
780 1571 883 1648 qui
922 1568 1101 1629 faciat
1141 1570 1369 1629 bonum
1409 1567 1520 1628 sibi
1560 1532 1705 1646 ipsi,
1744 1567 1968 1628 nedum
2010 1569 2172 1630 fratri
2211 1570 2268 1630 δι
2309 1584 2600 1629 conseruo
2641 1585 2772 1630 su0.

730 1651 803 1710 In
842 1649 957 1709 hac
997 1659 1161 1709 tanta
1204 1658 1397 1727 strage
1436 1645 1721 1724 ruinaque
1760 1647 2078 1710 miserabili
2123 1647 2286 1710 orbis
2325 1647 2644 1710 Christiani
2657 1693 2674 1727 ,
2714 1665 2894 1726 quem
2925 1665 3034 1709 sua
3049 1647 3246 1740 ‘ipsius
3267 1649 3568 1726 membra,

648 1741 779 1792 tum
828 1731 1113 1790 aduersus
1165 1729 1387 1821 seipsa,
1440 1737 1567 1788 tum
1621 1730 1763 1789 vero
1818 1725 1972 1790 inter
2022 1748 2086 1790 se
2124 1726 2478 1808 pugnantia,
2519 1728 2862 1806 praesertim
2899 1726 3200 1821 religionis
3238 1728 3294 1787 81
3334 1727 3569 1806 pietatis

652 1809 897 1872 nomine
912 1855 931 1884 ,
990 1812 1251 1870 lacerant
1310 1806 1749 1900 indignissime,
1811 1810 1866 1869 δι
1916 1813 2100 1888 porro
2151 1807 2600 1902 pessumdamra
2651 1819 2822 1888 sunt,
2861 1808 2972 1870 nisi
3009 1808 3278 1870 salutaris
3315 1813 3354 1868 a
3391 1809 3566 1870 caelo

655 1907 863 1952 manus
904 1889 1019 1951 Dei
1060 1889 1265 1950 fecerit
1304 1887 1685 1950 medicinam.
1746 1888 1911 1964 Quid
1948 1907 2218 1970 agerem,
2257 1888 2370 1950 nisi
2407 1901 2472 1950 vt
2511 1892 2722 1950 oculos
2759 1908 2926 1951 meos
2963 1890 3024 1949 in
3063 1891 3294 1950 caelum
3333 1889 3566 1980 attolle-

652 1990 778 2032 rem
837 1971 919 2032 ad
966 1971 1165 2030 Deum
1206 1969 1407 2030 salutis
1443 1977 1716 2061 nostrae,
1754 1971 1813 2030 δι
1850 1969 1953 2030 illa
1993 1989 2160 2030 arma
2197 1968 2434 2030 militiae
2473 1979 2712 2031 nostrae
2751 1969 3028 2048 spiritalia
3065 1967 3308 2030 caelitus
3351 1967 3568 2030 emissa

654 2049 1043 2130 corriperem,
1104 2061 1169 2110 vt
1228 2048 1289 2110 in
1342 2047 1459 2110 Dei
1510 2049 1755 2110 nomine
1809 2050 1929 2124 (cui
1968 2047 2196 2128 serui0,
2243 2053 2298 2112 δι
2345 2047 2649 2111 Ecclesiae
2702 2050 3030 2111 catholicae
3069 2047 3196 2110 eius
3233 2048 3568 2110 secundum

650 2133 868 2210 ipsum)
906 2133 1115 2190 fratres
1154 2148 1351 2208 meos,
1392 2130 1449 2190 δι
1484 2130 1751 2190 membra
1788 2129 2040 2208 Christi,
2079 2141 2200 2190 tarn
2240 2147 2392 2208 quae
2432 2142 2648 2192 vocata
2667 2143 2868 2192 sancta
2881 2174 2900 2208 ,
2920 2133 3100 2207 quam
3119 2148 3274 2206 quae
3293 2129 3566 2190 vocanda

652 2231 758 2291 per
797 2211 910 2272 Dei
949 2209 1227 2288 gratiam,
1270 2229 1542 2302 sermone
1582 2210 1639 2268 δι
1679 2213 1951 2288 exemplo
1993 2211 2066 2288 (si
2102 2209 2250 2288 quid
2288 2211 2562 2288 exemplo
2601 2215 2869 2290 possum)
2908 2212 2988 2271 ad
3026 2230 3236 2301 pacem
3258 2209 3565 2270 vnitatem-

650 2310 769 2371 que
808 2291 1044 2368 spiritus
1082 2307 1395 2362 reuocem,
1436 2288 1500 2350 in
1540 2290 1761 2350 vnitate
1800 2291 2072 2369 corporis
2110 2290 2266 2351 illius
2303 2291 2472 2369 quod
2512 2292 2674 2352 Deus
2715 2289 2964 2352 redemit
3003 2309 3106 2350 san
3153 2289 3288 2352 uine
3321 2285 3471 2352 suo?

732 2373 931 2449 Quam
986 2371 1066 2431 ad
1118 2389 1245 2431 rem
1294 2369 1556 2463 primum
1600 2371 1799 2430 Deum
1850 2370 2326 2464 omnipotentem
2367 2389 2478 2432 oro
2519 2373 2794 2451 supplex,
2835 2371 3069 2432 Patrem
3151 2369 3339 2431 omini
3377 2369 3568 2430 nostri

652 2458 787 2514 Iesu
827 2451 1079 2529 Christi,
1120 2471 1195 2513 ex
1236 2468 1357 2529 quo
1396 2450 1589 2513 omnis
1630 2450 1910 2531 cognatio
1965 2450 2303 2513 nominatur
2341 2451 2402 2511 in
2443 2454 2612 2513 caelo
2653 2455 2709 2514 81
2747 2462 2932 2529 terra,
2971 2452 3168 2512 Deum
3209 2450 3470 2513 veritatis
3509 2454 3568 2512 δι

652 2533 841 2612 pacis,
882 2544 946 2593 vt
986 2531 1215 2593 abiecta
1256 2531 1483 2593 ratione
1520 2542 1902 2624 peccatorum
1944 2542 2036 2594 tot
2075 2533 2130 2593 δι
2170 2542 2473 2593 tantorum
2488 2578 2507 2611 ,
2539 2532 2756 2611 quibus
2797 2533 3162 2593 maiestatem
3190 2530 3370 2610 ipsius
3391 2534 3446 2592 &
3465 2530 3562 2607 alij

650 2613 799 2675 alios
853 2614 984 2691 plus
1034 2611 1177 2673 satis
1230 2611 1611 2690 offenfflmuS,
1654 2611 1956 2673 veritatem
1999 2630 2170 2673 suam
2209 2613 2575 2675 demonstret
2616 2612 2942 2674 errantibus
2957 2656 2975 2689 ,
3017 2614 3072 2671 δι
3113 2630 3313 2673 veram
3355 2630 3568 2689 pacem

647 2693 803 2755 intus
848 2694 904 2753 &
945 2692 1089 2753 foris
1126 2690 1383 2753 stabiliat
1398 2738 1415 2769 ,
1454 2690 1575 2770 qua
1594 2657 1707 2769 alij
1748 2691 1895 2753 alios
1937 2696 2121 2771 ferre,
2163 2693 2218 2753 δι
2259 2711 2468 2755 omnes
2487 2694 2567 2753 ad
2599 2695 2800 2754 Deum
2827 2693 3192 2755 contendere
3221 2710 3344 2753 vno
3362 2692 3566 2753 animo

649 2772 944 2853 possimus
985 2772 1043 2834 in
1087 2772 1323 2834 Christo
1364 2775 1499 2834 Iesu
1541 2772 1921 2863 redemptore
1958 2774 2018 2833 δι
2055 2782 2356 2835 smntore
2395 2784 2622 2835 nostre.
2663 2771 2898 2834 Deinde
2937 2777 3082 2835 vero
3121 2773 3328 2833 fratres
3355 2790 3568 2833 omnes

650 2874 816 2915 meos
829 2898 847 2929 ,
902 2856 1107 2914 fratres
1150 2853 1441 2931 (inquam)
1480 2855 1535 2914 &
1576 2851 1887 2914 vniuersali
1926 2862 2068 2915 natu
2081 2872 2183 2915 rae
2219 2854 2383 2934 lege,
2425 2857 2480 2916 δι
2520 2852 2826 2915 communi
2865 2852 3178 2915 vocatione
3217 2850 3472 2943 gratiae,
3511 2854 3572 2912 δι

648 2934 931 3026 singulari
968 2933 1205 3011 spiritus
1244 2932 1815 3013 communicatione,
1854 2943 2098 3027 rogatos
2138 2934 2278 2994 volo
2319 2898 2500 3011 quam
2540 2932 2983 3013 diligentissime
3022 2952 3129 3011 per
3159 2950 3419 2993 summas
3439 2897 3570 2993 illas

648 3014 763 3077 Dei
823 3013 1227 3076 miserationes
1240 3058 1260 3093 ,
1323 3016 1478 3091 quae
1536 3013 1711 3075 nobis
1769 2980 2042 3106 perituris
2093 3016 2468 3094 affulserunt,
2521 3016 2576 3074 δι
2631 3013 2828 3075 adhuc
2865 3032 2978 3075 nos
3017 3013 3470 3090 circumfulgent
3505 3012 3570 3073 in

651 3094 818 3157 malis
859 3093 1075 3156 nostris
1116 3095 1292 3172 (proh
1333 3094 1534 3169 dolor)
1574 3104 1919 3172 pereuntes·
1960 3092 2010 3155 si
2049 3112 2167 3171 qua
2207 3104 2296 3156 est
2334 3059 2670 3157 consolatio
2711 3092 2772 3155 in
2813 3094 3052 3155 Christo
3065 3138 3083 3172 ,
3125 3092 3172 3155 si
3213 3093 3380 3170 quod
3415 3094 3568 3153 sola·

650 3176 799 3237 tium
860 3173 1158 3236 charitatis
1172 3219 1190 3253 ,
1252 3176 1299 3235 si
1350 3191 1469 3253 qua
1521 3174 1866 3235 communio
1920 3173 2156 3255 spiritus
2171 3220 2187 3253 ,
2243 3174 2291 3235 si
2332 3192 2488 3252 quae
2524 3174 2755 3236 viscera
2795 3194 2868 3235 ac
2910 3173 3348 3251 miserationes,
3387 3183 3454 3233 vt
3491 3172 3570 3233 de

654 3256 950 3335 explendo
1012 3266 1350 3316 sanctorum
1412 3252 1635 3333 gaudio
1696 3272 1934 3316 mecum
1995 3256 2268 3317 laborent
2320 3254 2796 3347 diligentissime3
2837 3265 2901 3315 vt
2937 3254 3148 3316 itidem
3185 3252 3302 3313 sint
3341 3250 3570 3327 affecti,

654 3336 907 3399 eandem
959 3335 1305 3397 charitatem
1358 3336 1676 3413 habentes»,
1727 3336 2034 3397 vnanimes
2087 3338 2143 3397 81
2182 3334 2486 3397 sententiis
2525 3336 2656 3415 vni3
2694 3333 2842 3395 nihil
2876 3346 3148 3414 gerentes
3185 3351 3309 3425 per
3327 3343 3572 3395 conten-

654 3418 883 3479 tionem
922 3427 1025 3478 aut
1063 3436 1172 3497 per
1210 3416 1448 3478 inanem
1497 3414 1781 3495 gloriam,
1822 3416 1927 3477 sed
1965 3434 2038 3477 ex
2079 3415 2370 3477 modestia
2409 3416 2505 3491 alij
2526 3380 2676 3477 alios
2695 3413 2808 3476 sibi
2827 3426 3126 3507 praestare
3145 3412 3573 3491 existimantes,

654 3499 903 3577 quisque
952 3516 1079 3558 non
1130 3514 1237 3558 sua
1272 3507 1585 3589 spectent,
1636 3496 1745 3557 sed
1784 3494 1964 3555 etiam
2003 3512 2154 3573 quae
2195 3506 2329 3557 sunt
2369 3495 2650 3557 aliorum.
2709 3494 2982 3573 Denique
3022 3494 3072 3557 is
3111 3494 3184 3557 sit
3223 3496 3471 3555 affectus
3511 3492 3572 3553 ιιι

650 3579 827 3641 nobis
868 3576 1145 3639 omnibus
1186 3578 1289 3655 qui
1329 3576 1389 3637 in
1434 3577 1672 3638 Christo
1715 3578 1885 3651 lesu,
1924 3578 2088 3636 velut
2108 3574 2302 3653 capite
2321 3578 2377 3637 δι
2397 3594 2633 3637 summo
2657 3575 2977 3653 exemplari
2995 3586 3220 3636 nostro.
3263 3575 3577 3635 Postremo

652 3670 878 3735 autem,
920 3657 1061 3737 quia
1100 3659 1175 3719 de
1215 3659 1335 3720 hoc
1372 3657 1505 3737 ipso
1548 3667 1931 3750 argumento,
1973 3656 2118 3717 dum
2157 3656 2356 3717 omnia
2394 3654 2548 3719 inter
2583 3654 2950 3717 Christianos
2981 3654 3192 3717 misere
3211 3653 3576 3716 clamoribus

653 3741 709 3800 81
755 3738 1281 3801 vociferationibus
1318 3736 1824 3817 impotentnssimis
1864 3746 2218 3815 personant,
2259 3735 2484 3797 artibus
2523 3745 2893 3813 euertuntur,
2931 3739 2988 3797 δι
3028 3745 3407 3797 cruentantur
3443 3753 3578 3795 cae-

655 3822 833 3881 dibus
874 3818 1155 3882 constitui
1196 3820 1528 3879 secundum
1567 3820 1765 3878 Deum
1806 3836 1881 3877 ex
1920 3816 2290 3877 sanctissimo
2310 3814 2490 3893 ipsius
2511 3816 2696 3877 verbo
2716 3816 2940 3893 aliquid
2960 3814 3388 3895 pronunciare,
3405 3815 3574 3891 quod

654 3900 981 3961 secundum
1023 3898 1329 3959 veritatem
1368 3900 1424 3959 δι
1466 3898 1813 3959 charitatem
1854 3900 2057 3973 (quam
2098 3895 2375 3957 omnibus
2405 3895 2717 3974 imperauit
2748 3898 2936 3972 Deus)
2955 3896 3036 3956 ad
3056 3896 3362 3957 vtilitatem
3367 3860 3576 3970 publi-

658 4000 794 4042 cam
854 3979 1054 4041 iudico
1103 3979 1427 4058 pertinere!
1490 3981 1635 4043 Peto
1686 3978 1765 4041 ab
1820 3976 2098 4039 omnibus
2137 3978 2192 4037 δι
2233 3976 2476 4055 singulis
2517 3979 2700 4055 quam
2739 3994 2982 4054 possum
3019 3976 3444 4053 amantissime,
3425 3992 3573 4115 ,ng

3423 4072 3528 4131 qm
