<?xml version="1.0" encoding="UTF-8"?>
<!DOCTYPE html PUBLIC "-//W3C//DTD XHTML 1.0 Transitional//EN"
    "http://www.w3.org/TR/xhtml1/DTD/xhtml1-transitional.dtd">
<html xmlns="http://www.w3.org/1999/xhtml" xml:lang="en" lang="en">
 <head>
  <title>
</title>
<meta http-equiv="Content-Type" content="text/html;charset=utf-8" />
  <meta name='ocr-system' content='tesseract 3.04.00' />
  <meta name='ocr-capabilities' content='ocr_page ocr_carea ocr_par ocr_line ocrx_word'/>
</head>
<body>
  <div class='ocr_page' id='page_1' title='image "./dfranciscijunii00junigoog_0013.png"; bbox 0 0 3923 4875; ppageno 0'>
   <div class='ocr_carea' id='block_1_1' title="bbox 558 255 2326 316">
    <p class='ocr_par' dir='ltr' id='par_1_1' title="bbox 558 255 2326 316">
     <span class='ocr_line' id='line_1_1' title="bbox 558 255 2326 316; baseline -0.006 0"><span class='ocrx_word' id='word_1_1' title='bbox 558 265 693 316; x_wconf 83' lang='lat' dir='ltr'>VIII</span> <span class='ocrx_word' id='word_1_2' title='bbox 1726 255 2326 308; x_wconf 73' lang='lat' dir='ltr'>PRAEFATIO.</span> 
     </span>
    </p>
   </div>
   <div class='ocr_carea' id='block_1_2' title="bbox 548 432 3507 4361">
    <p class='ocr_par' dir='ltr' id='par_1_2' title="bbox 550 432 3502 2534">
     <span class='ocr_line' id='line_1_2' title="bbox 560 432 3492 524; baseline 0 -20"><span class='ocrx_word' id='word_1_3' title='bbox 560 437 800 505; x_wconf 85' lang='lat' dir='ltr'>nostris</span> <span class='ocrx_word' id='word_1_4' title='bbox 842 435 1267 524; x_wconf 82' lang='lat' dir='ltr'>cupientibus</span> <span class='ocrx_word' id='word_1_5' title='bbox 1281 483 1299 515; x_wconf 91' lang='lat'>,</span> <span class='ocrx_word' id='word_1_6' title='bbox 1342 433 1474 500; x_wconf 86' lang='lat' dir='ltr'>hoc</span> <span class='ocrx_word' id='word_1_7' title='bbox 1516 433 1587 499; x_wconf 90' lang='lat' dir='ltr'>in</span> <span class='ocrx_word' id='word_1_8' title='bbox 1622 432 1855 517; x_wconf 84' lang='lat' dir='ltr'>paucis</span> <span class='ocrx_word' id='word_1_9' title='bbox 1888 432 2131 498; x_wconf 87' lang='lat' dir='ltr'>invicte</span> <span class='ocrx_word' id='word_1_10' title='bbox 2161 451 2552 517; x_wconf 86' lang='lat' dir='ltr'>persuasum</span> <span class='ocrx_word' id='word_1_11' title='bbox 2585 440 2707 512; x_wconf 87' lang='lat' dir='ltr'>est,</span> <span class='ocrx_word' id='word_1_12' title='bbox 2755 453 3122 520; x_wconf 82' lang='lat' dir='ltr'>numquam</span> <span class='ocrx_word' id='word_1_13' title='bbox 3159 435 3492 504; x_wconf 87' lang='lat' dir='ltr'>tumidum</span> 
     </span>
     <span class='ocr_line' id='line_1_3' title="bbox 556 523 3490 614; baseline -0.001 -16"><span class='ocrx_word' id='word_1_14' title='bbox 556 527 990 597; x_wconf 85' lang='lat' dir='ltr'>rationalismi</span> <span class='ocrx_word' id='word_1_15' title='bbox 1031 535 1424 606; x_wconf 84' lang='lat' dir='ltr'><strong>torrentem,</strong></span> <span class='ocrx_word' id='word_1_16' title='bbox 1470 526 1585 609; x_wconf 89' lang='lat' dir='ltr'>qui</span> <span class='ocrx_word' id='word_1_17' title='bbox 1628 545 1750 610; x_wconf 90' lang='lat' dir='ltr'>per</span> <span class='ocrx_word' id='word_1_18' title='bbox 1792 533 1897 589; x_wconf 89' lang='lat' dir='ltr'>tot</span> <span class='ocrx_word' id='word_1_19' title='bbox 1942 525 2078 589; x_wconf 89' lang='lat' dir='ltr'>iam</span> <span class='ocrx_word' id='word_1_20' title='bbox 2115 543 2330 589; x_wconf 89' lang='lat' dir='ltr'>annos</span> <span class='ocrx_word' id='word_1_21' title='bbox 2377 533 2526 590; x_wconf 90' lang='lat' dir='ltr'>sata</span> <span class='ocrx_word' id='word_1_22' title='bbox 2563 523 2749 592; x_wconf 80' lang='lat' dir='ltr'>laeta</span> <span class='ocrx_word' id='word_1_23' title='bbox 2769 526 3089 593; x_wconf 69' lang='lat' dir='ltr'>ecclesiae</span> <span class='ocrx_word' id='word_1_24' title='bbox 3111 537 3490 614; x_wconf 82' lang='lat' dir='ltr'>pastorum-</span> 
     </span>
     <span class='ocr_line' id='line_1_4' title="bbox 550 614 3494 708; baseline 0 -21"><span class='ocrx_word' id='word_1_25' title='bbox 550 641 685 708; x_wconf 86' lang='lat' dir='ltr'>que</span> <span class='ocrx_word' id='word_1_26' title='bbox 725 620 993 687; x_wconf 86' lang='lat' dir='ltr'>labores</span> <span class='ocrx_word' id='word_1_27' title='bbox 1036 621 1302 702; x_wconf 91' lang='lat' dir='ltr'>stravit,</span> <span class='ocrx_word' id='word_1_28' title='bbox 1349 617 1635 684; x_wconf 71' lang='lat' dir='ltr'>coerceri</span> <span class='ocrx_word' id='word_1_29' title='bbox 1684 635 1883 700; x_wconf 89' lang='lat' dir='ltr'>posse</span> <span class='ocrx_word' id='word_1_30' title='bbox 1928 623 2048 682; x_wconf 91' lang='lat' dir='ltr'>aut</span> <span class='ocrx_word' id='word_1_31' title='bbox 2086 614 2485 701; x_wconf 87' lang='lat' dir='ltr'>perdomari,</span> <span class='ocrx_word' id='word_1_32' title='bbox 2521 615 2644 681; x_wconf 89' lang='lat' dir='ltr'>nisi</span> <span class='ocrx_word' id='word_1_33' title='bbox 2679 617 2820 683; x_wconf 90' lang='lat' dir='ltr'>iure</span> <span class='ocrx_word' id='word_1_34' title='bbox 2854 617 3238 704; x_wconf 87' lang='lat' dir='ltr'>postliminii</span> <span class='ocrx_word' id='word_1_35' title='bbox 3343 628 3494 687; x_wconf 87' lang='lat' dir='ltr'>reta</span> 
     </span>
     <span class='ocr_line' id='line_1_5' title="bbox 556 706 3492 798; baseline -0 -19"><span class='ocrx_word' id='word_1_36' title='bbox 556 713 809 780; x_wconf 89' lang='lat' dir='ltr'>dudum</span> <span class='ocrx_word' id='word_1_37' title='bbox 868 730 1271 798; x_wconf 89' lang='lat' dir='ltr'>proavorum</span> <span class='ocrx_word' id='word_1_38' title='bbox 1332 706 1662 774; x_wconf 79' lang='lat' dir='ltr'>confessio</span> <span class='ocrx_word' id='word_1_39' title='bbox 1720 708 1809 772; x_wconf 89' lang='lat' dir='ltr'>ad</span> <span class='ocrx_word' id='word_1_40' title='bbox 1852 727 1929 772; x_wconf 89' lang='lat' dir='ltr'>os</span> <span class='ocrx_word' id='word_1_41' title='bbox 1975 729 2016 773; x_wconf 93' lang='lat' dir='ltr'>e</span> <span class='ocrx_word' id='word_1_42' title='bbox 2075 709 2277 775; x_wconf 90' lang='lat' dir='ltr'>corde</span> <span class='ocrx_word' id='word_1_43' title='bbox 2321 708 2548 774; x_wconf 90' lang='lat' dir='ltr'>redeat</span> <span class='ocrx_word' id='word_1_44' title='bbox 2570 757 2590 790; x_wconf 90' lang='lat'>,</span> <span class='ocrx_word' id='word_1_45' title='bbox 2647 709 2846 794; x_wconf 88' lang='lat' dir='ltr'>inque</span> <span class='ocrx_word' id='word_1_46' title='bbox 2889 711 3158 796; x_wconf 87' lang='lat' dir='ltr'>templis</span> <span class='ocrx_word' id='word_1_47' title='bbox 3203 732 3242 778; x_wconf 92' lang='lat' dir='ltr'>e</span> <span class='ocrx_word' id='word_1_48' title='bbox 3317 711 3492 780; x_wconf 89' lang='lat' dir='ltr'>abiis</span> 
     </span>
     <span class='ocr_line' id='line_1_6' title="bbox 555 797 3494 887; baseline 0.001 -18"><span class='ocrx_word' id='word_1_49' title='bbox 555 805 1009 870; x_wconf 85' lang='lat' dir='ltr'>ministrorum</span> <span class='ocrx_word' id='word_1_50' title='bbox 1067 803 1507 868; x_wconf 77' lang='lat' dir='ltr'><strong>circumtenet</strong></span> <span class='ocrx_word' id='word_1_51' title='bbox 1566 801 1801 867; x_wconf 88' lang='lat' dir='ltr'>iterum</span> <span class='ocrx_word' id='word_1_52' title='bbox 1848 800 2244 866; x_wconf 79' lang='lat' dir='ltr'><strong>intaminata</strong></span> <span class='ocrx_word' id='word_1_53' title='bbox 2261 849 2278 878; x_wconf 89' lang='lat'>,</span> <span class='ocrx_word' id='word_1_54' title='bbox 2318 819 2524 885; x_wconf 90' lang='lat' dir='ltr'>quam</span> <span class='ocrx_word' id='word_1_55' title='bbox 2569 799 2640 864; x_wconf 88' lang='lat' dir='ltr'>in</span> <span class='ocrx_word' id='word_1_56' title='bbox 2689 797 3070 887; x_wconf 87' lang='lat' dir='ltr'>Scripturae</span> <span class='ocrx_word' id='word_1_57' title='bbox 3107 803 3281 871; x_wconf 84' lang='lat' dir='ltr'>atrio</span> <span class='ocrx_word' id='word_1_58' title='bbox 3328 803 3494 872; x_wconf 87' lang='lat' dir='ltr'>olim</span> 
     </span>
     <span class='ocr_line' id='line_1_7' title="bbox 556 890 3496 984; baseline 0 -24"><span class='ocrx_word' id='word_1_59' title='bbox 556 896 791 984; x_wconf 80' lang='lat' dir='ltr'>proavi</span> <span class='ocrx_word' id='word_1_60' title='bbox 858 895 1251 980; x_wconf 85' lang='lat' dir='ltr'>exciperant</span> <span class='ocrx_word' id='word_1_61' title='bbox 1266 943 1283 972; x_wconf 92' lang='lat'>,</span> <span class='ocrx_word' id='word_1_62' title='bbox 1354 893 1565 959; x_wconf 90' lang='lat' dir='ltr'>dulcis</span> <span class='ocrx_word' id='word_1_63' title='bbox 1624 910 1840 976; x_wconf 91' lang='lat' dir='ltr'>aeque</span> <span class='ocrx_word' id='word_1_64' title='bbox 1896 898 2096 976; x_wconf 91' lang='lat' dir='ltr'>atque</span> <span class='ocrx_word' id='word_1_65' title='bbox 2140 890 2424 958; x_wconf 84' lang='lat' dir='ltr'>acerbae</span> <span class='ocrx_word' id='word_1_66' title='bbox 2515 910 2638 956; x_wconf 89' lang='lat' dir='ltr'>ura</span> <span class='ocrx_word' id='word_1_67' title='bbox 2680 893 2974 959; x_wconf 89' lang='lat' dir='ltr'>veritatis</span> <span class='ocrx_word' id='word_1_68' title='bbox 3011 914 3171 960; x_wconf 85' lang='lat' dir='ltr'>vox.</span> <span class='ocrx_word' id='word_1_69' title='bbox 3233 893 3496 964; x_wconf 89' lang='lat' dir='ltr'>Indicia</span> 
     </span>
     <span class='ocr_line' id='line_1_8' title="bbox 558 981 3496 1068; baseline -0.001 -14"><span class='ocrx_word' id='word_1_70' title='bbox 558 987 755 1054; x_wconf 87' lang='lat' dir='ltr'>huius</span> <span class='ocrx_word' id='word_1_71' title='bbox 806 1007 1025 1052; x_wconf 87' lang='lat' dir='ltr'>rerum</span> <span class='ocrx_word' id='word_1_72' title='bbox 1082 985 1530 1052; x_wconf 81' lang='lat' dir='ltr'><strong>conversionis</strong></span> <span class='ocrx_word' id='word_1_73' title='bbox 1576 982 2024 1067; x_wconf 84' lang='lat' dir='ltr'>undequaque</span> <span class='ocrx_word' id='word_1_74' title='bbox 2069 981 2384 1068; x_wconf 75' lang='lat' dir='ltr'>colligas!</span> <span class='ocrx_word' id='word_1_75' title='bbox 2507 991 2762 1050; x_wconf 88' lang='lat' dir='ltr'>rostant</span> <span class='ocrx_word' id='word_1_76' title='bbox 2804 985 2874 1050; x_wconf 91' lang='lat' dir='ltr'>in</span> <span class='ocrx_word' id='word_1_77' title='bbox 2920 985 3217 1052; x_wconf 82' lang='lat' dir='ltr'>ecclesiis</span> <span class='ocrx_word' id='word_1_78' title='bbox 3262 984 3496 1056; x_wconf 86' lang='lat' dir='ltr'>liberis</span> 
     </span>
     <span class='ocr_line' id='line_1_9' title="bbox 556 1073 3496 1164; baseline 0 -20"><span class='ocrx_word' id='word_1_79' title='bbox 556 1080 655 1145; x_wconf 83' lang='lat' dir='ltr'>sic</span> <span class='ocrx_word' id='word_1_80' title='bbox 696 1078 890 1146; x_wconf 88' lang='lat' dir='ltr'>dictis</span> <span class='ocrx_word' id='word_1_81' title='bbox 907 1127 926 1160; x_wconf 88' lang='lat'>‚</span> <span class='ocrx_word' id='word_1_82' title='bbox 970 1097 1142 1164; x_wconf 89' lang='lat' dir='ltr'>quas</span> <span class='ocrx_word' id='word_1_83' title='bbox 1176 1076 1387 1143; x_wconf 83' lang='lat' dir='ltr'>laetas</span> <span class='ocrx_word' id='word_1_84' title='bbox 1433 1075 1674 1160; x_wconf 77' lang='lat' dir='ltr'>aspicit</span> <span class='ocrx_word' id='word_1_85' title='bbox 1718 1073 2055 1154; x_wconf 89' lang='lat' dir='ltr'>Helvetia,</span> <span class='ocrx_word' id='word_1_86' title='bbox 2101 1073 2340 1154; x_wconf 90' lang='lat' dir='ltr'>Gallia,</span> <span class='ocrx_word' id='word_1_87' title='bbox 2379 1073 2634 1160; x_wconf 89' lang='lat' dir='ltr'>Belgia.</span> <span class='ocrx_word' id='word_1_88' title='bbox 2673 1073 2898 1141; x_wconf 83' lang='lat' dir='ltr'>Obvia</span> <span class='ocrx_word' id='word_1_89' title='bbox 2921 1085 3079 1144; x_wconf 90' lang='lat' dir='ltr'>sunt</span> <span class='ocrx_word' id='word_1_90' title='bbox 3102 1078 3171 1143; x_wconf 94' lang='lat' dir='ltr'>in</span> <span class='ocrx_word' id='word_1_91' title='bbox 3193 1077 3496 1146; x_wconf 81' lang='lat' dir='ltr'>ecclesiis</span> 
     </span>
     <span class='ocr_line' id='line_1_10' title="bbox 556 1166 3494 1256; baseline -0 -20"><span class='ocrx_word' id='word_1_92' title='bbox 556 1171 915 1256; x_wconf 79' lang='lat' dir='ltr'>separatiS,</span> <span class='ocrx_word' id='word_1_93' title='bbox 960 1189 1140 1254; x_wconf 90' lang='lat' dir='ltr'>quae</span> <span class='ocrx_word' id='word_1_94' title='bbox 1196 1167 1413 1235; x_wconf 92' lang='lat' dir='ltr'>solido</span> <span class='ocrx_word' id='word_1_95' title='bbox 1468 1167 1785 1251; x_wconf 86' lang='lat' dir='ltr'>antiquae</span> <span class='ocrx_word' id='word_1_96' title='bbox 1828 1166 2258 1232; x_wconf 89' lang='lat' dir='ltr'>confessionis</span> <span class='ocrx_word' id='word_1_97' title='bbox 2309 1166 2747 1234; x_wconf 87' lang='lat' dir='ltr'>fundamento</span> <span class='ocrx_word' id='word_1_98' title='bbox 2781 1168 3171 1249; x_wconf 90' lang='lat' dir='ltr'>innituntur,</span> <span class='ocrx_word' id='word_1_99' title='bbox 3220 1187 3380 1236; x_wconf 89' lang='lat' dir='ltr'>cum</span> <span class='ocrx_word' id='word_1_100' title='bbox 3421 1169 3494 1235; x_wconf 83' lang='lat' dir='ltr'>in</span> 
     </span>
     <span class='ocr_line' id='line_1_11' title="bbox 555 1255 3495 1345; baseline 0 -17"><span class='ocrx_word' id='word_1_101' title='bbox 555 1259 780 1328; x_wconf 91' lang='lat' dir='ltr'>Scotia</span> <span class='ocrx_word' id='word_1_102' title='bbox 797 1310 814 1343; x_wconf 93' lang='lat'>,</span> <span class='ocrx_word' id='word_1_103' title='bbox 858 1271 1005 1328; x_wconf 90' lang='lat' dir='ltr'>tum</span> <span class='ocrx_word' id='word_1_104' title='bbox 1050 1260 1233 1345; x_wconf 90' lang='lat' dir='ltr'>apud</span> <span class='ocrx_word' id='word_1_105' title='bbox 1276 1268 1623 1327; x_wconf 82' lang='lat' dir='ltr'>nostrates.</span> <span class='ocrx_word' id='word_1_106' title='bbox 1677 1255 1850 1323; x_wconf 89' lang='lat' dir='ltr'>Sunt</span> <span class='ocrx_word' id='word_1_107' title='bbox 1882 1258 2130 1324; x_wconf 85' lang='lat' dir='ltr'>indicio</span> <span class='ocrx_word' id='word_1_108' title='bbox 2166 1256 2490 1324; x_wconf 88' lang='lat' dir='ltr'>ecclesiae</span> <span class='ocrx_word' id='word_1_109' title='bbox 2522 1257 2775 1325; x_wconf 89' lang='lat' dir='ltr'>Frisiae</span> <span class='ocrx_word' id='word_1_110' title='bbox 2811 1259 3146 1327; x_wconf 89' lang='lat' dir='ltr'>orientalis</span> <span class='ocrx_word' id='word_1_111' title='bbox 3183 1271 3254 1328; x_wconf 90' lang='lat' dir='ltr'>et</span> <span class='ocrx_word' id='word_1_112' title='bbox 3289 1259 3495 1328; x_wconf 88' lang='lat' dir='ltr'>Bent-</span> 
     </span>
     <span class='ocr_line' id='line_1_12' title="bbox 554 1349 3496 1441; baseline 0 -23"><span class='ocrx_word' id='word_1_113' title='bbox 554 1353 759 1418; x_wconf 87' lang='lat' dir='ltr'>hemii</span> <span class='ocrx_word' id='word_1_114' title='bbox 800 1352 1175 1431; x_wconf 83' lang='lat' dir='ltr'>comitatus,</span> <span class='ocrx_word' id='word_1_115' title='bbox 1236 1357 1312 1416; x_wconf 91' lang='lat' dir='ltr'>ut</span> <span class='ocrx_word' id='word_1_116' title='bbox 1359 1362 1431 1419; x_wconf 91' lang='lat' dir='ltr'>et</span> <span class='ocrx_word' id='word_1_117' title='bbox 1474 1349 1790 1417; x_wconf 69' lang='lat' dir='ltr'>ecclesiae</span> <span class='ocrx_word' id='word_1_118' title='bbox 1832 1351 1918 1439; x_wconf 78' lang='grc' dir='ltr'>τῆ</span> <span class='ocrx_word' id='word_1_119' title='bbox 1919 1376 1951 1430; x_wconf 89' lang='grc' dir='ltr'><strong>ς</strong></span> <span class='ocrx_word' id='word_1_120' title='bbox 1996 1349 2370 1441; x_wconf 72' lang='grc' dir='ltr'><strong><em>διασπορᾶς</em></strong></span> <span class='ocrx_word' id='word_1_121' title='bbox 2407 1350 2477 1414; x_wconf 88' lang='lat' dir='ltr'>in</span> <span class='ocrx_word' id='word_1_122' title='bbox 2527 1349 2887 1417; x_wconf 84' lang='lat' dir='ltr'>Germania</span> <span class='ocrx_word' id='word_1_123' title='bbox 2903 1400 2922 1432; x_wconf 91' lang='lat'>,</span> <span class='ocrx_word' id='word_1_124' title='bbox 2975 1373 3059 1418; x_wconf 89' lang='lat' dir='ltr'>ea</span> <span class='ocrx_word' id='word_1_125' title='bbox 3103 1352 3496 1437; x_wconf 85' lang='lat' dir='ltr'>praesertim</span> 
     </span>
     <span class='ocr_line' id='line_1_13' title="bbox 554 1440 3496 1530; baseline -0.001 -19"><span class='ocrx_word' id='word_1_126' title='bbox 554 1465 765 1530; x_wconf 92' lang='lat' dir='ltr'>quam</span> <span class='ocrx_word' id='word_1_127' title='bbox 826 1443 1003 1530; x_wconf 90' lang='lat' dir='ltr'>apud</span> <span class='ocrx_word' id='word_1_128' title='bbox 1062 1441 1598 1510; x_wconf 85' lang='lat' dir='ltr'>Elberfeldenses</span> <span class='ocrx_word' id='word_1_129' title='bbox 1658 1440 1959 1506; x_wconf 85' lang='lat' dir='ltr'>condidit</span> <span class='ocrx_word' id='word_1_130' title='bbox 2018 1443 2170 1524; x_wconf 90' lang='lat' dir='ltr'>piae</span> <span class='ocrx_word' id='word_1_131' title='bbox 2217 1441 2584 1508; x_wconf 86' lang='lat' dir='ltr'>memoriae</span> <span class='ocrx_word' id='word_1_132' title='bbox 2621 1442 3227 1530; x_wconf 65' lang='lat' dir='ltr'>praestantissimus</span> <span class='ocrx_word' id='word_1_133' title='bbox 3273 1441 3496 1509; x_wconf 88' lang='lat' dir='ltr'>Kohl-</span> 
     </span>
     <span class='ocr_line' id='line_1_14' title="bbox 554 1530 3497 1622; baseline 0 -20"><span class='ocrx_word' id='word_1_134' title='bbox 554 1536 895 1622; x_wconf 77' lang='lat' dir='ltr'>bruggiuS.</span> <span class='ocrx_word' id='word_1_135' title='bbox 956 1532 1131 1601; x_wconf 86' lang='lat' dir='ltr'>Sunt</span> <span class='ocrx_word' id='word_1_136' title='bbox 1174 1544 1569 1620; x_wconf 86' lang='lat' dir='ltr'>argumento</span> <span class='ocrx_word' id='word_1_137' title='bbox 1606 1531 1889 1598; x_wconf 69' lang='lat' dir='ltr'>ecclesia</span> <span class='ocrx_word' id='word_1_138' title='bbox 1933 1531 2002 1595; x_wconf 91' lang='lat' dir='ltr'>in</span> <span class='ocrx_word' id='word_1_139' title='bbox 2047 1530 2373 1617; x_wconf 86' lang='lat' dir='ltr'>Ungaria,</span> <span class='ocrx_word' id='word_1_140' title='bbox 2419 1533 2489 1598; x_wconf 91' lang='lat' dir='ltr'>in</span> <span class='ocrx_word' id='word_1_141' title='bbox 2527 1533 2856 1602; x_wconf 88' lang='lat' dir='ltr'>Bohemia</span> <span class='ocrx_word' id='word_1_142' title='bbox 2901 1535 3284 1621; x_wconf 88' lang='lat' dir='ltr'>cumprimis</span> <span class='ocrx_word' id='word_1_143' title='bbox 3321 1555 3497 1622; x_wconf 91' lang='lat' dir='ltr'>quae</span> 
     </span>
     <span class='ocr_line' id='line_1_15' title="bbox 556 1622 3496 1713; baseline 0 -19"><span class='ocrx_word' id='word_1_144' title='bbox 556 1648 773 1713; x_wconf 89' lang='lat' dir='ltr'>nuper</span> <span class='ocrx_word' id='word_1_145' title='bbox 820 1627 1079 1711; x_wconf 86' lang='lat' dir='ltr'>insigne</span> <span class='ocrx_word' id='word_1_146' title='bbox 1122 1625 1527 1691; x_wconf 83' lang='lat' dir='ltr'>liberationis</span> <span class='ocrx_word' id='word_1_147' title='bbox 1572 1623 1815 1690; x_wconf 88' lang='lat' dir='ltr'>festum</span> <span class='ocrx_word' id='word_1_148' title='bbox 1857 1622 2036 1687; x_wconf 89' lang='lat' dir='ltr'>laete</span> <span class='ocrx_word' id='word_1_149' title='bbox 2079 1643 2163 1688; x_wconf 91' lang='lat' dir='ltr'>ac</span> <span class='ocrx_word' id='word_1_150' title='bbox 2207 1623 2592 1690; x_wconf 89' lang='lat' dir='ltr'>solemniter</span> <span class='ocrx_word' id='word_1_151' title='bbox 2634 1626 3018 1694; x_wconf 88' lang='lat' dir='ltr'>celebravit.</span> <span class='ocrx_word' id='word_1_152' title='bbox 3064 1625 3496 1713; x_wconf 87' lang='lat' dir='ltr'>Argumento</span> 
     </span>
     <span class='ocr_line' id='line_1_16' title="bbox 550 1714 3495 1805; baseline -0.001 -20"><span class='ocrx_word' id='word_1_153' title='bbox 550 1721 772 1805; x_wconf 80' lang='lat' dir='ltr'>magis</span> <span class='ocrx_word' id='word_1_154' title='bbox 814 1719 1016 1784; x_wconf 87' lang='lat' dir='ltr'>etiam</span> <span class='ocrx_word' id='word_1_155' title='bbox 1061 1717 1415 1783; x_wconf 89' lang='lat' dir='ltr'>concilium</span> <span class='ocrx_word' id='word_1_156' title='bbox 1462 1715 1886 1784; x_wconf 88' lang='lat' dir='ltr'>ecclesiarum</span> <span class='ocrx_word' id='word_1_157' title='bbox 1928 1714 2388 1800; x_wconf 82' lang='lat' dir='ltr'>presbyteriali</span> <span class='ocrx_word' id='word_1_158' title='bbox 2413 1717 2732 1802; x_wconf 87' lang='lat' dir='ltr'>regimine</span> <span class='ocrx_word' id='word_1_159' title='bbox 2770 1718 3212 1802; x_wconf 85' lang='lat' dir='ltr'>gaudentium</span> <span class='ocrx_word' id='word_1_160' title='bbox 3229 1767 3248 1800; x_wconf 91' lang='lat'>,</span> <span class='ocrx_word' id='word_1_161' title='bbox 3288 1717 3495 1805; x_wconf 87' lang='lat' dir='ltr'>quod,</span> 
     </span>
     <span class='ocr_line' id='line_1_17' title="bbox 558 1805 3500 1894; baseline -0 -18"><span class='ocrx_word' id='word_1_162' title='bbox 558 1812 663 1876; x_wconf 90' lang='lat' dir='ltr'>bis</span> <span class='ocrx_word' id='word_1_163' title='bbox 722 1812 857 1875; x_wconf 90' lang='lat' dir='ltr'>iam</span> <span class='ocrx_word' id='word_1_164' title='bbox 910 1818 1218 1875; x_wconf 84' lang='lat' dir='ltr'>coactum</span> <span class='ocrx_word' id='word_1_165' title='bbox 1230 1858 1249 1890; x_wconf 86' lang='lat'>,</span> <span class='ocrx_word' id='word_1_166' title='bbox 1312 1829 1476 1874; x_wconf 83' lang='lat' dir='ltr'>mox</span> <span class='ocrx_word' id='word_1_167' title='bbox 1520 1810 1658 1874; x_wconf 88' lang='lat' dir='ltr'>iam</span> <span class='ocrx_word' id='word_1_168' title='bbox 1710 1807 1978 1872; x_wconf 89' lang='lat' dir='ltr'>tertium</span> <span class='ocrx_word' id='word_1_169' title='bbox 2033 1805 2104 1870; x_wconf 89' lang='lat' dir='ltr'>in</span> <span class='ocrx_word' id='word_1_170' title='bbox 2160 1806 2451 1873; x_wconf 72' lang='lat' dir='ltr'>Islandia</span> <span class='ocrx_word' id='word_1_171' title='bbox 2501 1807 2883 1892; x_wconf 86' lang='lat' dir='ltr'>conveniet,</span> <span class='ocrx_word' id='word_1_172' title='bbox 2953 1817 3021 1875; x_wconf 88' lang='lat' dir='ltr'>et</span> <span class='ocrx_word' id='word_1_173' title='bbox 3069 1829 3206 1874; x_wconf 89' lang='lat' dir='ltr'>non</span> <span class='ocrx_word' id='word_1_174' title='bbox 3251 1809 3500 1894; x_wconf 90' lang='lat' dir='ltr'>poterit</span> 
     </span>
     <span class='ocr_line' id='line_1_18' title="bbox 558 1897 3502 2000; baseline -0 -34"><span class='ocrx_word' id='word_1_175' title='bbox 558 1922 697 1968; x_wconf 86' lang='lat' dir='ltr'>non</span> <span class='ocrx_word' id='word_1_176' title='bbox 748 1921 789 1967; x_wconf 89' lang='lat' dir='ltr'>e</span> <span class='ocrx_word' id='word_1_177' title='bbox 830 1899 1029 1967; x_wconf 89' lang='lat' dir='ltr'>debili</span> <span class='ocrx_word' id='word_1_178' title='bbox 1086 1907 1400 1966; x_wconf 80' lang='lat' dir='ltr'>externae</span> <span class='ocrx_word' id='word_1_179' title='bbox 1462 1899 1733 1984; x_wconf 87' lang='lat' dir='ltr'>politiae</span> <span class='ocrx_word' id='word_1_180' title='bbox 1798 1897 2260 1964; x_wconf 89' lang='lat' dir='ltr'>convenientia</span> <span class='ocrx_word' id='word_1_181' title='bbox 2323 1898 2508 1966; x_wconf 92' lang='lat' dir='ltr'>brevi</span> <span class='ocrx_word' id='word_1_182' title='bbox 2559 1900 2647 1965; x_wconf 91' lang='lat' dir='ltr'>ad</span> <span class='ocrx_word' id='word_1_183' title='bbox 2693 1900 3102 1966; x_wconf 88' lang='lat' dir='ltr'>stabiliorem</span> <span class='ocrx_word' id='word_1_184' title='bbox 3149 1900 3502 2000; x_wconf 75' lang='lat' dir='ltr'>spiritualis</span> 
     </span>
     <span class='ocr_line' id='line_1_19' title="bbox 556 1989 3500 2078; baseline 0 -19"><span class='ocrx_word' id='word_1_185' title='bbox 556 1991 979 2078; x_wconf 82' lang='lat' dir='ltr'>professionis</span> <span class='ocrx_word' id='word_1_186' title='bbox 1045 1992 1454 2059; x_wconf 81' lang='lat' dir='ltr'>adscendere</span> <span class='ocrx_word' id='word_1_187' title='bbox 1518 1997 1937 2057; x_wconf 87' lang='lat' dir='ltr'>concentum.</span> <span class='ocrx_word' id='word_1_188' title='bbox 2053 1989 2478 2075; x_wconf 84' lang='lat' dir='ltr'>Argumento</span> <span class='ocrx_word' id='word_1_189' title='bbox 2541 1991 2831 2077; x_wconf 91' lang='lat' dir='ltr'>denique</span> <span class='ocrx_word' id='word_1_190' title='bbox 2845 2041 2866 2071; x_wconf 94' lang='lat'>,</span> <span class='ocrx_word' id='word_1_191' title='bbox 2937 1991 2994 2056; x_wconf 86' lang='lat' dir='ltr'>si</span> <span class='ocrx_word' id='word_1_192' title='bbox 3055 1991 3187 2057; x_wconf 88' lang='lat' dir='ltr'>hoc</span> <span class='ocrx_word' id='word_1_193' title='bbox 3250 1993 3500 2061; x_wconf 85' lang='lat' dir='ltr'>addere</span> 
     </span>
     <span class='ocr_line' id='line_1_20' title="bbox 558 2080 3500 2168; baseline 0.001 -19"><span class='ocrx_word' id='word_1_194' title='bbox 558 2085 713 2150; x_wconf 89' lang='lat' dir='ltr'>licet</span> <span class='ocrx_word' id='word_1_195' title='bbox 730 2134 747 2164; x_wconf 95' lang='lat'>,</span> <span class='ocrx_word' id='word_1_196' title='bbox 810 2103 981 2150; x_wconf 87' lang='lat' dir='ltr'>nova</span> <span class='ocrx_word' id='word_1_197' title='bbox 1040 2081 1247 2150; x_wconf 88' lang='lat' dir='ltr'>libera</span> <span class='ocrx_word' id='word_1_198' title='bbox 1290 2083 1680 2149; x_wconf 84' lang='lat' dir='ltr'>universitas</span> <span class='ocrx_word' id='word_1_199' title='bbox 1738 2101 1943 2166; x_wconf 89' lang='lat' dir='ltr'>nuper</span> <span class='ocrx_word' id='word_1_200' title='bbox 2010 2081 2196 2166; x_wconf 88' lang='lat' dir='ltr'>apud</span> <span class='ocrx_word' id='word_1_201' title='bbox 2239 2080 2900 2150; x_wconf 89' lang='lat' dir='ltr'>Amstelodamenses</span> <span class='ocrx_word' id='word_1_202' title='bbox 2960 2084 3265 2163; x_wconf 87' lang='lat' dir='ltr'>condita,</span> <span class='ocrx_word' id='word_1_203' title='bbox 3325 2104 3500 2168; x_wconf 90' lang='lat' dir='ltr'>quae</span> 
     </span>
     <span class='ocr_line' id='line_1_21' title="bbox 562 2171 3499 2262; baseline 0 -20"><span class='ocrx_word' id='word_1_204' title='bbox 562 2174 990 2242; x_wconf 85' lang='lat' dir='ltr'>reformatum</span> <span class='ocrx_word' id='word_1_205' title='bbox 1046 2173 1281 2240; x_wconf 89' lang='lat' dir='ltr'>sortita</span> <span class='ocrx_word' id='word_1_206' title='bbox 1340 2183 1411 2240; x_wconf 86' lang='lat' dir='ltr'>et</span> <span class='ocrx_word' id='word_1_207' title='bbox 1460 2172 1727 2240; x_wconf 88' lang='lat' dir='ltr'>titulum</span> <span class='ocrx_word' id='word_1_208' title='bbox 1785 2181 1854 2240; x_wconf 91' lang='lat' dir='ltr'>et</span> <span class='ocrx_word' id='word_1_209' title='bbox 1918 2171 2209 2237; x_wconf 89' lang='lat' dir='ltr'>indolem</span> <span class='ocrx_word' id='word_1_210' title='bbox 2267 2181 2334 2240; x_wconf 92' lang='lat' dir='ltr'>et</span> <span class='ocrx_word' id='word_1_211' title='bbox 2391 2173 2610 2260; x_wconf 86' lang='lat' dir='ltr'>legem</span> <span class='ocrx_word' id='word_1_212' title='bbox 2628 2225 2646 2256; x_wconf 90' lang='lat'>,</span> <span class='ocrx_word' id='word_1_213' title='bbox 2709 2195 3104 2261; x_wconf 87' lang='lat' dir='ltr'>proavorum</span> <span class='ocrx_word' id='word_1_214' title='bbox 3145 2173 3499 2262; x_wconf 86' lang='lat' dir='ltr'>pellucidis</span> 
     </span>
     <span class='ocr_line' id='line_1_22' title="bbox 562 2263 3496 2354; baseline -0.001 -20"><span class='ocrx_word' id='word_1_215' title='bbox 562 2266 985 2334; x_wconf 84' lang='lat' dir='ltr'>adhaerendo</span> <span class='ocrx_word' id='word_1_216' title='bbox 1025 2263 1327 2332; x_wconf 82' lang='lat' dir='ltr'>formulis</span> <span class='ocrx_word' id='word_1_217' title='bbox 1368 2275 1515 2332; x_wconf 90' lang='lat' dir='ltr'>tam</span> <span class='ocrx_word' id='word_1_218' title='bbox 1550 2266 1834 2330; x_wconf 85' lang='lat' dir='ltr'>immota</span> <span class='ocrx_word' id='word_1_219' title='bbox 1878 2283 2086 2348; x_wconf 89' lang='lat' dir='ltr'>quam</span> <span class='ocrx_word' id='word_1_220' title='bbox 2131 2263 2509 2331; x_wconf 82' lang='lat' dir='ltr'>immobilia</span> <span class='ocrx_word' id='word_1_221' title='bbox 2554 2267 2680 2332; x_wconf 85' lang='lat' dir='ltr'>sibi</span> <span class='ocrx_word' id='word_1_222' title='bbox 2728 2267 2948 2352; x_wconf 86' lang='lat' dir='ltr'>posuit</span> <span class='ocrx_word' id='word_1_223' title='bbox 2984 2263 3227 2333; x_wconf 89' lang='lat' dir='ltr'>Sacrae</span> <span class='ocrx_word' id='word_1_224' title='bbox 3271 2263 3496 2354; x_wconf 88' lang='lat' dir='ltr'>Scrip-</span> 
     </span>
     <span class='ocr_line' id='line_1_23' title="bbox 556 2353 3498 2446; baseline -0 -21"><span class='ocrx_word' id='word_1_225' title='bbox 556 2369 745 2426; x_wconf 89' lang='lat' dir='ltr'>turae</span> <span class='ocrx_word' id='word_1_226' title='bbox 782 2357 1235 2436; x_wconf 84' lang='lat' dir='ltr'>fundamenta,</span> <span class='ocrx_word' id='word_1_227' title='bbox 1280 2365 1354 2425; x_wconf 90' lang='lat' dir='ltr'>et</span> <span class='ocrx_word' id='word_1_228' title='bbox 1380 2357 1567 2422; x_wconf 86' lang='lat' dir='ltr'>cuius</span> <span class='ocrx_word' id='word_1_229' title='bbox 1606 2355 1770 2421; x_wconf 87' lang='lat' dir='ltr'>ordo</span> <span class='ocrx_word' id='word_1_230' title='bbox 1796 2354 2273 2441; x_wconf 87' lang='lat' dir='ltr'>theologorum</span> <span class='ocrx_word' id='word_1_231' title='bbox 2295 2353 2721 2425; x_wconf 85' lang='lat' dir='ltr'>reformatam</span> <span class='ocrx_word' id='word_1_232' title='bbox 2745 2357 2942 2441; x_wconf 88' lang='lat' dir='ltr'>hanc,</span> <span class='ocrx_word' id='word_1_233' title='bbox 2981 2378 3188 2446; x_wconf 88' lang='lat' dir='ltr'>quam</span> <span class='ocrx_word' id='word_1_234' title='bbox 3210 2357 3498 2445; x_wconf 80' lang='lat' dir='ltr'>praefari</span> 
     </span>
     <span class='ocr_line' id='line_1_24' title="bbox 556 2448 2522 2534; baseline -0.002 -17"><span class='ocrx_word' id='word_1_235' title='bbox 556 2450 723 2517; x_wconf 85' lang='lat' dir='ltr'>mihi</span> <span class='ocrx_word' id='word_1_236' title='bbox 764 2451 905 2517; x_wconf 90' lang='lat' dir='ltr'>iam</span> <span class='ocrx_word' id='word_1_237' title='bbox 948 2451 1296 2534; x_wconf 84' lang='lat' dir='ltr'>contingit,</span> <span class='ocrx_word' id='word_1_238' title='bbox 1342 2448 1826 2515; x_wconf 85' lang='lat' dir='ltr'>bibliothecam</span> <span class='ocrx_word' id='word_1_239' title='bbox 1870 2448 2204 2514; x_wconf 78' lang='lat' dir='ltr'>edendam</span> <span class='ocrx_word' id='word_1_240' title='bbox 2249 2450 2522 2517; x_wconf 85' lang='lat' dir='ltr'>curavit.</span> 
     </span>
    </p>

    <p class='ocr_par' dir='ltr' id='par_1_3' title="bbox 548 2538 3507 4274">
     <span class='ocr_line' id='line_1_25' title="bbox 642 2538 3492 2631; baseline -0.001 -20"><span class='ocrx_word' id='word_1_241' title='bbox 642 2540 730 2611; x_wconf 87' lang='lat' dir='ltr'>V.</span> <span class='ocrx_word' id='word_1_242' title='bbox 808 2540 993 2631; x_wconf 75' lang='lat' dir='ltr'>Quid</span> <span class='ocrx_word' id='word_1_243' title='bbox 1036 2541 1125 2609; x_wconf 89' lang='lat' dir='ltr'>ad</span> <span class='ocrx_word' id='word_1_244' title='bbox 1166 2541 1304 2607; x_wconf 88' lang='lat' dir='ltr'>tale</span> <span class='ocrx_word' id='word_1_245' title='bbox 1345 2540 1664 2606; x_wconf 89' lang='lat' dir='ltr'>molimen</span> <span class='ocrx_word' id='word_1_246' title='bbox 1707 2539 1932 2605; x_wconf 90' lang='lat' dir='ltr'>scolae</span> <span class='ocrx_word' id='word_1_247' title='bbox 1979 2550 2239 2605; x_wconf 82' lang='lat' dir='ltr'>nostrae</span> <span class='ocrx_word' id='word_1_248' title='bbox 2281 2538 2748 2627; x_wconf 86' lang='lat' dir='ltr'>theologorum</span> <span class='ocrx_word' id='word_1_249' title='bbox 2793 2542 3092 2609; x_wconf 88' lang='lat' dir='ltr'>ordinem</span> <span class='ocrx_word' id='word_1_250' title='bbox 3137 2540 3492 2629; x_wconf 88' lang='lat' dir='ltr'>impulerit,</span> 
     </span>
     <span class='ocr_line' id='line_1_26' title="bbox 555 2631 3498 2720; baseline -0.001 -20"><span class='ocrx_word' id='word_1_251' title='bbox 555 2632 746 2701; x_wconf 84' lang='lat' dir='ltr'>facile</span> <span class='ocrx_word' id='word_1_252' title='bbox 784 2633 1192 2720; x_wconf 87' lang='lat' dir='ltr'>perspicitur.</span> <span class='ocrx_word' id='word_1_253' title='bbox 1263 2632 1601 2699; x_wconf 87' lang='lat' dir='ltr'>Historiae</span> <span class='ocrx_word' id='word_1_254' title='bbox 1646 2631 1953 2698; x_wconf 88' lang='lat' dir='ltr'>semitam</span> <span class='ocrx_word' id='word_1_255' title='bbox 1998 2631 2228 2717; x_wconf 86' lang='lat' dir='ltr'>legens</span> <span class='ocrx_word' id='word_1_256' title='bbox 2274 2652 2396 2717; x_wconf 90' lang='lat' dir='ltr'>per</span> <span class='ocrx_word' id='word_1_257' title='bbox 2445 2632 2740 2699; x_wconf 89' lang='lat' dir='ltr'>tumulos</span> <span class='ocrx_word' id='word_1_258' title='bbox 2775 2634 3031 2701; x_wconf 87' lang='lat' dir='ltr'>incedis</span> <span class='ocrx_word' id='word_1_259' title='bbox 3067 2643 3137 2700; x_wconf 90' lang='lat' dir='ltr'>et</span> <span class='ocrx_word' id='word_1_260' title='bbox 3173 2634 3498 2719; x_wconf 89' lang='lat' dir='ltr'>sepulcra,</span> 
     </span>
     <span class='ocr_line' id='line_1_27' title="bbox 554 2722 3492 2811; baseline 0 -21"><span class='ocrx_word' id='word_1_261' title='bbox 554 2746 681 2792; x_wconf 90' lang='lat' dir='ltr'>nec</span> <span class='ocrx_word' id='word_1_262' title='bbox 722 2726 879 2794; x_wconf 73' lang='lat' dir='ltr'>viva</span> <span class='ocrx_word' id='word_1_263' title='bbox 922 2746 1088 2793; x_wconf 90' lang='lat' dir='ltr'>voce</span> <span class='ocrx_word' id='word_1_264' title='bbox 1129 2725 1249 2792; x_wconf 89' lang='lat' dir='ltr'>sed</span> <span class='ocrx_word' id='word_1_265' title='bbox 1292 2746 1331 2790; x_wconf 92' lang='lat' dir='ltr'>e</span> <span class='ocrx_word' id='word_1_266' title='bbox 1377 2724 1591 2810; x_wconf 90' lang='lat' dir='ltr'>cippis</span> <span class='ocrx_word' id='word_1_267' title='bbox 1635 2733 1705 2789; x_wconf 90' lang='lat' dir='ltr'>te</span> <span class='ocrx_word' id='word_1_268' title='bbox 1749 2724 2036 2789; x_wconf 90' lang='lat' dir='ltr'>maiores</span> <span class='ocrx_word' id='word_1_269' title='bbox 2085 2723 2537 2808; x_wconf 89' lang='lat' dir='ltr'>alloquuntur.</span> <span class='ocrx_word' id='word_1_270' title='bbox 2603 2724 2721 2793; x_wconf 91' lang='lat' dir='ltr'>Ad</span> <span class='ocrx_word' id='word_1_271' title='bbox 2770 2725 3087 2794; x_wconf 83' lang='lat' dir='ltr'>coelestia</span> <span class='ocrx_word' id='word_1_272' title='bbox 3123 2722 3492 2811; x_wconf 79' lang='lat' dir='ltr'>migraturi,</span> 
     </span>
     <span class='ocr_line' id='line_1_28' title="bbox 553 2814 3502 2903; baseline -0.001 -20"><span class='ocrx_word' id='word_1_273' title='bbox 553 2836 645 2882; x_wconf 81' lang='lat' dir='ltr'>ex</span> <span class='ocrx_word' id='word_1_274' title='bbox 698 2832 851 2883; x_wconf 89' lang='lat' dir='ltr'>asse</span> <span class='ocrx_word' id='word_1_275' title='bbox 898 2836 1020 2882; x_wconf 92' lang='lat' dir='ltr'>nos</span> <span class='ocrx_word' id='word_1_276' title='bbox 1062 2816 1321 2883; x_wconf 88' lang='lat' dir='ltr'>scilicet</span> <span class='ocrx_word' id='word_1_277' title='bbox 1368 2824 1589 2900; x_wconf 86' lang='lat' dir='ltr'>patres</span> <span class='ocrx_word' id='word_1_278' title='bbox 1632 2814 1957 2881; x_wconf 86' lang='lat' dir='ltr'>ecclesiae</span> <span class='ocrx_word' id='word_1_279' title='bbox 1998 2815 2425 2881; x_wconf 81' lang='lat' dir='ltr'>instituerunt</span> <span class='ocrx_word' id='word_1_280' title='bbox 2468 2817 2856 2901; x_wconf 88' lang='lat' dir='ltr'>ingentium,</span> <span class='ocrx_word' id='word_1_281' title='bbox 2903 2817 3147 2903; x_wconf 90' lang='lat' dir='ltr'>quibus</span> <span class='ocrx_word' id='word_1_282' title='bbox 3171 2817 3502 2883; x_wconf 88' lang='lat' dir='ltr'>ditaverat</span> 
     </span>
     <span class='ocr_line' id='line_1_29' title="bbox 554 2905 3498 2994; baseline 0 -21"><span class='ocrx_word' id='word_1_283' title='bbox 554 2926 671 2973; x_wconf 86' lang='lat' dir='ltr'>eos</span> <span class='ocrx_word' id='word_1_284' title='bbox 727 2908 942 2991; x_wconf 83' lang='lat' dir='ltr'>gratia</span> <span class='ocrx_word' id='word_1_285' title='bbox 1006 2908 1316 2989; x_wconf 89' lang='lat' dir='ltr'>Domini,</span> <span class='ocrx_word' id='word_1_286' title='bbox 1386 2908 1769 2974; x_wconf 85' lang='lat' dir='ltr'>divitiarum</span> <span class='ocrx_word' id='word_1_287' title='bbox 1836 2905 2114 2971; x_wconf 89' lang='lat' dir='ltr'>heredes</span> <span class='ocrx_word' id='word_1_288' title='bbox 2182 2906 2506 2992; x_wconf 89' lang='lat' dir='ltr'>nobisque</span> <span class='ocrx_word' id='word_1_289' title='bbox 2573 2908 2730 2975; x_wconf 88' lang='lat' dir='ltr'>fidei</span> <span class='ocrx_word' id='word_1_290' title='bbox 2785 2928 2948 2975; x_wconf 88' lang='lat' dir='ltr'>suae</span> <span class='ocrx_word' id='word_1_291' title='bbox 2993 2916 3200 2994; x_wconf 88' lang='lat' dir='ltr'>atque</span> <span class='ocrx_word' id='word_1_292' title='bbox 3255 2909 3498 2974; x_wconf 85' lang='lat' dir='ltr'>doctae</span> 
     </span>
     <span class='ocr_line' id='line_1_30' title="bbox 553 2998 3495 3087; baseline 0.001 -24"><span class='ocrx_word' id='word_1_293' title='bbox 553 3000 1079 3085; x_wconf 86' lang='lat' dir='ltr'>perseverantiae</span> <span class='ocrx_word' id='word_1_294' title='bbox 1123 3010 1196 3066; x_wconf 89' lang='lat' dir='ltr'>ut</span> <span class='ocrx_word' id='word_1_295' title='bbox 1262 3008 1333 3066; x_wconf 92' lang='lat' dir='ltr'>et</span> <span class='ocrx_word' id='word_1_296' title='bbox 1375 2998 1751 3084; x_wconf 87' lang='lat' dir='ltr'>stupendae</span> <span class='ocrx_word' id='word_1_297' title='bbox 1796 2998 2186 3066; x_wconf 88' lang='lat' dir='ltr'>eruditionis</span> <span class='ocrx_word' id='word_1_298' title='bbox 2245 3000 2560 3083; x_wconf 86' lang='lat' dir='ltr'>perennia</span> <span class='ocrx_word' id='word_1_299' title='bbox 2604 3000 2996 3087; x_wconf 89' lang='lat' dir='ltr'>legaverunt</span> <span class='ocrx_word' id='word_1_300' title='bbox 3039 3008 3495 3081; x_wconf 88' lang='lat' dir='ltr'>monumenta,</span> 
     </span>
     <span class='ocr_line' id='line_1_31' title="bbox 553 3089 3502 3179; baseline 0 -22"><span class='ocrx_word' id='word_1_301' title='bbox 553 3112 593 3157; x_wconf 83' lang='lat' dir='ltr'>e</span> <span class='ocrx_word' id='word_1_302' title='bbox 662 3089 905 3175; x_wconf 88' lang='lat' dir='ltr'>quibus</span> <span class='ocrx_word' id='word_1_303' title='bbox 956 3090 1178 3155; x_wconf 88' lang='lat' dir='ltr'>omnis</span> <span class='ocrx_word' id='word_1_304' title='bbox 1244 3090 1486 3157; x_wconf 89' lang='lat' dir='ltr'>dehinc</span> <span class='ocrx_word' id='word_1_305' title='bbox 1552 3099 1744 3157; x_wconf 89' lang='lat' dir='ltr'>aetas</span> <span class='ocrx_word' id='word_1_306' title='bbox 1810 3091 2190 3155; x_wconf 77' lang='lat' dir='ltr'>etIamnunc</span> <span class='ocrx_word' id='word_1_307' title='bbox 2259 3090 2600 3174; x_wconf 84' lang='lat' dir='ltr'>exciperet</span> <span class='ocrx_word' id='word_1_308' title='bbox 2664 3093 2986 3158; x_wconf 84' lang='lat' dir='ltr'>eximium</span> <span class='ocrx_word' id='word_1_309' title='bbox 3048 3093 3250 3179; x_wconf 88' lang='lat' dir='ltr'>plane</span> <span class='ocrx_word' id='word_1_310' title='bbox 3297 3100 3502 3177; x_wconf 89' lang='lat' dir='ltr'>atque</span> 
     </span>
     <span class='ocr_line' id='line_1_32' title="bbox 553 3180 3504 3271; baseline 0.001 -24"><span class='ocrx_word' id='word_1_311' title='bbox 553 3181 857 3261; x_wconf 87' lang='lat' dir='ltr'>sublime,</span> <span class='ocrx_word' id='word_1_312' title='bbox 895 3202 1031 3269; x_wconf 91' lang='lat' dir='ltr'>quo</span> <span class='ocrx_word' id='word_1_313' title='bbox 1089 3181 1314 3265; x_wconf 88' lang='lat' dir='ltr'>spirati</span> <span class='ocrx_word' id='word_1_314' title='bbox 1360 3181 1656 3261; x_wconf 88' lang='lat' dir='ltr'>fuissent,</span> <span class='ocrx_word' id='word_1_315' title='bbox 1704 3182 1992 3267; x_wconf 89' lang='lat' dir='ltr'>genium.</span> <span class='ocrx_word' id='word_1_316' title='bbox 2074 3180 2204 3259; x_wconf 83' lang='lat' dir='ltr'>At,</span> <span class='ocrx_word' id='word_1_317' title='bbox 2251 3182 2376 3247; x_wconf 91' lang='lat' dir='ltr'>etsi</span> <span class='ocrx_word' id='word_1_318' title='bbox 2413 3182 2644 3249; x_wconf 91' lang='lat' dir='ltr'>illaesa</span> <span class='ocrx_word' id='word_1_319' title='bbox 2681 3192 3016 3271; x_wconf 90' lang='lat' dir='ltr'>utcunque</span> <span class='ocrx_word' id='word_1_320' title='bbox 3065 3192 3268 3269; x_wconf 91' lang='lat' dir='ltr'>atque</span> <span class='ocrx_word' id='word_1_321' title='bbox 3321 3182 3504 3249; x_wconf 89' lang='lat' dir='ltr'>inco-</span> 
     </span>
     <span class='ocr_line' id='line_1_33' title="bbox 552 3271 3501 3361; baseline 0 -24"><span class='ocrx_word' id='word_1_322' title='bbox 552 3271 759 3339; x_wconf 90' lang='lat' dir='ltr'>lumia</span> <span class='ocrx_word' id='word_1_323' title='bbox 805 3273 895 3340; x_wconf 89' lang='lat' dir='ltr'>ad</span> <span class='ocrx_word' id='word_1_324' title='bbox 941 3281 1230 3339; x_wconf 88' lang='lat' dir='ltr'>aetatem</span> <span class='ocrx_word' id='word_1_325' title='bbox 1278 3282 1573 3338; x_wconf 87' lang='lat' dir='ltr'>nostram</span> <span class='ocrx_word' id='word_1_326' title='bbox 1612 3272 1861 3338; x_wconf 86' lang='lat' dir='ltr'>eximia</span> <span class='ocrx_word' id='word_1_327' title='bbox 1884 3272 2149 3338; x_wconf 91' lang='lat' dir='ltr'>illorum</span> <span class='ocrx_word' id='word_1_328' title='bbox 2173 3274 2422 3359; x_wconf 88' lang='lat' dir='ltr'>scripta</span> <span class='ocrx_word' id='word_1_329' title='bbox 2444 3273 2531 3340; x_wconf 91' lang='lat' dir='ltr'>ad</span> <span class='ocrx_word' id='word_1_330' title='bbox 2557 3294 2678 3339; x_wconf 90' lang='lat' dir='ltr'>nos</span> <span class='ocrx_word' id='word_1_331' title='bbox 2702 3276 3144 3359; x_wconf 88' lang='lat' dir='ltr'>pervenerint,</span> <span class='ocrx_word' id='word_1_332' title='bbox 3185 3294 3401 3361; x_wconf 90' lang='lat' dir='ltr'>neque</span> <span class='ocrx_word' id='word_1_333' title='bbox 3435 3274 3501 3338; x_wconf 89' lang='lat' dir='ltr'>in</span> 
     </span>
     <span class='ocr_line' id='line_1_34' title="bbox 556 3364 3504 3450; baseline 0 -20"><span class='ocrx_word' id='word_1_334' title='bbox 556 3364 833 3431; x_wconf 85' lang='lat' dir='ltr'>corrosis</span> <span class='ocrx_word' id='word_1_335' title='bbox 878 3364 1325 3430; x_wconf 81' lang='lat' dir='ltr'>monumentis</span> <span class='ocrx_word' id='word_1_336' title='bbox 1368 3364 1759 3430; x_wconf 87' lang='lat' dir='ltr'>evanuerint</span> <span class='ocrx_word' id='word_1_337' title='bbox 1802 3364 2295 3449; x_wconf 76' lang='lat' dir='ltr'>inscriptiones„</span> <span class='ocrx_word' id='word_1_338' title='bbox 2361 3365 2546 3431; x_wconf 92' lang='lat' dir='ltr'>dolet</span> <span class='ocrx_word' id='word_1_339' title='bbox 2589 3376 2818 3432; x_wconf 90' lang='lat' dir='ltr'>tamen</span> <span class='ocrx_word' id='word_1_340' title='bbox 2867 3366 3150 3433; x_wconf 85' lang='lat' dir='ltr'>ecclesia</span> <span class='ocrx_word' id='word_1_341' title='bbox 3189 3368 3504 3450; x_wconf 85' lang='lat' dir='ltr'>exiguam</span> 
     </span>
     <span class='ocr_line' id='line_1_35' title="bbox 553 3454 3506 3542; baseline 0 -21"><span class='ocrx_word' id='word_1_342' title='bbox 553 3458 959 3542; x_wconf 79' lang='lat' dir='ltr'>paucitatem</span> <span class='ocrx_word' id='word_1_343' title='bbox 1018 3456 1528 3541; x_wconf 79' lang='lat' dir='ltr'>exemplarium,</span> <span class='ocrx_word' id='word_1_344' title='bbox 1595 3475 1770 3540; x_wconf 91' lang='lat' dir='ltr'>quae</span> <span class='ocrx_word' id='word_1_345' title='bbox 1830 3456 2150 3522; x_wconf 89' lang='lat' dir='ltr'>invidiam</span> <span class='ocrx_word' id='word_1_346' title='bbox 2212 3458 2530 3541; x_wconf 89' lang='lat' dir='ltr'>temporis</span> <span class='ocrx_word' id='word_1_347' title='bbox 2602 3458 2916 3525; x_wconf 90' lang='lat' dir='ltr'>tulerunt.</span> <span class='ocrx_word' id='word_1_348' title='bbox 3003 3458 3147 3525; x_wconf 78' lang='lat' dir='ltr'>vix</span> <span class='ocrx_word' id='word_1_349' title='bbox 3195 3454 3506 3525; x_wconf 87' lang='lat' dir='ltr'>credibile</span> 
     </span>
     <span class='ocr_line' id='line_1_36' title="bbox 556 3547 3504 3635; baseline 0 -22"><span class='ocrx_word' id='word_1_350' title='bbox 556 3556 725 3633; x_wconf 90' lang='lat' dir='ltr'>quot</span> <span class='ocrx_word' id='word_1_351' title='bbox 769 3556 1185 3634; x_wconf 87' lang='lat' dir='ltr'>quantosque</span> <span class='ocrx_word' id='word_1_352' title='bbox 1228 3547 1579 3613; x_wconf 85' lang='lat' dir='ltr'>thesauros</span> <span class='ocrx_word' id='word_1_353' title='bbox 1624 3555 2089 3632; x_wconf 76' lang='lat' dir='ltr'>quantumque</span> <span class='ocrx_word' id='word_1_354' title='bbox 2136 3548 2504 3616; x_wconf 89' lang='lat' dir='ltr'>studiorum</span> <span class='ocrx_word' id='word_1_355' title='bbox 2552 3549 2963 3635; x_wconf 88' lang='lat' dir='ltr'>supellectile</span> <span class='ocrx_word' id='word_1_356' title='bbox 3008 3571 3127 3635; x_wconf 88' lang='lat' dir='ltr'>per</span> <span class='ocrx_word' id='word_1_357' title='bbox 3171 3548 3341 3614; x_wconf 83' lang='lat' dir='ltr'>haec</span> <span class='ocrx_word' id='word_1_358' title='bbox 3370 3548 3504 3614; x_wconf 82' lang='lat' dir='ltr'>tria</span> 
     </span>
     <span class='ocr_line' id='line_1_37' title="bbox 554 3636 3507 3728; baseline 0 -24"><span class='ocrx_word' id='word_1_359' title='bbox 554 3639 871 3705; x_wconf 86' lang='lat' dir='ltr'>continua</span> <span class='ocrx_word' id='word_1_360' title='bbox 908 3639 1174 3706; x_wconf 86' lang='lat' dir='ltr'>saecula</span> <span class='ocrx_word' id='word_1_361' title='bbox 1206 3638 1387 3707; x_wconf 82' lang='lat' dir='ltr'>edax</span> <span class='ocrx_word' id='word_1_362' title='bbox 1426 3640 1561 3704; x_wconf 87' lang='lat' dir='ltr'>iam</span> <span class='ocrx_word' id='word_1_363' title='bbox 1586 3636 2014 3725; x_wconf 84' lang='lat' dir='ltr'>perforaverit</span> <span class='ocrx_word' id='word_1_364' title='bbox 2035 3640 2292 3719; x_wconf 88' lang='lat' dir='ltr'>vermis,</span> <span class='ocrx_word' id='word_1_365' title='bbox 2321 3640 2657 3707; x_wconf 88' lang='lat' dir='ltr'>molarum</span> <span class='ocrx_word' id='word_1_366' title='bbox 2683 3642 2749 3706; x_wconf 90' lang='lat' dir='ltr'>in</span> <span class='ocrx_word' id='word_1_367' title='bbox 2774 3641 3054 3728; x_wconf 85' lang='lat' dir='ltr'>pistrino</span> <span class='ocrx_word' id='word_1_368' title='bbox 3084 3640 3507 3707; x_wconf 77' lang='lat' dir='ltr'>contuderint</span> 
     </span>
     <span class='ocr_line' id='line_1_38' title="bbox 554 3728 3503 3816; baseline 0 -21"><span class='ocrx_word' id='word_1_369' title='bbox 554 3742 776 3810; x_wconf 83' lang='lat' dir='ltr'>rotae,</span> <span class='ocrx_word' id='word_1_370' title='bbox 846 3732 917 3795; x_wconf 80' lang='lat' dir='ltr'>in</span> <span class='ocrx_word' id='word_1_371' title='bbox 974 3730 1293 3797; x_wconf 88' lang='lat' dir='ltr'>saccellos</span> <span class='ocrx_word' id='word_1_372' title='bbox 1362 3730 1723 3816; x_wconf 87' lang='lat' dir='ltr'>perdiderit</span> <span class='ocrx_word' id='word_1_373' title='bbox 1768 3728 2143 3815; x_wconf 85' lang='lat' dir='ltr'>pistularius</span> <span class='ocrx_word' id='word_1_374' title='bbox 2161 3778 2179 3809; x_wconf 90' lang='lat'>,</span> <span class='ocrx_word' id='word_1_375' title='bbox 2243 3733 2566 3799; x_wconf 86' lang='lat' dir='ltr'>ancillave</span> <span class='ocrx_word' id='word_1_376' title='bbox 2631 3734 2968 3799; x_wconf 89' lang='lat' dir='ltr'>caminum</span> <span class='ocrx_word' id='word_1_377' title='bbox 3023 3733 3374 3798; x_wconf 86' lang='lat' dir='ltr'>incensura</span> <span class='ocrx_word' id='word_1_378' title='bbox 3435 3732 3503 3795; x_wconf 90' lang='lat' dir='ltr'>in</span> 
     </span>
     <span class='ocr_line' id='line_1_39' title="bbox 550 3818 3502 3911; baseline -0.001 -22"><span class='ocrx_word' id='word_1_379' title='bbox 550 3821 810 3889; x_wconf 86' lang='lat' dir='ltr'>fumum</span> <span class='ocrx_word' id='word_1_380' title='bbox 852 3823 1120 3889; x_wconf 82' lang='lat' dir='ltr'>verterit</span> <span class='ocrx_word' id='word_1_381' title='bbox 1159 3831 1233 3889; x_wconf 88' lang='lat' dir='ltr'>et</span> <span class='ocrx_word' id='word_1_382' title='bbox 1270 3820 1598 3888; x_wconf 78' lang='lat' dir='ltr'>flammas.</span> <span class='ocrx_word' id='word_1_383' title='bbox 1654 3818 1777 3886; x_wconf 90' lang='lat' dir='ltr'>Sat</span> <span class='ocrx_word' id='word_1_384' title='bbox 1820 3842 2153 3906; x_wconf 89' lang='lat' dir='ltr'>superque</span> <span class='ocrx_word' id='word_1_385' title='bbox 2205 3820 2380 3887; x_wconf 90' lang='lat' dir='ltr'>hanc</span> <span class='ocrx_word' id='word_1_386' title='bbox 2427 3826 2840 3908; x_wconf 88' lang='lat' dir='ltr'>paucitatem</span> <span class='ocrx_word' id='word_1_387' title='bbox 2871 3826 3278 3911; x_wconf 88' lang='lat' dir='ltr'>optimorum</span> <span class='ocrx_word' id='word_1_388' title='bbox 3303 3822 3502 3887; x_wconf 88' lang='lat' dir='ltr'>libro-</span> 
     </span>
     <span class='ocr_line' id='line_1_40' title="bbox 552 3912 3503 4001; baseline -0 -23"><span class='ocrx_word' id='word_1_389' title='bbox 552 3932 699 3979; x_wconf 88' lang='lat' dir='ltr'>rum</span> <span class='ocrx_word' id='word_1_390' title='bbox 746 3914 1057 3979; x_wconf 85' lang='lat' dir='ltr'>evincunt</span> <span class='ocrx_word' id='word_1_391' title='bbox 1088 3913 1601 3999; x_wconf 77' lang='lat' dir='ltr'>bibliopolarum</span> <span class='ocrx_word' id='word_1_392' title='bbox 1639 3934 1806 3998; x_wconf 88' lang='lat' dir='ltr'>quos</span> <span class='ocrx_word' id='word_1_393' title='bbox 1844 3932 2000 3979; x_wconf 90' lang='lat' dir='ltr'>cum</span> <span class='ocrx_word' id='word_1_394' title='bbox 2034 3914 2260 3998; x_wconf 86' lang='lat' dir='ltr'>pretiis</span> <span class='ocrx_word' id='word_1_395' title='bbox 2297 3915 2724 4001; x_wconf 86' lang='lat' dir='ltr'>promulgare</span> <span class='ocrx_word' id='word_1_396' title='bbox 2779 3916 3004 3982; x_wconf 89' lang='lat' dir='ltr'>solent</span> <span class='ocrx_word' id='word_1_397' title='bbox 3041 3916 3357 3999; x_wconf 88' lang='lat' dir='ltr'>catalogi.</span> <span class='ocrx_word' id='word_1_398' title='bbox 3422 3912 3503 3978; x_wconf 75' lang='lat' dir='ltr'>ln</span> 
     </span>
     <span class='ocr_line' id='line_1_41' title="bbox 548 4004 3502 4093; baseline 0 -24"><span class='ocrx_word' id='word_1_399' title='bbox 548 4005 955 4090; x_wconf 81' lang='lat' dir='ltr'>plenioribus</span> <span class='ocrx_word' id='word_1_400' title='bbox 998 4006 1201 4070; x_wconf 85' lang='lat' dir='ltr'>etiam</span> <span class='ocrx_word' id='word_1_401' title='bbox 1248 4005 1925 4091; x_wconf 85' lang='lat' dir='ltr'>locupletioribusque</span> <span class='ocrx_word' id='word_1_402' title='bbox 1971 4004 2389 4070; x_wconf 87' lang='lat' dir='ltr'>bibliothecis</span> <span class='ocrx_word' id='word_1_403' title='bbox 2439 4006 2743 4091; x_wconf 88' lang='lat' dir='ltr'>publicis,</span> <span class='ocrx_word' id='word_1_404' title='bbox 2807 4010 3113 4073; x_wconf 90' lang='lat' dir='ltr'>omnium</span> <span class='ocrx_word' id='word_1_405' title='bbox 3163 4006 3464 4093; x_wconf 78' lang='lat' dir='ltr'>gentium</span> <span class='ocrx_word' id='word_1_406' title='bbox 3485 4055 3502 4085; x_wconf 93' lang='lat'>,</span> 
     </span>
     <span class='ocr_line' id='line_1_42' title="bbox 551 4095 3500 4183; baseline 0 -23"><span class='ocrx_word' id='word_1_407' title='bbox 551 4096 849 4161; x_wconf 88' lang='lat' dir='ltr'>omnium</span> <span class='ocrx_word' id='word_1_408' title='bbox 896 4106 1189 4163; x_wconf 87' lang='lat' dir='ltr'>aetatum</span> <span class='ocrx_word' id='word_1_409' title='bbox 1233 4098 1559 4163; x_wconf 85' lang='lat' dir='ltr'>thesauris</span> <span class='ocrx_word' id='word_1_410' title='bbox 1606 4095 1887 4173; x_wconf 86' lang='lat' dir='ltr'>refertis,</span> <span class='ocrx_word' id='word_1_411' title='bbox 1936 4096 2336 4163; x_wconf 85' lang='lat' dir='ltr'>reformatae</span> <span class='ocrx_word' id='word_1_412' title='bbox 2391 4100 2780 4181; x_wconf 84' lang='lat' dir='ltr'>praesertim</span> <span class='ocrx_word' id='word_1_413' title='bbox 2843 4100 3181 4165; x_wconf 86' lang='lat' dir='ltr'>ecclesiae</span> <span class='ocrx_word' id='word_1_414' title='bbox 3229 4106 3500 4183; x_wconf 88' lang='lat' dir='ltr'>patrum</span> 
     </span>
     <span class='ocr_line' id='line_1_43' title="bbox 552 4186 3506 4274; baseline 0 -22"><span class='ocrx_word' id='word_1_415' title='bbox 552 4187 703 4254; x_wconf 85' lang='lat' dir='ltr'>libri</span> <span class='ocrx_word' id='word_1_416' title='bbox 738 4197 856 4254; x_wconf 83' lang='lat' dir='ltr'>aut</span> <span class='ocrx_word' id='word_1_417' title='bbox 900 4186 1062 4252; x_wconf 87' lang='lat' dir='ltr'>nulli</span> <span class='ocrx_word' id='word_1_418' title='bbox 1107 4198 1259 4255; x_wconf 86' lang='lat' dir='ltr'>sunt</span> <span class='ocrx_word' id='word_1_419' title='bbox 1278 4197 1401 4256; x_wconf 85' lang='lat' dir='ltr'>aut</span> <span class='ocrx_word' id='word_1_420' title='bbox 1420 4188 1769 4267; x_wconf 80' lang='lat' dir='ltr'>rarissimi3</span> <span class='ocrx_word' id='word_1_421' title='bbox 1808 4188 1877 4253; x_wconf 87' lang='lat' dir='ltr'>in</span> <span class='ocrx_word' id='word_1_422' title='bbox 1899 4188 2306 4271; x_wconf 81' lang='lat' dir='ltr'>privatorum</span> <span class='ocrx_word' id='word_1_423' title='bbox 2343 4190 2620 4269; x_wconf 82' lang='lat' dir='ltr'>scriniis,</span> <span class='ocrx_word' id='word_1_424' title='bbox 2656 4192 2712 4255; x_wconf 87' lang='lat' dir='ltr'>si</span> <span class='ocrx_word' id='word_1_425' title='bbox 2747 4210 2960 4255; x_wconf 87' lang='lat' dir='ltr'>unum</span> <span class='ocrx_word' id='word_1_426' title='bbox 2999 4189 3264 4274; x_wconf 84' lang='lat' dir='ltr'>excipis</span> <span class='ocrx_word' id='word_1_427' title='bbox 3287 4187 3506 4254; x_wconf 89' lang='lat' dir='ltr'>Calvi-</span> 
     </span>
    </p>

    <p class='ocr_par' dir='ltr' id='par_1_4' title="bbox 3305 4298 3504 4361">
     <span class='ocr_line' id='line_1_44' title="bbox 3305 4298 3504 4361; baseline -0.005 -17"><span class='ocrx_word' id='word_1_428' title='bbox 3305 4298 3468 4344; x_wconf 88' lang='lat' dir='ltr'>num</span> <span class='ocrx_word' id='word_1_429' title='bbox 3485 4328 3504 4361; x_wconf 91' lang='lat'>,</span> 
     </span>
    </p>
   </div>
  </div>
 </body>
</html>
