3923 4875
646 352 763 422 462
1715 362 2128 406 :inarum
2187 362 2402 405 rans
2465 362 2507 404 1.

642 528 898 605 gratiose
960 530 998 586 a
1057 526 1427 588 meritissima
1486 526 1655 585 ruina
1714 526 1770 585 δι
1818 534 1984 603 peste
2022 523 2479 586 conseruauerit.
2523 524 2678 583 Nam
2719 532 2788 582 vt
2829 521 2976 582 nihil
3025 523 3116 583 de
3171 524 3338 583 fine
3389 522 3462 579 δε
3511 520 3696 579 modo

643 607 1028 686 scriptionum
1075 606 1304 679 dicam,
1346 606 1485 684 quia
1525 604 1642 665 iam
1685 608 1823 666 ante
1866 604 2340 699 perstrinximus,
2382 603 2858 681 quotusquisque
2899 612 2994 663 est
3036 603 3164 680 qui
3217 605 3272 661 ἐι
3329 602 3548 662 rebus
3569 602 3688 660 fun-

645 688 853 748 dendis
894 688 1215 764 abstineat,
1257 705 1403 765 quas
1443 686 1627 747 taceri
1668 684 2092 763 praestitisset?
2130 686 2179 745 si
2219 686 2296 745 ad
2317 686 2600 763 dogmata
2618 684 2987 761 respexeriS,
3035 683 3156 743 hic
3183 686 3430 743 multa
3455 683 3686 741 incom-

645 770 856 845 mode,
918 770 1103 828 multa
1160 766 1511 845 improprie,
1572 769 1757 827 multa
1816 768 1964 827 salso
2007 767 2446 827 deblaterantur
2485 766 2564 825 ab
2601 762 2694 823 his
2735 767 2792 823 &
2833 764 2911 824 ab
2951 765 3027 839 (f.
3079 782 3114 839 7
3121 766 3258 840 34)
3316 761 3486 839 iuis,
3533 778 3676 839 qme

644 850 745 909 vbi
786 851 969 909 semel
1001 849 1397 924 enniana-int,
1437 865 1632 925 neque
1665 866 1739 906 ex
1772 845 2002 925 scriptis
2022 846 2291 906 reuocari
2309 854 2586 923 possunt,
2607 860 2808 921 neque
2829 863 2902 903 ex
2921 842 3164 903 animis
3191 842 3667 904 scribentium:

648 928 749 1007 qui
804 948 866 989 se
928 928 1173 1005 cupiunt
1231 928 1489 989 victores
1548 946 1707 1005 esse,
1769 946 1843 987 ac
1896 945 2018 987 non
2068 924 2373 986 victricem
2413 923 2759 985 veritatem:
2800 941 3002 1001 neque
3043 922 3218 1001 ipsis
3267 924 3348 985 in
3398 934 3662 983 mentem

649 1009 809 1069 venit
852 1007 1203 1069 sanctissimi
1242 1008 1396 1068 illius
1435 1007 1611 1083 dicti,
1650 1026 1771 1084 quo
1812 1008 2028 1067 Paulus
2068 1008 2367 1081 vtebatur,
2415 1004 2560 1064 nihil
2611 1023 2792 1082 posse
2829 1022 2946 1064 nos
2985 1013 3240 1063 contra
3289 1005 3648 1071 veritatem,

644 1091 750 1151 sed
792 1110 903 1168 pro
946 1090 1205 1150 veritate.
1252 1110 1305 1149 2.
1346 1089 1487 1149 Cor.
1537 1108 1625 1165 13.
1660 1092 1715 1147 8.
1736 1088 1828 1148 sin
1846 1088 1925 1147 ad
1944 1085 2210 1147 actiones
2229 1085 2575 1162 hominurn,
2614 1104 2770 1161 quae
2791 1084 3330 1161 perscribuntur..
3385 1084 3650 1143 animum

646 1174 700 1230 δι
742 1168 1164 1247 cogitationem
1207 1168 1598 1244 conuerteriS‚
1641 1169 1717 1228 de
1756 1166 1973 1245 quibus
2013 1166 2265 1227 dicimus
2299 1184 2372 1227 eo
2415 1163 2680 1243 liberius,
2721 1182 2845 1241 quo
2885 1163 3092 1241 magis
3137 1164 3394 1225 studiis
3419 1166 3486 1224 in
3507 1164 3646 1223 hanc

646 1261 750 1311 aut
808 1250 965 1311 illam
1022 1260 1248 1327 partem
1286 1248 1681 1326 impellimur;
1722 1247 1853 1326 quis
1892 1246 2079 1308 nescit
2113 1248 2299 1307 multa
2337 1245 2516 1306 etiam
2558 1246 2872 1305 benefacta
2913 1263 3046 1303 non
3095 1244 3229 1304 nisi
3279 1243 3642 1322 tempestiue

647 1330 949 1391 enunciari
1010 1324 1325 1409 oportere?
1382 1330 1693 1389 malefacta
1752 1331 1895 1388 vero
1956 1344 2295 1405 nunquam,
2350 1325 2461 1386 nisi
2522 1344 2594 1385 ex
2649 1320 3060 1385 necessitate?
3121 1328 3364 1403 Atque
3411 1325 3520 1383 hic
3555 1323 3642 1383 ffle

649 1428 894 1487 campus
954 1421 1073 1489 est,
1136 1411 1196 1470 in
1258 1426 1380 1485 quo
1442 1408 1707 1486 plerique
1771 1408 2013 1468 delicias
2052 1418 2236 1484 agunt
2277 1408 2398 1466 hoc
2437 1404 2567 1483 ipso
2600 1414 2906 1483 tempore3
2949 1422 3086 1481 quo
3131 1406 3230 1465 ad
3279 1406 3634 1466 charitatem

648 1510 772 1549 non
835 1492 1031 1551 solum
1090 1488 1441 1550 auctoritate
1501 1488 1685 1549 diuini
1744 1486 1940 1565 verbi,
1999 1488 2106 1547 sed
2171 1488 2346 1547 etiam
2401 1485 2686 1564 grauitate
2749 1484 3126 1545 iudiciorum
3180 1484 3362 1563 eius,
3409 1495 3642 1546 euento-

648 1576 901 1648 rumque
961 1570 1458 1647 lamentabilium‚
1518 1587 1673 1647 quae
1732 1568 1912 1647 (proh
1975 1568 2176 1645 dolor)
2234 1567 2504 1627 videmus
2546 1564 3018 1643 quamplurima,
3067 1584 3198 1626 nos
3247 1585 3482 1627 omnes
3523 1582 3630 1625 vno

647 1649 847 1712 animo
888 1670 1131 1711 necesse
1168 1652 1460 1711 habemus
1500 1650 1884 1710 contendere.
2443 1648 2454 1661 ’

729 1729 965 1791 Deinde
1006 1734 1187 1807 quam
1229 1749 1409 1809 graue
1450 1739 1540 1791 est
1569 1730 1745 1807 illud,
1788 1731 2076 1805 obsecro,
2117 1729 2282 1805 quod
2323 1725 2526 1786 inistis
2544 1724 2830 1786 omnibus
2851 1724 3285 1802 scriptionum
3309 1726 3624 1805 generibus

646 1810 869 1871 iudices
905 1830 1028 1871 non
1068 1821 1499 1889 competentes,
1540 1828 1663 1869 non
1705 1809 1986 1885 scientes,
2026 1827 2150 1867 non
2192 1806 2396 1884 aequi,
2439 1804 2848 1883 appellantur?
2887 1806 3099 1881 Quem
3145 1807 3374 1885 enim,
3415 1808 3622 1865 amabo

648 1902 741 1967 te,
783 1889 928 1951 mihi
969 1894 1229 1969 appellas
1270 1890 1555 1964 iudicem,
1596 1889 1721 1951 siue
1760 1890 1836 1949 de
1876 1887 2174 1966 dogmatis
2215 1896 2316 1946 aut
2357 1890 2533 1947 rebus
2573 1889 2645 1945 eo
2688 1884 3166 1963 pertinentibuS,
3219 1887 3368 1948 siue
3407 1888 3488 1947 de
3517 1884 3622 1944 vita

648 1970 960 2032 hominum
1000 1970 1267 2032 instituas
1311 1968 1555 2031 dicere?
1593 1972 1809 2030 Nonne
1848 1969 2107 2047 appellas
2147 1962 2432 2045 plebem?
2471 1966 2567 2026 cui
2601 1986 2712 2025 nec
2752 1966 3012 2045 donum,
3057 1986 3188 2026 nec
3235 1966 3618 2027 vocationem

648 2050 968 2129 impertiuit
1018 2054 1210 2128 Deus,
1274 2062 1337 2110 vt
1377 2053 1453 2111 de
1494 2052 1669 2111 rebus
1712 2050 1834 2109 istis
1874 2058 2227 2126 cognoscat,
2267 2048 2491 2107 nedum
2532 2046 2656 2123 ipsa
2695 2045 2985 2105 iudicium
3023 2046 3251 2106 saciat.
3313 2050 3421 2107 An
3463 2047 3614 2127 igno·

648 2150 847 2191 ramus
888 2131 1256 2191 inscientiam
1296 2131 1484 2209 plebis
1524 2142 1624 2190 aut
1666 2130 1897 2208 populi7
1940 2148 2119 2206 quem
2160 2127 2390 2205 scriptis
2431 2125 2868 2203 prouocamus?
2907 2146 2984 2185 an
3025 2127 3418 2203 ignoramus
3435 2125 3614 2187 studia

650 2214 705 2272 ὅτ
745 2222 939 2289 partes
977 2211 1039 2271 in
1076 2230 1225 2288 quas
1260 2223 1399 2290 post
1439 2231 1681 2271 omnem
1718 2209 2030 2270 hominum
2071 2207 2418 2268 memoriam
2461 2208 2627 2283 plebs
2669 2209 2854 2283 quam
2891 2204 3186 2266 facillime
3211 2208 3280 2266 δί
3327 2207 3610 2267 lenissime

652 2311 763 2369 per
814 2291 1107 2352 eiusmodi
1148 2294 1379 2353 flabella
1419 2292 1600 2351 scissa
1640 2302 1729 2351 est
1767 2308 1912 2350 ausu
1952 2283 2313 2350 temerario?
2354 2286 2516 2362 Quin
2558 2286 2700 2345 illud
2741 2288 2928 2345 ferme
2955 2286 3016 2346 in
3037 2304 3230 2346 more
3253 2298 3352 2347 est
3373 2288 3606 2365 pome

650 2370 699 2431 si
739 2370 1021 2432 iudicium
1082 2374 1159 2432 ad
1218 2372 1412 2451 ipsum
1453 2371 1682 2432 deseras
1726 2371 1803 2431 de
1844 2372 2046 2429 rebus.
2065 2366 2454 2447 grauissimiS,
2497 2377 2560 2425 vt
2599 2366 2797 2426 statim
2838 2368 2988 2425 serat
3026 2368 3456 2427 sententiam:
3491 2367 3604 2427 siue

648 2473 722 2514 ex
762 2453 1043 2530 opinione
1065 2453 1204 2528 sua,
1245 2471 1398 2531 quae
1434 2463 1719 2530 perpetua
1760 2463 1851 2512 est
1890 2449 2259 2528 ignorantiae
2300 2467 2538 2528 comes3
2579 2447 2705 2506 siue
2744 2467 2820 2507 ex
2851 2445 3096 2517 studiis,
3144 2449 3388 2524 quibus
3411 2448 3602 2508 incon·

649 2535 799 2593 sulta
841 2534 1009 2611 plebs
1049 2534 1366 2611 plurimum
1409 2533 1748 2592 traducitur.
1792 2531 1875 2591 Hi
1914 2529 2138 2590 scilicet
2178 2547 2434 2607 quorum
2466 2546 2589 2588 non
2611 2527 2856 2588 interest
2874 2529 2954 2587 de
2975 2526 3182 2587 multis
3205 2547 3598 2606 cognoscere,

651 2612 754 2690 qui
813 2633 925 2674 nec
988 2615 1213 2674 donum
1270 2616 1495 2674 habent
1556 2624 1622 2672 vt
1660 2615 1819 2672 recte
1876 2610 2167 2689 iudicent,
2219 2629 2334 2670 nec
2390 2607 2766 2669 vocationem
2827 2618 2893 2666 vt
2943 2609 3039 2668 vel
3081 2619 3512 2685 cognoscant,
3543 2606 3598 2667 hi

654 2693 947 2774 (inquam)
988 2705 1395 2771 competentes
1434 2693 1656 2753 iudices
1696 2691 1871 2751 futuri
1912 2701 2065 2753 sunt.

730 2772 892 2849 Quid
953 2778 1128 2850 vero,
1188 2775 1352 2851 quod
1403 2777 1521 2833 hoc
1562 2773 1691 2850 ipso
1734 2774 1928 2844 facte,
1963 2772 2107 2830 dum
2149 2770 2382 2848 plebem
2425 2769 2689 2848 appellas
2729 2769 2784 2826 &
2825 2785 3218 2845 commones,
3269 2767 3594 2829 virisbonis

658 2853 1164 2932 prudentibusque
1224 2874 1294 2914 os
1343 2855 1518 2931 plane
1572 2849 1860 2913 obstruis?
1898 2851 2002 2928 qui
2041 2869 2286 2927 operam
2337 2849 2483 2909 dant
2520 2867 2598 2908 ne
2637 2849 2895 2908 aduerso
2935 2845 3198 2920 flumini,
3247 2867 3383 2924 quo
3425 2851 3592 2908 fertur

656 2935 937 3012 populu8‚
998 2933 1188 2995 obniti
1248 2934 1572 2994 videantur.
1634 2935 1789 2992 Nam
1849 2951 1955 2991 cur
2009 2929 2117 2991 tibi
2175 2929 2402 2990 homini
2463 2927 2800 3006 tribunitiO‚
2844 2931 2900 2988 &
2941 2928 3326 2988 clamoribus
3365 2931 3498 2990 fora
3529 2947 3592 2987 ac

652 3012 913 3091 compita
971 3013 1268 3093 implenti,
1330 3017 1648 3090 funemque
1708 3015 1953 3089 longum
2015 3009 2268 3070 trahenti
2330 3009 2636 3087 imperitae
2698 3006 2924 3085 plebiS‚
2983 3008 3414 3083 obloquantur
3461 3008 3590 3068 boni

654 3093 1065 3171 intempestiua
1107 3089 1699 3154 obmurmuratione?
1739 3095 1835 3152 Tu
1876 3091 1935 3151 in
1977 3101 2083 3150 tuo
2123 3093 2255 3150 foro
2299 3089 2409 3149 tibi
2441 3088 2654 3149 videris
2673 3087 2916 3148 dicere:
2957 3087 3040 3146 illi
3061 3087 3122 3145 in
3145 3086 3316 3147 iusto
3338 3089 3588 3166 cupiunt.

652 3173 814 3250 Quid
856 3179 1041 3252 ergo?
1083 3175 1295 3235 dixerit
1333 3177 1580 3234 sortasse
1600 3172 1929 3250 quispiam:
1969 3177 2109 3230 tune
2149 3172 2437 3248 populum
2458 3168 2713 3229 iudicem
2733 3167 3017 3228 iniustum
3039 3163 3322 3228 dixeris?
3363 3169 3588 3228 minime

653 3253 935 3330 gentium.
986 3275 1125 3314 nam
1180 3274 1258 3314 ne
1306 3253 1565 3314 iudicem
1607 3253 1851 3330 quidem
1893 3271 2021 3311 esse
2059 3250 2237 3310 dico:
2281 3248 2541 3327 alioquin
2585 3248 2752 3309 cuius
2791 3247 2906 3307 erit
2944 3249 3160 3325 iudex,
3203 3247 3328 3308 nisi
3371 3259 3476 3308 aut
3509 3248 3584 3308 sni

654 3332 863 3412 ipsius,
923 3345 1025 3394 aut
1082 3355 1289 3394 eorum
1350 3351 1504 3412 quos
1554 3335 1736 3393 habet
1775 3327 2038 3392 iudices?
2079 3341 2392 3406 Vtrumque
2433 3334 2578 3390 vero
2618 3327 2946 3388 absurdum
2986 3338 3095 3386 est.
3147 3329 3342 3401 Quod
3385 3328 3434 3387 si
3471 3327 3584 3404 quis

656 3411 718 3474 in
760 3416 985 3490 populo
1019 3414 1303 3475 iudicium
1343 3415 1585 3474 assumit
1626 3413 1737 3472 sibi
1776 3412 1837 3473 in
1878 3409 2176 3488 plerisque
2216 3412 2392 3470 rebus
2432 3429 2585 3487 quae
2621 3408 2932 3468 traduntur
2969 3407 3200 3484 scripto
3221 3409 3346 3466 hac
3363 3406 3584 3469 lieentia

656 3501 1020 3572 temporum3
1081 3495 1129 3554 is
1184 3512 1302 3572 qua
1342 3495 1488 3571 fide,
1528 3513 1649 3571 quo
1690 3493 1817 3553 iure
1858 3490 2062 3567 faciat,
2107 3489 2349 3569 viderit3
2389 3493 2530 3550 cum
2572 3508 2779 3549 omnes
2818 3486 2972 3548 alios
3009 3487 3340 3546 anteuertit
3375 3487 3579 3565 impru-

660 3572 858 3633 dentia
898 3579 1035 3652 'sua3
1076 3593 1189 3634 nec
1232 3577 1365 3634 Deo
1405 3574 1548 3652 ipsi,
1590 3593 1703 3633 nec
1743 3570 2036 3632 iudicibus
2073 3570 2302 3631 vocatis
2339 3574 2376 3628 a
2416 3572 2551 3630 Deo
2585 3567 2862 3628 concedit
2880 3569 3104 3627 locum.
3150 3568 3313 3627 Nam
3335 3567 3396 3626 in
3421 3569 3580 3628 rebus

660 3653 1041 3731 dogmatici3‚
1096 3659 1151 3715 &
1209 3673 1363 3731 quae
1404 3672 1542 3714 cum
1582 3655 1700 3713 fide
1741 3653 2096 3713 coniunctae
2137 3663 2299 3726 sunt,
2339 3666 2447 3709 cur
2484 3649 2680 3726 potius
2719 3647 2981 3726 aliquem
3023 3648 3100 3707 de
3139 3647 3298 3707 stiua
3337 3647 3576 3707 iudioem

658 3733 893 3810 audies,
935 3737 1115 3813 quam
1155 3754 1293 3794 eum
1332 3734 1435 3812 qui
1473 3736 1649 3794 rebus
1690 3733 1871 3794 sacris
1910 3731 2223 3809 diligenter
2261 3731 2588 3791 secundum
2633 3731 2827 3788 Deum
2872 3746 3120 3804 operam
3149 3723 3434 3786 dederit?
3469 3727 3578 3787 Cur

659 3812 856 3890 potius
895 3815 1334 3874 tumultuarium
1375 3813 1565 3891 plebis
1602 3824 1997 3890 conuentum,
2052 3822 2153 3871 aut
2193 3826 2580 3888 concursum,
2617 3829 2690 3868 ac
2727 3807 2968 3867 sibilum
3007 3807 3348 3867 anhelantis
3369 3807 3574 3876 audiet,

660 3897 839 3970 quam
880 3893 1097 3954 iustum
1137 3893 1457 3954 concilium
1498 3913 1571 3954 ex
1610 3893 1679 3952 iis
1720 3891 2062 3954 hominibus
2095 3890 2511 3966 constitutum,
2553 3907 2706 3966 quos
2745 3889 2912 3946 Deus
2959 3886 3304 3947 instruxerit
3343 3886 3572 3947 donis&

657 3973 973 4034 vocatione
1033 3977 1111 4034 ad
1174 3973 1331 4052 piam
1394 3975 1449 4033 δι
1510 3985 1773 4033 sanctam
1832 3991 2030 4032 rerum
2078 3989 2234 4048 quae
2273 3978 2794 4031 controuertuntur
2833 3963 3292 4027 definitionem?
3335 3968 3496 4043 quod
3531 3965 3572 4025 si

659 4051 905 4112 crimina
965 4065 1132 4133 sunt,
1174 4053 1475 4132 conuicia,
1518 4052 1946 4127 contumeliae,
1988 4063 2087 4111 aut
2127 4051 2284 4111 vitae
2325 4052 2480 4110 male
2518 4059 2715 4128 gestae
2755 4046 3252 4124 exprobrationes
3271 4067 3290 4105 τ
3336 4046 3570 4125 primum

660 4132 795 4192 Deo
855 4132 1128 4194 iniuriam
1189 4133 1361 4212 facis,
1422 4133 1525 4210 qui
1585 4134 1857 4194 ordinem
1916 4132 2244 4191 humanum
2296 4129 2570 4208 instituit,
2615 4129 2690 4188 de
2731 4129 2908 4188 rebus
2949 4129 3108 4188 male
3147 4126 3332 4206 gestis
3373 4126 3430 4186 in
3467 4125 3568 4186 vita

660 4212 917 4272 humana
956 4212 1369 4293 cogniturum:
1410 4212 1647 4273 Deinde
1684 4213 1799 4272 illis
1839 4213 1917 4271 ad
1958 4229 2111 4288 quos
2154 4212 2236 4270 rei
2277 4207 2540 4287 cognitio
2560 4207 2844 4288 pertinet,
2891 4206 3166 4268 iniun'am
3197 4207 3372 4284 ἕως,
3410 4224 3564 4284 quam

658 4289 955 4372 iniuriam,
982 4305 1045 4353 vt
1084 4293 1167 4353 illi
1206 4293 1595 4371 dissimulent,
1636 4313 1757 4354 non
1801 4304 2000 4352 tamen
2040 4289 2434 4351 dissimulabit
2473 4291 2673 4349 Deus:
2717 4291 3022 4366 praeterea
3063 4289 3294 4365 populo
3313 4286 3560 4346 iniuriam

658 4369 806 4432 sacis
864 4391 1044 4452 quem
1082 4374 1521 4452 imprudentem
1562 4373 1783 4434 excitas
1797 4417 1815 4453 ,
1877 4383 1941 4434 vt
1979 4373 2262 4432 conuolet
2300 4371 2358 4431 in
2403 4369 2496 4431 ius
2533 4368 2838 4449 publicum
2877 4366 3378 4446 actoritatemque
3407 4365 3564 4445 magi·

3347 4457 3558 4507 Stratus:
