3923 4875
1381 337 1489 382 1>ss
1546 338 1769 382 VERA
1826 335 2359 384 THEOLOGIA.
3229 347 3306 404 49

416 499 783 580 Theologiae
830 498 1165 577 quicunque
1220 499 1551 560 intellectus
1607 501 1801 558 solum
1814 543 1831 578 ,
1880 509 1984 560 aut
2030 499 2336 590 scientiae²
2389 509 2491 558 aut
2529 499 2668 560 artis
2709 500 2954 562 nomine
2995 521 3126 562 eam
3169 504 3308 562 defi-

416 580 615 642 niunt:
656 595 795 640 cum
832 578 1164 639 intellectus
1200 578 1263 638 in
1296 577 1595 656 principiis
1634 578 1919 639 duntaxat
1957 579 2185 657 positus
2229 587 2520 641 rationem
2559 579 2796 659 fundat,
2835 583 2892 641 δι
2933 598 3082 673 opus
3119 582 3310 658 ipsum

418 657 691 737 rationis,
749 659 915 736 quod
972 659 1334 736 appellamus
1387 657 1889 719 ratiocinationem
1904 703 1922 738 ,
1977 667 2270 719 exerceat:
2321 657 2572 719 Scientia
2623 677 2698 719 ex
2744 659 3039 738 principiis
3086 661 3313 722 ratione

401 739 555 799 iusta
611 755 745 798 suas
804 739 1219 798 conclusiones
1278 737 1484 797 faciat:
1543 739 1661 797 Ars
1718 755 1865 798 vero
1924 738 2004 799 ab
2062 737 2362 799 intellectu
2416 737 2774 816 scientiaque
2822 739 3200 818 proficiscens
3249 739 3310 800 in

403 819 605 896 aliquo
644 835 826 895 opere
865 818 1231 878 terminetur.
1289 817 1370 877 At
1408 818 1559 876 haec
1596 816 1798 878 omnia
1836 817 2010 878 simul
2048 817 2380 895 Theologia
2417 827 2618 878 nostra
2657 820 3139 900 comprehendit3
3158 820 3310 896 prin-

406 899 695 974 cipiorum
748 896 1111 957 intellectum
1125 943 1139 970 ,
1192 896 1643 957 conclusionum
1682 895 2356 974 determinationumque
2394 897 2724 977 scientiam,
2765 901 2822 958 δι
2861 897 3056 976 operis
3095 901 3308 977 nostri,

403 986 691 1055 quatenus
729 977 807 1036 ad
845 978 1043 1037 Deum
1084 975 1531 1054 contendimus,
1569 985 1755 1036 artem
1794 974 2262 1038 saluberrimam:
2304 993 2458 1054 quae
2496 977 2698 1037 omnia
2729 976 2875 1038 nihil
2903 980 3108 1056 plane,
3141 997 3307 1056 prae-

400 1067 673 1134 terquam
712 1054 1031 1136 sapientia,
1066 1055 1327 1117 iudicare
1366 1060 1531 1118 certo
1571 1064 1797 1135 potest,
1838 1065 1943 1116 aut
1981 1056 2305 1117 commode
2345 1054 2622 1117 ordinare
2636 1100 2655 1136 ,
2695 1066 2797 1118 aut
2835 1069 3131 1135 praestare
3163 1060 3310 1118 salu·

401 1137 619 1198 tar-iter.
680 1136 853 1211 Quae
910 1151 1047 1197 cum
1102 1135 1187 1196 ita
1236 1136 1377 1215 sint,
1428 1153 1551 1196 non
1588 1145 1789 1213 potest
1828 1135 2197 1213 Theologiae
2237 1135 2413 1196 statui
2447 1137 2633 1196 vllum
2669 1136 2832 1198 aliud
2871 1155 3058 1214 genus
3071 1182 3090 1218 ,
3131 1154 3310 1216 quam

401 1213 719 1294 sapientia,
758 1216 836 1276 de
872 1214 1173 1294 principiis
1210 1213 1588 1276 scientiarum
1624 1213 1687 1274 in
1718 1217 2058 1294 Intellecta,
2097 1217 2153 1276 δι
2186 1215 2265 1276 de
2297 1215 2775 1278 conclusionibus
2797 1234 2996 1278 aarum
3015 1216 3310 1294 iudicanS,

402 1299 461 1357 &c
517 1296 719 1357 omnia
766 1295 829 1356 vi
886 1313 995 1356 sua
1037 1297 1441 1373 complectens
1480 1311 1635 1372 quae
1674 1294 1754 1356 ad
1794 1293 2224 1374 perfectionem
2262 1293 2460 1355 omnis
2497 1294 2646 1356 boni
2683 1307 2820 1358 sunt
2857 1297 3182 1358 necessaria
3197 1340 3212 1371 ,
3255 1300 3311 1357 δι

404 1374 477 1436 iis
512 1373 790 1436 omnibus
826 1386 997 1436 vtens
1038 1372 1482 1452 sapientissime.

484 1454 649 1516 Huic
686 1465 885 1516 autem
922 1453 1125 1534 generi
1163 1452 1553 1515 differentiam
1590 1469 1760 1514 suam
1798 1455 1856 1516 δι
1892 1451 2356 1532 propriissimam
2393 1457 2484 1531 (vt
2520 1452 2604 1515 im
2641 1452 2932 1532 dicamus)
2971 1466 3134 1517 certe
3152 1455 3312 1516 vide-
3377 1499 3386 1504 -

408 1551 541 1600 mur
596 1531 908 1615 adhibere,
970 1551 1153 1612 quum
1206 1553 1341 1594 eam
1392 1531 1643 1594 dicimus
1690 1551 1821 1594 esse
1859 1534 2230 1594 Diuitiarum
2265 1552 2466 1593 rerum
2507 1532 2874 1612 sapientiam.
2931 1534 3178 1597 Diuinas
3217 1555 3311 1596 res

406 1631 590 1690 quum
648 1615 1042 1694 appellamus,
1096 1612 1385 1691 triplicem
1436 1617 1525 1690 (vt
1570 1613 1654 1673 ita
1691 1611 1984 1691 dicamus)
2023 1612 2301 1674 virtutem
2341 1613 2864 1692 conditionemque
2903 1615 3308 1676 admirabilem

405 1693 467 1752 in
506 1693 591 1754 eis
629 1693 1101 1772 complectimur.
1160 1692 1453 1772 Primum,
1492 1692 1659 1769 quod
1699 1692 2004 1754 obiectum
2032 1692 2298 1753 diuinum
2329 1703 2452 1772 est,
2471 1693 2630 1754 circa
2649 1694 2813 1772 quod
2833 1706 3096 1756 versatur
3115 1696 3310 1756 Theo·

407 1771 593 1850 logia:
653 1773 919 1846 Deinde,
972 1773 1141 1851 quod
1190 1771 1407 1834 mod‘us
1458 1770 1777 1850 sapientiae
1816 1771 1972 1835 illius
2014 1771 2248 1832 diuinus
2287 1783 2406 1832 est:
2449 1774 2607 1833 Tum
2650 1773 2934 1854 denique,
2975 1776 3141 1852 quod
3179 1775 3310 1835 finis

408 1853 583 1912 etiam
624 1851 859 1914 diuinus
894 1864 987 1914 est
1022 1873 1097 1914 ac
1132 1850 1609 1931 perfectissimus.
1648 1869 1795 1928 quas
1832 1861 1951 1912 tres
1989 1850 2232 1912 virtutes
2271 1850 2396 1912 siue
2435 1851 2806 1914 conditiones
2845 1853 3020 1914 simul
3047 1854 3107 1914 in
3140 1853 3311 1914 ratio-

408 1948 547 1992 nem
582 1931 797 1992 iustam
835 1948 973 1993 cum
1011 1931 1383 1997 scientiarum
1404 1930 1673 1993 omnium
1694 1931 2070 2010 Θοωρητικῶν
2107 1934 2207 1990 καὶ
2245 1941 2574 2011 πρακτικῶν
2591 1977 2609 2012 ,
2631 1943 2756 1993 turn
2775 1933 3093 2012 sapientiae
3109 1935 3280 1995 huius
3293 1979 3310 2012 ,

406 2028 607 2072 earum
660 2011 927 2072 omnium
985 2013 1158 2074 facile
1208 2010 1524 2104 principis,
1576 2026 1729 2088 opus
1770 2020 1860 2071 est
1900 2025 2273 2070 concurrere.
2312 2012 2470 2070 Nam
2509 2011 2632 2073 sive
2672 2013 2751 2073 ad
2791 2012 3091 2074 obiectum
3130 2026 3309 2074 mate-

405 2090 625 2153 riamve
662 2091 834 2152 huius
872 2090 1195 2168 sapientiae
1233 2109 1557 2170 respexeris
1570 2135 1591 2170 ,
1627 2092 1795 2151 Deus
1832 2099 1953 2168 est,
1993 2091 2051 2150 δι
2089 2089 2374 2180 quicquid
2411 2089 2527 2151 Dei
2567 2102 2683 2171 est,
2721 2093 2779 2152 δε
2817 2093 3099 2184 quicquid
3119 2096 3156 2153 a
3174 2095 3308 2154 Deo

408 2181 530 2248 est,
569 2181 749 2248 atque
787 2171 867 2232 ad
904 2173 1100 2234 Deum
1140 2170 1477 2234 ordinatur:
1516 2170 1643 2232 siue
1671 2169 1752 2230 ad
1780 2169 2028 2232 modum
2048 2168 2233 2246 ilhus,
2252 2167 2486 2231 divinus
2505 2182 2595 2231 est
2613 2171 2934 2253 princip1o,
2953 2173 3188 2235 actione
3203 2218 3221 2252 ,
3240 2193 3312 2234 ac

408 2251 623 2312 effectu
660 2268 803 2332 suo;
843 2268 969 2311 non
1006 2255 1264 2312 humana
1302 2253 1496 2312 solum
1532 2247 1734 2312 omnia
1751 2249 2174 2310 transcendens
2195 2249 2260 2325 (f.
2285 2250 2479 2326 1376.)
2501 2250 2562 2311 in
2583 2249 2906 2331 infinitum,
2926 2253 3032 2314 sed
3051 2256 3108 2313 ὅτ
3125 2255 3312 2313 Natu-

406 2348 537 2390 ram
572 2330 729 2391 hanc
766 2331 1101 2392 vniuersam
1137 2348 1319 2408 quam
1355 2329 1692 2409 longissime
1731 2329 2200 2406 praeteruolans:
2239 2327 2363 2392 sive
2401 2329 2480 2389 ad
2519 2332 2698 2390 finem
2736 2330 2960 2412 ipsum,
3000 2335 3164 2392 Deus
3184 2333 3316 2392 finis

408 2408 562 2471 illius
599 2421 721 2490 est,
760 2414 817 2473 &
856 2411 1124 2473 salutaris
1160 2412 1261 2473 illa
1296 2423 1476 2490 atque
1514 2408 1775 2489 gloriosa
1812 2405 1927 2469 Dei
1965 2406 2146 2501 ipsius
2185 2407 2365 2487 visio,
2403 2408 2485 2470 ad
2522 2427 2702 2489 quam
2721 2411 2836 2473 hac
2855 2411 3142 2491 sapientia
3160 2412 3314 2473 duce

410 2490 841 2554 contendimuS.
899 2491 1001 2552 Ad
1037 2493 1197 2554 hunc
1235 2492 1415 2553 finem
1428 2536 1447 2569 ,
1485 2499 1783 2567 quotquot
1818 2487 2224 2567 promissionis
2263 2488 2470 2568 spiritu
2509 2490 2804 2569 obsignati
2843 2510 3042 2553 sumus
3075 2512 3180 2570 per
3200 2494 3314 2553 Dei

408 2568 687 2649 gratiam,
733 2572 817 2631 ita
854 2572 1139 2633 currimus
1178 2582 1245 2633 vt
1286 2590 1411 2633 non
1448 2570 1510 2631 in
1550 2568 1840 2631 incertum
1878 2584 2214 2644 curramus3
2253 2571 2346 2631 Ita
2382 2570 2644 2648 pugilatu
2685 2590 3023 2633 exercemus
3059 2573 3313 2631 lacertos

406 2660 647 2711 nostros
660 2696 679 2727 ,
718 2660 781 2711 ut
820 2658 1021 2712 aerem
1056 2670 1182 2711 non
1219 2650 1570 2712 caedamus:
1608 2665 1653 2709 1.
1696 2647 1832 2710 Gor.
1872 2668 1929 2726 9.
1969 2650 2064 2709 26.
2103 2646 2376 2728 Denique
2396 2650 2808 2711 obliuiscentes
2829 2670 2900 2712 ea
2919 2670 3071 2728 quae
3089 2654 3126 2710 a
3145 2663 3314 2729 tergo

409 2738 547 2789 sunt
560 2774 579 2807 ,
634 2733 687 2790 δι
738 2731 1153 2807 pertendentes
1201 2730 1352 2793 serio
1401 2730 1482 2791 ad
1528 2748 1599 2791 ea
1650 2744 1804 2805 quae
1853 2738 1991 2789 ante
2039 2746 2152 2789 nos
2191 2739 2353 2806 sunt,
2393 2748 2644 2808 scopum
2683 2749 2888 2791 versus
2922 2730 3318 2791 indesinenter

408 2809 650 2966 ίῗῗῐῗὲι·
706 2810 787 2871 ad
842 2810 1172 2888 praemium
1231 2828 1521 2890 supernae
1580 2806 1910 2870 vocationis
1970 2805 2088 2869 Dei
2143 2806 2208 2869 in
2265 2808 2502 2871 Christo
2552 2812 2688 2871 Iesu
2740 2820 3040 2871 seruatore
3088 2820 3313 2872 nostro.

510 2910 533 2949 ι
556 2910 577 2947 e
622 2932 638 2948 .
681 2908 739 2968 3.
784 2908 877 2964 14.

1588 3206 1641 3266 C
1658 3206 1717 3273 A
1736 3206 1785 3265 P
1802 3205 1861 3265 V
1881 3206 1939 3265 T
1999 3206 2030 3265 1
2047 3202 2079 3265 1
2095 3205 2146 3264 1.

1444 3362 1773 3440 Quotupleoe
1810 3360 1895 3420 sit
1935 3358 2278 3435 Theologia.

490 3537 621 3600 Etsi
676 3558 753 3601 ex
808 3536 879 3600 iis
930 3558 1081 3618 quae
1134 3540 1318 3603 modo
1358 3540 1755 3617 ostendimus,
1800 3538 2116 3599 informata
2154 3554 2284 3599 esse
2323 3534 2555 3598 videtur
2599 3538 2792 3617 ὥσπερ
2831 3540 2894 3597 ἐν
2935 3544 3094 3617 τύπῳ
3109 3584 3127 3615 ,
3165 3538 3317 3600 ratio

412 3638 587 3680 verae
626 3619 1021 3699 Theologiae,
1062 3622 1139 3683 de
1176 3638 1296 3699 qua
1333 3620 1683 3682 instituimus
1719 3621 1840 3681 hoc
1876 3618 2018 3678 loco
2058 3615 2286 3678 dicere:
2327 3628 2528 3678 tamen
2561 3620 2789 3678 nomini
2808 3619 2891 3677 illi
2909 3618 3319 3695 augustissimo

410 3699 775 3777 Theologiae
788 3744 806 3779 ,
846 3700 1085 3778 eiusque
1123 3700 1476 3781 definitioni,
1516 3717 1635 3778 qua
1676 3698 1859 3760 modo
1900 3696 1992 3757 vsi
2029 3713 2260 3777 sumus,
2302 3696 2593 3775 quaedam
2627 3696 2844 3757 accidit
2875 3697 3317 3777 aequiuocatio;

411 3795 565 3857 quae
618 3779 1005 3858 distinguatur
1044 3784 1181 3841 ante
1220 3788 1461 3842 necesse
1500 3791 1586 3841 est
1600 3824 1617 3859 ,
1658 3780 1837 3855 quam
1876 3777 1956 3837 ad
1993 3776 2362 3855 Theologiae
2399 3776 2573 3837 huius
2613 3794 2766 3853 quae
2804 3776 2996 3855 agitur
3035 3777 3316 3838 fusiorem

411 3857 867 3937 explicationem
906 3858 1226 3921 veniamus.
1266 3862 1460 3921 Tanta
1498 3859 1657 3921 enim
1697 3868 1787 3918 est
1825 3854 2155 3934 amplitudo
2179 3856 2332 3935 eiuS,
2349 3866 2415 3917 vt
2433 3872 2630 3933 neque
2649 3856 2858 3917 eadem
2876 3874 3028 3916 voce
3042 3873 3146 3917 res
3166 3858 3317 3917 adeo

414 3938 747 4015 differentes
786 3942 1105 4001 commode
1144 3940 1283 4001 satis
1320 3940 1593 4001 denotari
1629 3936 1857 4016 possint
1870 3979 1889 4015 ,
1928 3924 2124 4013 deque
2161 3954 2283 3997 vno
2323 3953 2538 4013 genere
2565 3954 2672 3996 eae
2690 3933 3021 4014 disparatae
3041 3956 3136 3997 res
3155 3956 3318 3997 com-

411 4018 730 4099 prehenffl,
769 4036 917 4097 quas
954 4040 1073 4081 vna
1112 4038 1261 4081 voce
1300 4019 1771 4098 significauimuS.
1811 4016 2193 4093 Quapropter
2233 4025 2298 4075 vt
2339 4034 2434 4076 res
2474 4030 2628 4091 quae
2669 4014 3038 4092 Theologiae
3077 4018 3320 4077 nomine

412 4110 814 4178 exponuntur,
877 4102 1202 4162 secundum
1261 4102 1546 4161 Naturam
1606 4100 1662 4159 δι
1720 4094 2130 4157 conditionem
2189 4110 2356 4153 suam
2403 4112 2621 4171 genere
2676 4105 2808 4154 toto
2859 4094 3172 4175 differunt,
3213 4097 3318 4157 sed

411 4178 684 4256 analogia
720 4179 977 4256 quadam
1014 4182 1167 4243 inter
1205 4200 1269 4242 se
1305 4184 1441 4259 apte
1480 4177 1951 4241 communicant:
1993 4176 2085 4234 Ita
2123 4176 2180 4234 &
2219 4170 2386 4234 vocis
2424 4174 2736 4234 statuenda
2773 4184 2861 4235 est
2900 4176 3317 4254 homonymia,

414 4258 539 4318 siue
578 4260 669 4335 (vt
704 4261 886 4339 vulgo
926 4262 1271 4339 loquuntur)
1307 4258 1737 4339 aequiuocatio.
1800 4254 2088 4331 Quamuis
2125 4252 2640 4330 aequiucationem
2673 4253 2860 4331 ipsam
2895 4254 3058 4332 prius
3077 4274 3318 4333 quoque

416 4338 453 4395 a
508 4336 687 4399 nobis
705 4359 725 4380 ·
742 4338 1019 4418 distingui
1068 4342 1189 4401 hoc
1238 4342 1376 4402 loco
1425 4358 1665 4402 necesse
1719 4346 1839 4416 est3
1880 4333 2020 4410 quia
2057 4335 2208 4395 haec
2245 4349 2370 4393 non
2410 4349 2557 4412 pura
2596 4344 2686 4393 est
2724 4334 3138 4474 aequiuocatilo
3155 4380 3174 4414 ,
3197 4337 3318 4426 ‘sed

1863 4431 1892 4488 7
2980 4434 3094 4473 ana
3115 4434 3285 4493 ogica
3297 4460 3315 4493 ,
