3923 4875
606 315 679 368 28
1576 316 1995 360 FRANCISCI
2048 319 2269 371 JUNII
2333 320 2529 363 VITA.

604 479 999 548 deuehamur?
1040 490 1469 560 momentoque
1508 489 1572 540 vt
1610 479 2036 540 exscendamus
2075 477 2343 558 imperat.
2382 479 2628 542 Eximus
2667 499 2876 544 omnes
2917 485 3173 559 (eramus
3211 493 3410 546 autem
3429 487 3512 546 ad

608 565 801 645 capita
836 562 1045 642 viginti
1080 561 1369 641 quinque)
1408 563 1465 622 δι
1504 578 1618 639 ego
1660 578 1795 620 meo
1832 559 2042 620 ordine
2081 559 2250 636 quasi
2289 559 2517 621 medius
2555 580 2662 639 per
2700 561 3034 624 satellitium
3076 573 3340 643 transeo,
3361 567 3514 626 salu·

606 656 735 707 tato
789 646 1127 722 Praefecto,
1167 642 1313 702 dum
1350 638 1449 702 ille
1488 659 1563 700 ex
1594 656 1751 718 equo
1765 685 1783 718 ,
1824 637 1923 699 cui
1961 637 2280 717 insidebat,
2321 639 2634 702 demittens
2674 660 2798 703 sese
2836 643 3116 720 perualde
3155 645 3515 706 obseruabat

603 726 666 787 in
724 723 953 786 omneis
1012 732 1207 800 partes
1272 717 1716 800 diligentissime
1730 765 1749 798 ,
1806 735 1950 780 num
2009 719 2140 797 quis
2181 724 2362 796 porre
2401 720 2464 780 in
2504 739 2578 781 eo
2617 720 2856 800 nauigio
2900 726 3064 799 (nam
3103 733 3325 786 tectum
3363 727 3516 800 erat)

601 806 873 867 latitaret.
934 801 1231 864 Confidite
1287 798 1697 879 prouidentiae
1756 797 2031 878 Domini,
2088 797 2192 876 qui
2248 797 2588 862 ministratis
2648 801 2913 863 Domino
2927 849 2944 880 ,
2993 803 3049 862 &
3089 801 3148 864 in
3187 803 3518 866 certissima

600 885 752 947 illius
813 883 1053 946 veritate
1108 901 1181 943 ac
1242 880 1360 942 fide
1418 878 1847 958 conquiescite:
1894 898 2034 940 nam
2075 876 2264 940 fidelis
2305 890 2392 940 est
2432 880 2726 944 Dominus
2739 927 2756 960 ,
2799 893 2998 943 custos
3035 883 3286 946 Israelis.
3348 883 3516 960 Quid

600 965 809 1045 Brugis
869 959 1125 1024 accidit?
1183 960 1458 1024 festiuum
1512 969 1601 1021 est
1659 959 1823 1035 quod
1885 967 2226 1019 narraturus
2277 975 2409 1019 sum
2471 961 2547 1021 de
2600 963 2776 1023 rebus
2831 962 3009 1034 meis,
3060 980 3244 1040 quum
3293 965 3523 1042 Brugas

595 1045 811 1106 inuitus
870 1045 1205 1122 postulante
1264 1039 1553 1118 Brugensi
1612 1037 1882 1102 Ecclesia
1896 1083 1914 1116 ,
1975 1038 2262 1099 suadente
2313 1040 2367 1097 &
2406 1041 2681 1102 hortante
2723 1041 3056 1120 Gandensi,
3097 1043 3518 1106 transiuissem.

600 1128 864 1186 Venerat
912 1122 1121 1201 Brugis
1182 1120 1541 1182 Gandauum
1594 1117 1783 1180 fidelis
1832 1117 1947 1180 Dei
1997 1134 2200 1179 seruus
2242 1120 2499 1180 Ioannes
2538 1121 2866 1182 Muntensis
2881 1167 2899 1199 ,
2939 1139 3120 1201 quem
3158 1125 3338 1201 paulo
3378 1127 3516 1184 ante

601 1203 856 1282 Hispani
914 1202 1141 1281 aliquot
1198 1202 1525 1278 Brugarum
1586 1197 1821 1260 incolae
1877 1200 1915 1257 a
1973 1197 2267 1258 concione
2327 1199 2636 1277 abreptum
2695 1200 2905 1262 misere
2965 1201 3418 1264 diuexauerant:
3457 1205 3517 1263 δι

605 1293 939 1363 spectactor
968 1281 1319 1358 auditorque
1350 1281 1542 1340 suerat
1568 1277 1629 1337 in
1658 1289 1957 1339 conuentu
1985 1277 2249 1357 quodam
2282 1278 2624 1340 suburbano
2655 1283 2693 1340 a
2728 1282 3220 1345 Gandauensibus
3239 1281 3516 1344 fratribus

508 1381 516 1387 ·
602 1364 836 1444 habito,
887 1379 1070 1441 quum
1110 1361 1320 1422 vulnus
1359 1375 1645 1438 pei-graue
1685 1357 1988 1420 Ecclesiae
2029 1358 2412 1418 Gandauensi
2449 1379 2556 1438 per
2595 1360 3050 1438 imprudentiam
3090 1365 3312 1423 factum
3351 1364 3517 1423 Deus

605 1445 805 1522 aliquo
867 1452 1072 1534 pacto,
1134 1459 1251 1517 ope
1264 1483 1283 1518 ,
1341 1437 1618 1506 consilio,
1679 1439 1736 1497 δι
1785 1457 1969 1517 opera
2007 1447 2208 1500 nostra
2246 1439 2439 1500 curari
2477 1440 2778 1502 voluisset.
2857 1440 2974 1502 Hic
3011 1441 3280 1520 exposita
3317 1459 3516 1502 rerum

604 1528 992 1602 Brugensmm
1032 1520 1377 1582 difficultate
1418 1519 1666 1597 rogabat
1705 1517 1819 1579 sibi
1858 1517 2115 1595 aliquem
2155 1516 2422 1598 adiungi,
2463 1519 2566 1596 qui
2605 1520 2934 1582 Ecclesiam
2977 1521 3268 1584 Gallicam
3308 1521 3520 1600 Brugis

606 1606 895 1666 solaretur
934 1602 1121 1662 verbo
1136 1645 1155 1680 ,
1198 1600 1255 1659 δι
1296 1616 1479 1676 opere
1519 1597 1842 1660 adiuuaret.
1902 1597 2397 1660 Gandauensibus
2433 1601 2512 1660 ab
2551 1598 2754 1679 inopia
2791 1601 3200 1663 Ministrorum
3239 1621 3304 1662 se
3345 1620 3518 1663 excu-

605 1683 867 1744 santibus
882 1728 899 1760 ,
942 1683 997 1741 &
1036 1698 1134 1740 me
1172 1677 1572 1740 reuersionem
1610 1679 1690 1738 ad
1730 1677 2169 1757 Antuerpianos
2210 1689 2453 1757 vrgente
2468 1724 2486 1757 ,
2527 1679 2758 1759 vtrique
2797 1680 3128 1742 institerunt
3141 1729 3158 1758 ,
3197 1692 3264 1743 vt
3290 1683 3516 1760 Brugas

604 1765 714 1824 iter
772 1765 1029 1822 facerem
1042 1805 1061 1839 ,
1121 1761 1178 1819 &
1238 1756 1469 1818 dierum
1517 1757 1746 1835 aliquot
1784 1775 2021 1820 vsuram
2061 1757 2362 1820 Ecclesiae
2399 1757 2484 1820 ini
2521 1758 2858 1821 tribuerem.
2939 1761 3167 1839 Negaui
3205 1765 3518 1823 facturum.

604 1840 931 1908 Muntensis
970 1859 1045 1900 ex
1082 1849 1353 1915 tempore
1391 1837 1596 1899 nescio
1636 1854 1757 1916 qua
1794 1837 2145 1899 auctoritate
2183 1847 2444 1899 armatus
2472 1839 2554 1900 ita
2587 1859 2684 1900 me
2717 1839 3130 1920 compellauit,
3165 1851 3228 1902 vt
3260 1840 3514 1903 insolen-

604 1934 723 1983 tem
782 1917 1039 1980 hominis
1100 1937 1437 1979 sermonem
1494 1918 1813 1980 admirarer
1826 1963 1845 1998 ,
1904 1921 1960 1980 &
2008 1937 2104 1979 me
2143 1920 2299 1979 vltro
2339 1918 2690 1979 subiicerem
2727 1921 3017 1982 voluntati
3054 1920 3334 2000 ipsorum.
3415 1920 3514 1982 Sic

601 2005 964 2079 Brugensem
1024 1997 1350 2059 Ecclesiam
1410 1995 1789 2060 visitauimus.
1868 1997 2240 2059 Concionem
2301 1999 2378 2058 ad
2429 1999 2636 2060 vrbem
2677 2000 2799 2060 duo
2839 1999 3181 2062 habuimus:
3222 2003 3368 2062 alter
3402 2020 3518 2062 ser-

606 2099 783 2141 mone
847 2077 1107 2139 Flandro
1124 2123 1143 2155 ,
1202 2079 1257 2137 &
1303 2096 1417 2156 ego
1455 2077 1711 2140 Gallico,
1790 2079 1935 2138 Erat
1977 2077 2182 2170 opinio
2221 2076 2441 2144 ciuium
2454 2124 2472 2156 ,
2512 2097 2636 2140 non
2676 2089 2874 2141 autem
2915 2099 3048 2142 mea
3061 2127 3080 2159 ,
3119 2099 3362 2160 vespere
3401 2100 3514 2142 nos

602 2161 666 2221 in
723 2160 931 2220 vrbem
989 2156 1161 2218 facile
1198 2173 1597 2249 regressuros:
1650 2159 1705 2217 δι
1747 2157 1927 2236 Angli
1964 2160 2216 2236 ahquot,
2255 2157 2357 2236 qui
2397 2158 2542 2219 mihi
2579 2159 2826 2220 aderant
2840 2205 2857 2234 ,
2901 2162 3158 2222 futurum
3195 2180 3306 2238 pro
3347 2170 3512 2222 certo

604 2241 1056 2301 confirmabant.
1134 2236 1435 2320 Redituris
1492 2236 1554 2296 in
1606 2238 1754 2298 vrbe
1796 2237 2027 2298 ciuibus
2042 2283 2060 2316 ,
2099 2237 2475 2315 Magistratus
2513 2240 2591 2299 ad
2631 2249 2867 2331 portam
2907 2239 3095 2301 venit:
3136 2239 3298 2302 ciues
3335 2240 3516 2301 intro-

606 2319 809 2381 mittit:
850 2320 1173 2396 collegam,
1213 2333 1395 2396 quem
1436 2327 1598 2378 certo
1635 2315 1885 2378 consilio
1915 2316 2142 2395 praeire
2176 2316 2456 2379 iusseram
2473 2364 2488 2391 ,
2525 2318 2674 2380 sistit
2689 2363 2706 2398 ,
2726 2319 3061 2397 pedemque
3079 2323 3294 2382 referre
3321 2320 3512 2381 iubet:

607 2419 721 2481 ego
776 2414 963 2477 quum
1022 2397 1084 2459 id
1144 2399 1177 2457 e
1217 2395 1421 2475 longin
1466 2414 1545 2459 uo
1598 2395 1874 2459 vidissem
1916 2404 2078 2473 (nam
2117 2396 2207 2459 vir
2245 2407 2370 2459 erat
2409 2399 2561 2460 adee
2603 2416 2916 2479 procerus,
2957 2409 3020 2461 vt
3057 2399 3288 2462 omneis
3329 2403 3512 2461 ferme

605 2491 734 2543 toto
773 2479 965 2557 capite
1005 2479 1328 2555 superaret)
1367 2498 1406 2536 v
1466 2476 1622 2537 edixi
1660 2479 1755 2537 An
1760 2477 1869 2556 glis
1908 2476 2136 2557 aliquot
2174 2478 2277 2556 qui
2321 2498 2418 2539 me
2456 2479 2804 2559 prosequuti
2843 2482 3074 2541 fuerant
3111 2480 3380 2559 proxime
3393 2527 3411 2560 ,
3443 2500 3515 2541 ac

604 2580 725 2622 non
789 2558 1013 2620 accessi
1073 2556 1153 2617 ad
1210 2558 1417 2618 vrbem
1457 2556 1721 2635 propiuS.
1801 2560 1959 2619 Tum
2001 2557 2186 2618 duces
2223 2557 2398 2619 nobis
2439 2560 2652 2620 dantur
2693 2558 2796 2638 qui
2834 2559 3128 2637 praeirent
3167 2560 3304 2639 iter,
3343 2562 3399 2621 δι
3439 2562 3517 2621 de

606 2641 859 2702 statione
906 2648 1195 2700 nocturna
1234 2636 1639 2715 prospicerent
1678 2636 1738 2697 in
1779 2636 2147 2716 propinquo:
2189 2638 2443 2699 maxime
2483 2638 2620 2699 cssm
2661 2656 2914 2718 sequens
2952 2638 3078 2701 dies
3117 2652 3271 2701 esset
3308 2640 3514 2701 Domi-

602 2721 770 2782 nicus
790 2766 807 2795 ,
869 2736 991 2797 quo
1050 2716 1147 2777 die
1208 2715 1420 2778 iterum
1480 2715 1541 2775 in
1580 2718 1719 2777 loco
1760 2718 2038 2779 habenda
2079 2716 2315 2779 concio·
2395 2722 2713 2798 Vtcunque
2757 2731 2954 2781 autem
2993 2720 3070 2781 de
3108 2719 3368 2798 hospitio
3409 2720 3518 2780 fuit

602 2803 679 2862 ab
718 2799 831 2861 illis
870 2800 1202 2860 laboratum
1218 2842 1237 2876 ,
1279 2815 1392 2857 nos
1434 2798 1669 2857 lucente
1708 2798 1879 2857 Luna
1917 2795 2170 2874 amplius
2209 2796 2519 2859 dimidium
2553 2798 2744 2861 noctis
2771 2799 3178 2861 oberrauimus
3193 2846 3212 2877 ,
3241 2819 3316 2861 eo
3347 2800 3516 2877 qued

604 2879 814 2960 singuli
857 2898 969 2940 nos
1014 2876 1283 2954 excipere
1325 2875 1585 2954 hospitio
1617 2886 1969 2951 metuerent,
1995 2876 2284 2956 reliquam
2311 2888 2540 2955 partem
2574 2879 2769 2939 noctis
2783 2925 2801 2954 ,
2847 2878 3208 2958 tuguriolum
3240 2878 3511 2957 precario

600 2960 761 3021 nacti
800 2957 1149 3037 quieuimuS.
1208 2958 1454 3017 Postero
1496 2955 1591 3017 die
1606 3002 1623 3034 ,
1673 2956 2066 3018 concionibus
2105 2958 2184 3018 ad
2223 2958 2433 3018 vrbem
2471 2958 2712 3037 habitis,
2756 2959 2833 3020 de
2872 2958 3177 3021 communi
3215 2959 3516 3020 Ecclesiae

600 3037 915 3119 Brugensis
974 3034 1225 3099 consilio
1283 3034 1344 3095 in
1404 3036 1804 3114 propinquum
1856 3036 2104 3115 opidum
2143 3036 2493 3098 abducimur
2507 3084 2524 3117 ,
2565 3036 2662 3099 cui
2699 3058 2922 3100 nomen
2961 3048 3048 3099 est
3087 3040 3243 3100 Dam
3258 3083 3275 3113 ,
3315 3038 3515 3100 nescio

603 3138 721 3196 qua
779 3116 1041 3178 crucifixi
1103 3120 1193 3193 (vt
1250 3120 1491 3191 vocant)
1537 3114 1786 3177 historia
1822 3116 1940 3177 iam
1984 3115 2130 3177 olim
2169 3118 2562 3196 celebratum3
2607 3117 2710 3179 vbi
2749 3117 2829 3178 ad
2866 3118 3114 3181 biduum
3155 3118 3486 3193 quieuimus
3499 3163 3518 3196 ,

604 3203 660 3259 δε
720 3199 967 3258 honeste
1028 3194 1260 3274 excepti
1317 3212 1537 3256 sumus,
1618 3198 1762 3257 Erat
1818 3205 2014 3257 autem
2074 3196 2173 3257 die
2209 3198 2395 3258 altero
2435 3198 2654 3259 Comes
2691 3200 3100 3277 Egmontanus
3138 3198 3520 3259 Gubernator

604 3284 651 3340 F
655 3276 914 3340 landriae
952 3277 1312 3337 aduentums
1350 3276 1603 3354 BrugaS,
1644 3286 1709 3337 vt
1748 3295 1820 3336 ea
1856 3275 1917 3336 in
1968 3277 2114 3338 vrbe
2158 3287 2574 3355 componeret,
2616 3294 2770 3356 quae
2802 3278 3100 3357 religionis
3131 3294 3310 3339 causa
3341 3277 3520 3339 scissa

603 3359 981 3420 videbantur:
1025 3366 1385 3434 quapropter
1424 3354 1487 3415 in
1529 3366 1898 3417 antecessum
1936 3354 2124 3434 pridie
2176 3356 2249 3433 (is
2287 3356 2414 3417 dies
2455 3368 2580 3419 erat
2617 3359 2844 3435 Lunae)
2883 3356 3094 3436 Brugis
3131 3357 3392 3418 edictum
3427 3367 3516 3419 'est

603 3438 883 3500 mandato
922 3434 1075 3497 illius
1119 3434 1179 3495 in
1219 3444 1397 3513 caput
1440 3452 1637 3495 meum
1680 3436 2146 3527 promulgatum,
2187 3436 2237 3499 si
2276 3436 2409 3515 quis
2453 3456 2549 3497 me
2586 3436 2787 3497 viuum
2827 3439 3088 3498 traderet
3101 3482 3118 3513 ,
3159 3436 3214 3497 ei
3251 3439 3510 3499 florenos

603 3526 739 3581 800.
784 3518 876 3578 sin
916 3526 1247 3594 mortuum,
1287 3534 1426 3589 400.
1464 3514 1537 3591 (si
1576 3517 1731 3576 bene
1764 3514 2030 3592 memmi)
2061 3528 2432 3578 numeratum
2465 3515 2554 3578 iri.
2593 3518 2956 3595 Egmontani
2983 3516 3046 3577 in
3065 3518 3274 3577 vrbem
3293 3515 3511 3577 aduen-

602 3612 663 3661 tu
726 3606 1047 3675 coeperunt
1104 3597 1375 3656 laborare
1431 3594 1618 3656 nostri
1632 3642 1650 3675 ,
1708 3594 1915 3657 incerti
1973 3595 2118 3674 quid
2178 3614 2299 3675 qua
2335 3596 2566 3657 ratione
2605 3614 2743 3656 cum
2775 3594 2878 3657 illo
2917 3606 3190 3677 agerent,
3233 3612 3306 3657 eo
3327 3598 3511 3674 ‘quod

602 3698 779 3742 nemo
820 3688 948 3737 tum
984 3676 1219 3753 aderat,
1263 3673 1429 3735 cuius
1468 3693 1711 3753 operam
1749 3675 1810 3736 in
1849 3676 1964 3736 hac
2001 3694 2065 3736 re
2105 3678 2252 3737 cum*
2282 3680 2476 3738 fructu
2495 3682 2583 3753 (vt
2601 3677 2888 3754 putabant
2906 3677 3039 3755 ipsi)
3059 3694 3354 3754 occupare
3373 3696 3508 3753 pos-

598 3769 749 3822 sent.
808 3758 1001 3835 Capto
1052 3754 1250 3835 itaque
1302 3772 1439 3815 cum
1488 3754 1988 3817 Gandauensibus
2027 3756 2276 3818 consilio
2289 3802 2307 3836 ,
2347 3774 2500 3836 quos
2539 3756 2600 3817 in
2641 3754 2767 3833 pari
2805 3774 2985 3818 causa
3023 3765 3162 3819 ante
3200 3755 3326 3818 dies
3366 3774 3504 3833 pau-

597 3842 765 3901 culos
804 3838 1171 3915 adiuueram,
1212 3834 1435 3914 placuit
1473 3834 1750 3897 omnibus
1788 3854 1884 3897 me
1924 3834 1988 3895 in
2027 3839 2236 3899 vrbem
2249 3882 2267 3915 ,
2305 3836 2354 3898 si
2401 3854 2518 3915 qua
2555 3834 2781 3896 ratione
2817 3836 2946 3898 fieri
2977 3846 3176 3914 posset
3189 3882 3207 3913 ,
3241 3836 3506 3897 reuocari

595 3922 673 3982 ad
736 3938 830 3979 se:
890 3916 1141 3978 nuncius
1198 3916 1523 3995 ablegatur.
1582 3918 1817 3976 Interee.
1876 3916 2021 3976 dum
2060 3918 2208 3979 haec
2250 3927 2591 3996 gererentur
2627 3915 2834 3993 Brugis
2848 3961 2866 3994 ,
2907 3916 3281 3977 Dammensis
3321 3916 3505 3993 Magi-

593 4009 804 4062 stratus
863 4017 973 4059 nos
1034 3995 1282 4057 accersit
1342 3996 1419 4057 ad
1479 4014 1543 4055 se
1602 3995 1662 4055 in
1727 3994 1986 4057 Curiam.
2066 4000 2158 4058 Ex
2219 3998 2448 4075 collega
2503 3994 2786 4075 primum,
2847 3996 2952 4075 qui
3010 3998 3067 4055 ὅτ
3125 3995 3285 4055 cuias
3323 4007 3503 4075 esset,

592 4078 982 4142 sciscitantur:
1045 4075 1287 4155 cognito
1348 4076 1775 4138 Brabantinum
1834 4094 1990 4153 esse,
2053 4078 2357 4138 dimittunt
2413 4076 2682 4137 liberum.
2764 4077 2858 4136 De
2917 4094 3013 4135 me
3051 4085 3503 4152 percunctantur

593 4158 873 4241 plurima3
936 4158 1015 4218 ad
1074 4156 1275 4217 omnia
1332 4155 1705 4236 simpliciter,
1748 4176 1821 4217 ex
1862 4154 2105 4218 veritate
2144 4174 2343 4219 rerum
2381 4157 2438 4215 δι
2477 4172 2654 4216 sensu
2693 4173 2830 4215 meo
2870 4153 3168 4231 respondi.
3228 4158 3385 4215 Tum
3423 4154 3506 4215 ini

592 4238 885 4319 capitibus
943 4238 1043 4299 diu
1103 4236 1254 4297 inter
1312 4254 1375 4297 se
1434 4236 1695 4310 collatiS,
1744 4235 2155 4299 honestissime
2193 4234 2482 4313 alloquuti
2520 4245 2656 4296 sunt
2693 4254 2789 4295 me
2826 4232 2889 4293 in
2926 4235 3082 4293 hanc
3119 4234 3502 4296 sententiam:

592 4322 752 4385 nolle
792 4330 873 4380 se*
899 4329 964 4378 vt
1000 4316 1061 4378 in
1102 4315 1423 4395 periculum
1464 4319 1622 4378 facto
1662 4316 1927 4395 ipsorum
1969 4316 2268 4380 incidam:
2313 4320 2368 4377 δι
2410 4335 2473 4376 se
2511 4312 2768 4375 vicissim
2799 4313 3128 4385 confidere,
3165 4332 3287 4375 non
3321 4313 3500 4455 alti-um

3396 4413 3501 4456 ore
