3923 4875
70 587 123 608 ’Ἤ

64 1641 101 1768 vum
64 1473 105 1602 ιιι
64 1316 107 1434 ...a
64 1073 113 1195 nr.
64 993 99 1032 τ’
64 909 119 950 u
64 731 113 868 u.„‚.
65 601 118 622 ,·

66 2706 81 2903 “““-
64 2454 85 2659 “·““““
64 1885 97 2335 “““’ΒΩ·Ἇ’Ὡ

1270 347 1602 398 russas
1658 347 2311 400 rasococicss.
3181 351 3296 414 239

370 514 481 594 qui
520 531 721 578 verum
761 513 957 578 Deum
996 515 1337 576 coluerunt:
1379 516 1435 574 δι
1476 515 1633 576 hanc
1674 511 2002 576 Ecclesiam
2043 521 2390 591 perpetuam
2429 515 2592 590 fore,
2632 529 2744 576 nec
2782 527 3044 590 vnquam
3063 514 3296 592 penitus

370 598 634 657 deficere
656 615 847 674 posse
888 596 1331 689 contendimus,
1374 595 1627 672 quanuis
1666 593 1871 656 omnia
1912 603 2098 655 tentet
2139 596 2316 654 Satan
2331 637 2349 671 ,
2389 594 2446 654 δι
2487 593 2630 654 nihil
2671 612 2795 654 non
2815 593 3110 671 moliatur,
3129 595 3296 672 quod

366 677 453 738 ad
491 675 663 736 huius
702 674 1003 736 Ecclesiae
1038 675 1337 737 interitum
1376 677 1433 736 δι
1474 674 1715 736 exitium
1755 675 2044 751 pertinere
2091 684 2271 751 putet.
2317 675 2396 735 Et
2435 677 2594 734 certe
2634 673 2948 751 quomodo
2987 693 3092 736 rex
3133 687 3296 736 esset

368 765 679 834 aeternus,
734 755 845 818 nisi
892 757 1137 818 haberet
1186 773 1432 834 regnum
1486 766 1817 832 aeternum,
1873 755 2040 832 quod
2087 773 2320 832 semper
2365 753 2832 832 administraret,
2893 757 2948 816 δι
2987 755 3294 830 subditos,

372 853 557 977 quffi.
572 841 870 976 peffitltig
901 832 1363 1008 ιιξέιῖῐῗιξςιιιιιιι
1402 913 1811 993 particularem
1854 915 2044 989 hanc,
2087 916 2179 976 vel
2221 914 2382 974 illam
2423 913 2780 990 Ecclesiam,
2823 933 2997 992 posse
3014 914 3298 988 deficere,

374 997 499 1056 imo
540 997 831 1074 quaslibet
871 996 1249 1073 particulares
1296 1000 1339 1054 l·
1342 994 1587 1058 cclesias
1626 994 1702 1056 ad
1742 1013 1875 1056 eam
1904 994 2272 1085 paucitatem
2313 1013 2491 1072 posse
2523 994 2730 1073 redigi,
2766 1006 2828 1054 vt
2865 1013 2990 1056 non
3009 995 3084 1058 sit
3103 996 3298 1070 aliqua

374 1076 599 1137 Christi
639 1095 779 1138 vera
817 1075 1059 1138 visibilis
1097 1076 1367 1137 Ecclesia
1410 1074 1637 1136 mundo
1676 1073 1735 1134 in
1782 1072 1949 1136 terris
1989 1073 2226 1152 publice
2257 1084 2428 1152 nota,
2457 1093 2594 1136 carn
2613 1074 2772 1135 enim
2791 1075 3090 1137 interdum
3111 1086 3298 1136 exter-

374 1174 524 1216 num
564 1173 737 1216 suum
778 1157 1157 1234 splendorem
1196 1157 1491 1231 amittere,
1529 1153 1840 1216 hominum
1880 1155 2090 1216 oculos
2121 1156 2332 1228 latere,
2366 1155 2422 1214 δι
2443 1156 2646 1232 paucis
2668 1155 3008 1216 hominibus
3025 1165 3300 1217 constare

378 1235 733 1314 asserimuS,
773 1237 823 1297 si
863 1237 1048 1297 modo
1088 1235 1375 1314 reliquam
1417 1234 1851 1296 multitudinem
1898 1245 2264 1312 spectemus:
2307 1235 2463 1296 vnde
2496 1244 2656 1313 patet
2675 1235 3006 1298 Ecclesiam
3027 1255 3152 1297 non
3173 1255 3301 1296 esse

380 1316 445 1375 in
488 1335 607 1378 vna
646 1317 791 1378 sede
828 1319 1114 1395 perpetuo
1152 1317 1209 1377 δι
1250 1315 1549 1378 visibiliter
1587 1315 1947 1380 duraturam.

468 1416 559 1459 ιι.
643 1399 955 1458 Praeterea
993 1396 1325 1458 Ecclesiam
1368 1394 1743 1458 catholicam
1780 1393 1841 1454 in
1881 1413 1945 1456 se
1987 1394 2422 1456 consideratam
2461 1413 2656 1456 errare
2699 1415 2821 1458 non
2864 1415 3038 1474 posse
3057 1395 3300 1458 certissi-

377 1493 546 1536 mum
585 1487 701 1555 est,
744 1477 889 1537 dum
929 1475 1365 1570 consideratur,
1406 1487 1470 1536 vt
1510 1485 1702 1536 totum
1746 1491 1968 1552 corpus
2006 1474 2236 1535 vnitum
2272 1473 2454 1553 capiti
2489 1493 2629 1554 suo,
2673 1478 2731 1536 δι
2759 1475 2966 1539 viuens
2983 1477 3046 1538 in
3063 1476 3304 1538 Christo

376 1558 460 1617 de
518 1521 724 1634 spiritu
784 1555 939 1618 eius:
998 1557 1079 1619 ab
1136 1575 1211 1618 eo
1272 1575 1431 1618 emm
1492 1555 1573 1616 ita
1612 1553 1972 1632 viuificatur,
2013 1557 2068 1616 δι
2109 1553 2357 1647 regitur,
2395 1565 2460 1615 vt
2499 1573 2631 1618 eam
2672 1566 2858 1618 totam
2897 1557 3072 1618 simul
3111 1574 3307 1617 errare

382 1652 710 1728 numquam
752 1635 937 1712 sinat,
977 1638 1137 1698 vnde
1179 1634 1389 1700 merito
1430 1637 1711 1728 columna
1753 1633 2012 1696 veritatis
2049 1633 2170 1694 dici
2208 1645 2422 1713 potest.
2475 1638 2712 1729 Longe·
2725 1647 2924 1698 autem
2962 1638 3138 1698 aliam
3177 1655 3306 1697 esse

380 1715 677 1778 rationem
716 1715 870 1778 illius
910 1717 1245 1793 Ecclesiae,
1288 1733 1441 1793 quae
1482 1716 1543 1776 in
1585 1714 1755 1776 terris
1794 1725 1917 1792 est,
1952 1713 2268 1776 didicimus
2281 1759 2300 1794 ,
2341 1733 2464 1776 non
2503 1716 2664 1777 enim
2697 1716 2758 1776 in
2777 1717 3054 1778 omnibus
3073 1735 3308 1794 semper

382 1796 550 1857 audit
610 1799 664 1858 δι
722 1796 987 1874 sequitur
1024 1815 1240 1858 vocem
1282 1795 1539 1858 Pastoris
1578 1795 1701 1872 sui,
1744 1797 1801 1856 δι
1841 1813 1975 1856 eam
2015 1813 2090 1856 ιιι
2127 1806 2296 1873 parte
2335 1797 2564 1888 tantum
2605 1796 2806 1858 videre
2844 1799 2901 1857 δι
2942 1815 3308 1890 cognoscere

386 1873 534 1938 dicit
572 1877 918 1954 Apostolus.
954 1877 1105 1938 Inde
1142 1875 1404 1954 sequitur
1448 1841 1878 1956 perfectionem
1920 1874 2198 1936 scientiae
2237 1895 2372 1936 eam
2413 1875 2474 1936 in
2493 1877 2611 1938 hoc
2631 1879 2858 1938 mundo
2877 1876 3160 1956 consequi
3181 1895 3304 1937 non

386 1975 591 2034 posse,
646 1957 754 2018 sed
794 1961 1007 2018 contra
1044 1957 1343 2019 erroribus
1384 1957 1666 2018 infectam
1708 1973 1871 2032 esse,
1908 1973 2038 2016 non
2073 1964 2272 2017 tamen
2311 1956 2590 2034 finaliter,
2629 1977 2743 2018 nec
2784 1957 2962 2020 etiam
3000 1958 3308 2049 vniuerse5

384 2036 717 2098 Ecclesiam
776 2042 920 2099 vero
977 2039 1165 2116 hanc,
1224 2039 1320 2100 vel
1354 2036 1550 2115 illam,
1584 2047 1649 2096 vt
1687 2037 2028 2098 Romanam
2043 2080 2062 2112 ,
2100 2053 2224 2096 non
2267 2037 2454 2098 modo
2493 2055 2726 2114 errare3
2763 2039 2873 2100 sed
2913 2037 3092 2100 etiam
3131 2001 3308 2100 obrui

386 2117 629 2178 tandem
668 2115 993 2198 erroribus,
1034 2119 1091 2177 δι
1130 2119 1305 2197 plane
1346 2117 1601 2178 deficere
1641 2135 1817 2193 posse
1858 2113 2216 2194 experientia
2251 2114 2474 2177 docuit.

1670 2299 2031 2364 Corollaria.

470 2462 682 2523 Errant
720 2462 892 2541 igitur
934 2462 1035 2542 qui
1077 2466 1415 2525 Romanam
1457 2460 1827 2524 catholicam
1866 2459 2198 2521 Ecclesiam
2239 2458 2474 2523 dicuntz
2514 2462 2660 2540 quid
2683 2462 2840 2523 enim
2863 2465 2980 2523 hoc
3001 2472 3090 2524 est
3107 2462 3302 2541 aliud,

388 2545 567 2619 quam
608 2545 817 2605 orbem
860 2542 920 2603 in
962 2544 1108 2604 vrbe
1147 2540 1485 2605 includere?
1526 2541 1714 2619 Impie
1754 2540 1930 2603 etiam
1971 2556 2316 2600 accusamur
2348 2542 2683 2612 ἀποςασιας
2701 2546 2739 2602 ι
2759 2543 3070 2603 catholica
3089 2508 3307 2603 Christi

390 2622 687 2697 Ecclesia,
726 2622 997 2700 illiusque
1037 2624 1319 2685 vnitatem
1360 2621 1666 2701 abrupisse
1709 2623 1857 2683 falso
1898 2620 2337 2698 insimulemur,
2369 2626 2425 2683 δι
2443 2642 2556 2701 pro
2577 2622 2946 2683 Schismatic‘
2931 2642 2978 2683 ιι
2999 2624 3304 2700 habemur,

392 2702 495 2779 qui
534 2708 571 2762 a
612 2706 911 2779 Romana,
952 2702 1012 2764 id
1054 2714 1173 2781 est,
1210 2702 1578 2783 particulari,
1619 2703 1675 2761 δι
1716 2699 2042 2779 aequiuoce
2085 2700 2274 2779 dicta,
2315 2701 2708 2763 discessimus.

1300 2950 1331 2996 ς
1658 2960 2044 2973 ψῃ..

1211 3178 1428 3238 XLIV.
1511 3180 1641 3239 DE
1706 3179 2244 3240 ECCLESIA
2303 3178 2502 3237 DEI.

503 3376 562 3445 C
556 3382 667 3445 iem
730 3390 933 3445 extra
992 3380 1373 3447 Ecclesiam
1396 3432 1411 3459 ,
1469 3404 1639 3467 quae
1696 3394 1799 3448 est
1840 3383 2075 3449 domus
2121 3386 2190 3449 &
2219 3382 2517 3465 =familia
2561 3384 2725 3459 Dei,
2773 3403 2903 3446 non
2949 3383 3047 3446 sit
3088 3382 3282 3446 salus
3299 3432 3314 3457 ,

400 3482 479 3535 vt
526 3492 643 3535 nec
688 3482 889 3537 extra
945 3470 1291 3539 Christum
1340 3474 1708 3541 Dominum
1755 3477 1824 3540 &
1873 3474 2208 3559 Sponsum
2255 3474 2428 3551 eius,
2478 3475 2661 3538 ratio
2689 3474 3030 3556 postulat,
3075 3484 3153 3537 vt
3173 3494 3318 3537 eam

392 3563 603 3645 probe
660 3574 887 3629 notam
950 3564 1309 3631 habeamus
1322 3614 1339 3642 ,
1399 3566 1497 3631 ad
1548 3588 1747 3649 quam
1808 3576 2126 3651 tanquam
2173 3566 2474 3629 Matrem
2511 3571 2829 3647 germani
2869 3564 3053 3649 Filij
3093 3565 3319 3646 consu·

393 3655 667 3731 gtamus
684 3702 701 3731 ,
772 3658 843 3721 ὃ·
890 3656 1083 3721 cuius
1128 3662 1335 3742 operd
1378 3662 1557 3721 omni
1601 3658 1741 3721 cibo
1786 3658 2156 3741 spirituali
2197 3656 2474 3721 alamur
2511 3667 2640 3740 per
2688 3656 3032 3740 Spiritum
3083 3656 3153 3719 S.
3201 3655 3320 3739 qui

402 3756 505 3809 est
546 3747 759 3830 ipsius
803 3746 1155 3813 Ecclesiae
1198 3749 1452 3813 anima.
1498 3746 1573 3837 (f.
1632 3756 1850 3831 1709.)

1640 3936 1975 3997 Τιιιιιιι
2033 3936 2083 3997 1.

486 4108 816 4171 Ecclesiam
860 4130 987 4173 esse
1062 4110 1185 4191 imp
1187 4110 1311 4171 ium
1352 4122 1441 4173 est
1476 4115 1638 4193 apud
1681 4112 2044 4175 Christianos
2083 4112 2142 4173 in
2183 4112 2431 4174 dubium
2473 4130 2776 4175 reuocare.
2819 4114 2971 4174 Cum
2993 4111 3150 4173 enim
3173 4132 3321 4175 vnus

394 4190 469 4251 sit
509 4188 709 4269 Deus,
751 4194 956 4269 Pater,
997 4132 1321 4270 Mediator,
1364 4190 1644 4272 Spiritus,
1684 4204 1893 4272 caput,
1934 4194 2086 4254 fides
2101 4238 2120 4272 ‚
2159 4212 2322 4271 spes,
2362 4198 2674 4272 regnumq.
2711 4210 2925 4269 νιιιιιιις
2947 4194 3124 4255 etiam
3145 4214 3256 4271 pe<
3259 4212 3316 4253 u·

394 4270 573 4348 lium,
614 4290 887 4351 gregem,
930 4291 1243 4350 sponsam,
1285 4290 1539 4351 corpuS.
1578 4276 1895 4351 Matremq.
1936 4285 2201 4335 nostram
2239 4292 2448 4351 vnam,
2477 4273 2754 4335 nimirum
2775 4273 3141 4352 superiorem
3159 4274 3319 4383 illam

394 4350 819 4431 Hierusalem,
862 4371 991 4415 esse
1028 4370 1274 4415 necesse
1306 4364 1413 4415 est.
1450 4354 1613 4435 Eph.
1651 4375 1707 4429 4.
1749 4374 1807 4428 4.
1847 4356 1926 4415 ὁ·
1965 4370 2024 4433 5.
2069 4354 2209 4415 Gal.
2249 4372 2308 4427 4.
2351 4356 2448 4415 ι6.

2933 4452 2998 4495 2.
3058 4372 3446 4535 Ecclesiaifl·
