3923 4875
639 247 752 305 286
1575 259 1899 304 'russas
1958 258 2614 306 Tnnonomcan.

715 425 773 483 8.
855 425 1056 482 Locus
1113 419 1174 482 in
1235 437 1416 498 quem
1456 419 1819 500 recipiuntur
1860 418 2094 482 animae
2132 419 2397 482 fidelium
2438 419 2755 501 migrantes
2794 425 2830 482 e
2870 423 3252 504 corporibus,
3294 427 3587 488 conside·

636 514 796 563 ratur
835 503 1094 580 duplex:
1158 502 1496 562 communis
1537 511 1598 562 et
1637 500 1967 580 singularis..
2030 499 2381 564 Communis
2422 511 2538 580 est,
2603 506 2674 563 τὰ
2716 502 3069 584 ἐπουράνια,
3130 522 3472 583 supremum
3518 513 3583 570 δι

637 583 933 643 inuisibile
973 583 1213 643 coelum
1255 590 1421 643 extra
1459 583 1516 644 δε
1560 597 1738 674 supra
1777 601 1989 642 omnes
2028 582 2207 642 orbes
2248 599 2353 643 seu
2391 583 2597 643 coelos
2636 581 3058 664 aspectabileS,
3120 587 3287 662 quod
3328 588 3580 648 tertium

635 665 872 724 coelum
912 667 949 722 a
989 663 1174 722 Paulo
1214 663 1578 740 appellatur:
1619 682 1681 723 m
1723 679 1844 740 quo
1884 661 2157 723 Ecclesia
2195 661 2595 742 triumphanS,
2636 663 2691 722 &
2732 663 2791 722 in
2832 681 2905 723 ea
2934 661 3016 742 pij
3052 684 3262 727 omnes
3296 669 3413 728 hac
3446 669 3579 730 vita

635 742 900 805 defuncti
939 745 1057 804 vna
1095 760 1234 803 cum
1275 742 1468 820 capite
1507 742 1746 804 Christo
1787 745 1845 803 δι
1885 743 2086 804 electis
2126 743 2373 820 Angelis
2412 753 2737 806 versantur.
2810 743 2983 804 Idem
3022 745 3193 806 locus
3232 749 3581 826 appellatur

637 824 798 884 sinus
839 825 1151 899 Abrahae,
1191 823 1532 901 ParadiSuS,
1571 834 1810 885 aeterna
1848 823 2233 884 tabernacula
2250 869 2267 902 ,
2307 823 2525 886 domus
2565 822 2707 903 Dei,
2749 826 2861 884 ὅτε.
2900 821 3042 885 vide
3072 827 3297 906 Ephes.
3323 849 3377 888 2.
3412 832 3473 892 6.
3506 833 3573 890 δι

640 926 696 980 4.
725 925 815 967 ιο.
861 927 892 964 2
921 903 1180 964 Corinth.
1213 923 1304 964 12.
1331 923 1386 964 2.
1412 923 1464 963 2.
1507 905 1722 964 Ioann.
1751 920 1843 980 17.
1867 923 1960 978 24.
2002 905 2150 964 Luc.
2173 905 2263 966 16.
2285 925 2341 982 9.
2368 923 2462 964 22.
2482 905 2539 964 δε
2564 923 2657 981 23.
2680 923 2779 980 43.
2818 903 3033 964 Ioann.
3064 925 3156 980 14.
3182 927 3237 967 2.

717 1005 775 1063 9.
858 983 1227 1063 Singularem
1269 987 1414 1044 vero
1455 986 1658 1044 locum
1699 984 2067 1062 appellamus
2083 1026 2098 1042 .
2152 1001 2330 1062 quem
2371 984 2677 1063 proprium
2716 981 2831 1044 sibi
2869 980 3104 1046 animae
3146 987 3412 1066 singulae
3454 989 3569 1049 ob·

635 1065 861 1126 tinent:
920 1063 1018 1141 qui
1059 1065 1230 1126 locus
1263 1083 1388 1125 non
1421 1075 1512 1125 est
1545 1062 1830 1142 Physicus
1865 1081 1971 1124 seu
2000 1063 2540 1142 circumscriptiuus
2580 1065 2635 1124 &
2676 1063 3064 1140 occupatiuus
3079 1110 3096 1137 ‚
3131 1076 3196 1127 vt
3234 1069 3568 1144 loquuntur

637 1145 792 1222 (talis
833 1145 994 1207 enim
1033 1145 1208 1205 locus
1250 1143 1600 1222 corporibus
1625 1143 1834 1224 propie
1867 1145 2182 1236 competit,
2224 1147 2291 1222 (f.
2318 1147 2493 1221 1749)
2514 1160 2699 1222 eaque
2716 1143 3147 1207 circumscribit
3164 1157 3231 1207 vt
3248 1148 3567 1210 eontinens

637 1230 730 1302 ea)
769 1228 878 1288 sed
915 1237 1004 1286 est
1043 1224 1520 1302 Metaphysicus,
1573 1225 1755 1303 vulgo
1799 1223 2135 1285 definitiuus
2172 1242 2275 1286 seu
2315 1223 2713 1304 designatiuus
2752 1225 3111 1304 appellatus,
3162 1225 3224 1287 in
3264 1245 3389 1305 quo
3426 1229 3561 1291 vbi·

639 1323 880 1385 cunque
919 1315 1009 1366 est
1046 1321 1436 1382 vnaquaeque
1479 1303 1708 1385 anima,
1761 1304 1987 1366 ibidem
2026 1305 2127 1366 illa
2168 1303 2437 1384 designat
2476 1325 2635 1384 sese,
2688 1315 2897 1366 tenens
2934 1305 2991 1366 δι
3032 1307 3319 1369 definiens
3359 1310 3565 1370 locum

637 1404 808 1448 suum
848 1385 1061 1447 virtute
1103 1403 1226 1446 sua.

721 1488 815 1528 ιο.
897 1464 1235 1528 Infidelium
1275 1463 1604 1526 animarum
1646 1474 1829 1526 status
1867 1483 1973 1525 seu
2014 1463 2313 1544 conditio,
2352 1483 2427 1525 ex
2466 1463 2789 1526 collatione
2828 1464 3011 1544 ipsius
3049 1483 3187 1528 cum
3228 1466 3559 1530 animarum

637 1548 899 1614 fidelium
953 1555 1108 1608 statu
1167 1545 1340 1606 facile
1391 1555 1588 1622 potest
1637 1543 1908 1624 intelligi,
1965 1545 2267 1622 Scriptura
2305 1546 2497 1606 duce:
2546 1554 2611 1606 vt
2650 1543 2807 1604 enim
2846 1544 3077 1608 animae
3115 1547 3329 1609 beatae
3366 1549 3562 1610 omnis

637 1626 906 1689 miseriae
963 1635 1234 1718 expertes
1251 1668 1270 1704 ,
1330 1623 1622 1686 felicitatis
1663 1635 1937 1686 aeternae
1978 1625 2419 1703 possessionem
2460 1636 2597 1685 sunt
2634 1635 3067 1706 consequutae,
3126 1627 3208 1688 ita
3246 1631 3281 1689 e
3321 1627 3561 1691 diuerso

641 1707 873 1769 animae
916 1707 1238 1785 impiorum
1278 1705 1448 1767 omni
1481 1707 1647 1766 bono
1667 1751 1684 1784 ,
1743 1716 1870 1766 tum
1909 1705 2261 1785 temporali,
2302 1717 2429 1767 tum
2470 1716 2711 1767 aeterno
2727 1752 2745 1783 ,
2801 1707 3144 1785 destitutae,
3204 1707 3452 1770 miseriis
3488 1730 3561 1771 ac

639 1787 993 1849 cruciatibus
1035 1784 1286 1848 aeternis
1333 1785 1687 1846 constrictae
1727 1797 1862 1845 sunt
1877 1831 1894 1864 ,
1935 1796 2113 1863 atque
2152 1788 2303 1847 haec
2340 1787 2551 1847 misera
2590 1784 2905 1865 impiorum
2946 1785 3244 1867 conditio,
3286 1788 3559 1866 quamuis

639 1866 838 1946 specie
895 1886 1014 1927 vna
1070 1866 1176 1944 sit,
1237 1866 1505 1926 omnium
1561 1867 1975 1926 damnatorum
2031 1865 2400 1928 communis:
2462 1868 2661 1945 plures
2698 1877 2899 1928 tamen
2940 1879 3078 1928 sunt
3114 1868 3333 1946 gradus
3370 1869 3527 1930 illius
3542 1917 3560 1950 ,

639 1947 965 2010 secundum
1004 1963 1158 2023 quos
1199 1946 1294 2022 alij
1336 1945 1568 2024 duriuS,
1607 1947 1704 2024 alij
1747 1946 2109 2007 tolerabilius
2152 1957 2505 2025 tractantur,
2568 1964 2641 2007 ex
2680 1959 3065 2025 peccatorum
3106 1945 3522 2025 inaequalitate
3536 2001 3553 2028 ,

640 2029 796 2089 iusto
835 2025 1054 2088 iudicio
1095 2027 1230 2088 Dei.
1292 2029 1493 2088 Math.
1542 2045 1632 2088 10.
1681 2043 1772 2104 15.
1813 2028 1958 2087 Luc.
2012 2047 2101 2086 12.
2146 2029 2244 2101 48.

726 2128 817 2169 ιι.
897 2106 1138 2180 Miseria
1194 2115 1392 2168 autem
1451 2106 1682 2168 illarum
1741 2119 1831 2168 est
1892 2107 2140 2186 duplex,
2204 2108 2413 2184 culpae
2454 2112 2507 2168 δι
2552 2125 2800 2184 poenae.
2868 2108 3055 2184 Culpa
3074 2128 3098 2168 .·
3156 2128 3297 2168 nam
3336 2110 3446 2170 etsi
3484 2128 3559 2170 ex

638 2198 882 2249 naturae
931 2205 1107 2248 sensu
1165 2189 1364 2248 Deum
1413 2185 1629 2247 iustum
1646 2232 1664 2266 ,
1726 2189 1782 2248 &
1827 2197 2138 2265 peccatum
2182 2187 2587 2248 damnandum
2630 2205 2758 2248 esse
2796 2187 3086 2266 sentiunt,
3148 2205 3319 2249 suum
3360 2199 3560 2250 tamen

645 2267 914 2330 habiturn
931 2314 948 2348 ,
1009 2279 1348 2346 peccatum,
1408 2270 1463 2328 &
1515 2277 1713 2328 actum
1775 2266 1900 2328 eius
1959 2287 2085 2328 non
2143 2277 2607 2346 recognoscunt,
2668 2277 2731 2328 vt
2771 2285 2926 2343 quae
2966 2268 3392 2330 resurrectione
3443 2269 3558 2330 sint

638 2349 901 2411 dicturae
962 2348 1199 2409 Christo
1215 2393 1230 2422 ,
1292 2346 1583 2427 Domine,
1642 2347 1885 2425 quando
1946 2357 2005 2408 te
2065 2347 2318 2409 vidimus
2378 2347 2765 2427 esurientem3
2805 2351 2916 2409 διε.
2956 2351 3183 2410 Matth.
3225 2365 3319 2426 25.
3360 2371 3457 2425 44.
3500 2353 3559 2411 δι

639 2430 917 2493 dentibus
956 2429 1235 2491 frendant
1272 2428 1335 2489 in
1372 2430 1571 2489 Deum
1611 2426 1948 2507 iudiciaque
1990 2427 2189 2506 ipsius.
2240 2429 2485 2489 Poena:
2522 2448 2663 2489 nam
2700 2427 2993 2490 cruciatus
3024 2440 3297 2491 aeternos
3328 2431 3557 2493 futuros

639 2510 760 2571 suis
800 2510 920 2571 iam
963 2508 1244 2589 gradibus
1282 2510 1584 2588 perferunt
1623 2508 1839 2587 quibus
1875 2508 2233 2570 cruciatibus
2274 2508 2653 2570 continentur
2693 2511 2871 2587 plena
2890 2508 3141 2589 priuatio
3163 2510 3363 2571 omnis
3384 2512 3558 2590 boni,

636 2594 693 2652 δι
747 2588 1091 2652 constitutio
1145 2588 1208 2650 in
1261 2592 1439 2651 malo.
1519 2590 1800 2650 Priuatio
1868 2609 1920 2650 1.
1982 2588 2345 2667 praesentiae
2404 2587 2696 2668 gratiosae
2756 2589 2873 2650 Dei
2928 2590 3273 2669 gloriaeque
3345 2590 3559 2669 ipsius:

637 2674 793 2732 Nam
855 2680 1026 2731 erunt
1085 2670 1362 2749 expulsae
1422 2673 1460 2730 a
1520 2668 1670 2729 facie
1730 2669 1977 2731 Domini
2030 2672 2109 2746 (2.
2152 2671 2417 2731 Thessal.
2464 2690 2515 2731 ι.
2557 2672 2639 2747 9.)
2680 2672 2736 2731 81
2778 2671 2816 2729 ὲ.
2856 2668 3047 2747 gloria
3085 2670 3319 2731 roboris
3358 2670 3557 2749 ipsius,

643 2772 696 2813 2.
740 2750 1178 2813 communionis
1221 2749 1468 2827 Christi,
1529 2753 1876 2829 angelorum
1930 2749 2274 2823 beatorum,
2335 2751 2391 2808 δι
2442 2751 2785 2811 Sanctarum
2826 2748 3156 2811 animarum
3198 2750 3261 2811 in
3300 2750 3555 2811 Christo,

640 2852 698 2909 3.
737 2833 1037 2893 bonorum
1096 2829 1362 2891 omniurn
1379 2876 1400 2909 ,
1460 2847 1611 2907 quae
1671 2848 1810 2891 cum
1869 2828 2204 2908 praesentia
2260 2828 2376 2890 Dei
2427 2834 2482 2891 δι
2522 2829 2944 2891 communione
2984 2829 3205 2892 Christi
3240 2829 3559 2893 coniuncta

639 2922 793 2973 sunt.
855 2910 1082 2973 Positio
1123 2912 1266 2971 vero
1307 2914 1362 2971 δι
1404 2909 1747 2971 constitutio
1791 2910 1852 2971 in
1893 2910 2062 2971 omni
2101 2910 2293 2971 ma10.
2364 2930 2413 2971 ι.
2455 2914 2585 2971 Irae
2645 2908 2881 2971 diuinae
2942 2910 3003 2971 in
3060 2910 3272 2989 impias
3332 2910 3559 2973 animas

637 2993 886 3069 effusae,
928 2992 986 3051 &
1028 2989 1379 3052 exundantis
1417 3002 1598 3068 atque
1637 2990 1928 3051 manentis
1960 2990 2023 3050 in
2062 3000 2369 3051 aeternum
2385 3036 2403 3069 ,
2458 3009 2613 3069 quae
2652 2991 3029 3051 tenebrarum
3060 2992 3419 3051 exteriorum
3453 3011 3556 3053 no-

637 3072 798 3134 mine
839 3072 1198 3151 designatur.
1261 3090 1316 3132 2.
1359 3069 1837 3132 Consociationis
1859 3089 1994 3131 cum
2018 3070 2261 3131 diabolo
2285 3072 2341 3129 δι
2360 3070 2606 3151 Angelis
2638 3070 2852 3149 ipsius„
2890 3068 3217 3131 animarum
3248 3070 3560 3149 impiarum

639 3150 962 3213 tortoribus
1023 3162 1201 3229 atque
1260 3149 1656 3212 carnificibus.
1739 3170 1794 3227 3.
1838 3150 2205 3212 Effectorum
2257 3151 2527 3212 omnium
2578 3150 2793 3212 exinde
2832 3150 3361 3231 consequentium,
3422 3164 3562 3231 puta

638 3249 906 3295 summae
945 3229 1256 3291 anxietatis
1293 3250 1367 3292 ex
1409 3248 1583 3292 sensu
1624 3232 1914 3293 malorum
1931 3276 1948 3311 ,
2008 3250 2162 3309 quae
2201 3231 2385 3291 modo
2427 3230 2719 3307 diximUS,
2774 3230 2829 3289 &
2870 3230 3135 3291 horroris
3172 3231 3557 3312 incredibilis,

637 3310 1172 3388 acerbissimaeque
1211 3308 1598 3390 ignominiae,
1651 3311 1910 3389 denique
1951 3310 2161 3373 mortis
2198 3319 2469 3372 aeternae
2484 3356 2501 3391 ,
2540 3322 2606 3371 vt
2644 3309 2945 3402 scripturis
2984 3313 3313 3389 appellatur
3352 3315 3560 3391 vulg0,

637 3403 816 3471 atque
859 3394 1008 3453 haec
1049 3390 1250 3453 omnia
1291 3391 1352 3451 in
1394 3390 1590 3453 Sacris
1629 3390 1811 3453 literis
1850 3391 2011 3453 varie
2051 3392 2464 3469 designantur:
2510 3401 2847 3469 tormentm,
2887 3390 3157 3470 gehenna
3186 3392 3368 3471 ignis,
3404 3394 3561 3472 fletu,

639 3472 894 3535 stridore
923 3471 1225 3550 dentium,
1265 3480 1460 3533 morte
1495 3471 1788 3551 secunda,
1819 3472 1932 3533 ὅτε.
1972 3474 2187 3534 Matth.
2208 3490 2264 3549 3.
2294 3490 2387 3543 12,
2406 3474 2462 3533 δι
2486 3487 2540 3549 5.
2566 3492 2661 3533 22.
2682 3472 2737 3531 &
2760 3474 2817 3531 8.
2846 3490 2934 3531 ι2.
2958 3474 3013 3532 &
3039 3490 3131 3549 13.
3154 3492 3248 3547 42.
3270 3476 3325 3534 &
3351 3494 3445 3533 22.
3474 3492 3559 3551 ι3.

638 3557 694 3616 &
719 3569 813 3631 25.
835 3573 933 3632 30.
975 3554 1122 3614 Luc.
1149 3572 1239 3610 12.
1271 3567 1324 3629 5.
1348 3552 1404 3611 &
1433 3554 1522 3612 16.
1548 3571 1644 3629 23.
1682 3555 1931 3633 Apocal.
1957 3573 2051 3614 20.
2074 3555 2133 3613 6.
2153 3555 2208 3612 δι
2235 3572 2330 3612 21.
2350 3556 2406 3612 8.

724 3654 816 3696 12.
895 3636 992 3694 De
1029 3631 1362 3693 actionibus
1403 3632 1820 3693 damnatorum
1860 3652 1985 3694 non
2026 3642 2116 3694 est
2157 3631 2325 3710 quod
2366 3630 2598 3693 curiose
2638 3632 3038 3710 inquiramus:
3074 3650 3214 3693 nam
3250 3630 3441 3724 mag-is
3482 3634 3557 3694 ad

638 3714 984 3794 patiendum
1033 3716 1214 3791 quam
1253 3714 1331 3773 ad
1373 3713 1674 3791 agendum
1719 3722 2129 3791 occupantur:
2170 3722 2580 3773 verumtamen
2618 3715 2697 3773 ab
2742 3713 3015 3790 exemplo
3060 3711 3255 3773 diuitis
3294 3712 3449 3774 illius
3488 3714 3563 3774 de

639 3812 762 3874 quo
814 3792 1084 3856 Christus
1125 3795 1274 3855 Luc.
1311 3796 1402 3855 16.
1444 3797 1499 3854 &
1539 3794 1688 3855 locis
1727 3793 2169 3872 consimilibuS,
2208 3790 2271 3853 id
2310 3796 2474 3854 certo
2509 3791 2791 3853 discimus
2824 3812 2929 3853 eos
2960 3793 3289 3853 secundum
3316 3794 3563 3854 modum

639 3874 876 3937 habitus
917 3874 1008 3936 sui
1051 3892 1229 3952 agere
1251 3919 1270 3953 ,
1330 3873 1391 3934 id
1431 3883 1554 3953 est,
1612 3876 1802 3935 malos
1839 3875 2015 3935 male.
2094 3874 2251 3933 Nam
2302 3873 2471 3950 quod
2524 3873 2637 3934 sibi
2688 3882 2899 3951 rogant
2949 3872 3010 3932 in
3064 3872 3275 3934 mediis
3316 3873 3563 3933 flammis

639 3954 1006 4034 refrigerium
1027 4000 1044 4033 ,
1086 3956 1142 4015 δε
1182 3955 1458 4016 leuamen
1497 3954 1788 4015 cruciatus
1829 3954 1954 4033 sui,
1995 3972 2069 4015 eo
2108 3952 2239 4031 ipso
2283 3953 2447 4031 quasi
2488 3954 2566 4014 ad
2604 3955 2870 4015 naturale
2908 3954 3135 4013 bonum
3166 3963 3377 4015 contra
3409 3956 3567 4031 leges

639 4034 888 4098 iustitiae
942 4035 1203 4109 debitae,
1266 4036 1322 4095 δι
1363 4034 1544 4096 veluti
1584 4034 1806 4096 carnali
1845 4035 2063 4097 affectu
2102 4035 2180 4094 ad
2221 4043 2363 4094 vota
2404 4032 2566 4094 irrita
2605 4034 2911 4112 rapiuntur
2949 4031 3103 4093 serio
3143 4033 3564 4113 suppliciorum

640 4132 844 4197 sensu,
884 4134 1011 4176 non
1049 4116 1206 4177 serio
1246 4114 1364 4177 Dei
1403 4132 1638 4193 amore,
1679 4120 1734 4177 δι
1776 4114 1914 4176 iusti
1953 4114 2343 4176 conscientia.

729 4216 818 4275 13.
897 4198 1096 4258 Locus
1163 4206 1362 4259 autem
1404 4196 1507 4256 vbi
1547 4195 1884 4257 detinentur
1925 4194 2143 4274 impiae
2182 4193 2465 4286 animae,
2502 4214 2578 4254 ne
2616 4193 2715 4256 hic
2754 4210 2994 4271 quoque
3035 4192 3286 4253 sollicite
3324 4192 3562 4255 investi-

640 4278 868 4359 gandus
908 4288 1018 4339 est.
1083 4278 1238 4339 Nam
1277 4286 1342 4339 vt
1384 4278 1732 4339 Sanctarum
1774 4275 2109 4337 animarum
2132 4321 2151 4355 ,
2190 4274 2274 4336 ita
2306 4294 2421 4335 nec
2450 4275 2763 4354 impiarum
2798 4278 2966 4335 locus
2986 4282 3075 4334 est
3092 4273 3265 4335 huius
3283 4276 3570 4416 Natura&

3454 4374 3483 4415 s
