3923 4875
598 313 711 374 216
1558 331 1888 378 russas
1948 331 2594 380 rnrotooicar..

598 491 841 566 proprie
889 488 1035 567 legis
1086 491 1324 555 debitor
1360 492 1420 554 in
1460 513 1525 555 se
1564 513 1679 554 nec
1720 505 1992 574 respectu
2030 497 2322 556 humanae
2367 505 2612 556 natiuae
2649 493 2834 572 (alias.
2877 514 2936 554 n.
2975 505 3218 572 propter
3249 493 3522 556 identita-

596 580 715 630 tem
762 570 1101 637 ὕποςάσευς
1118 617 1134 646 ,
1180 578 1345 654 λόγος
1387 574 1513 652 ipse
1556 595 1665 654 pro
1706 595 1770 636 se
1808 576 1889 635 ad
1926 577 2073 654 legis
2111 575 2464 653 obsequium
2504 585 2826 653 teneretur,
2865 576 3030 652 quod
3063 575 3122 634 in
3145 575 3290 654 legis
3307 577 3520 636 autho-

594 667 720 710 rem
762 653 915 708 foret
954 658 1473 729 contumeliosum)
1504 673 1617 716 nec
1648 665 1919 734 respectu
1940 673 2232 733 personae
2245 701 2264 734 ,
2285 657 2390 718 sed
2413 665 2684 732 respectu
2703 654 3103 733 dispositionis
3124 654 3518 716 voluntariae:

596 729 765 789 omni
800 741 1001 789 tamen
1047 749 1123 791 ex
1159 743 1327 812 parte
1365 734 1483 813 legi
1522 735 1829 808 satisfecit,
1874 745 1937 796 vt
1976 738 2304 796 exuberans
2345 734 2557 796 infiniti
2593 737 2768 814 plane
2804 733 2996 796 meriti
3015 735 3324 812 plenitudo
3343 735 3520 796 nobis

598 809 659 870 in
702 809 939 900 Christo
978 822 1213 888 parata:
1256 816 1450 875 nullae
1492 833 1741 894 operum
1782 817 2004 877 sutelae
2044 815 2436 894 supplementi
2471 817 2647 894 loce,
2686 817 2782 875 vel
2821 816 2884 875 in
2923 815 3132 894 nobis,
3171 817 3268 876 vel
3297 816 3359 875 in
3393 814 3522 875 aliis

600 899 989 966 requirantur.
1276 931 1315 964 0

676 989 735 1046 9.
816 969 977 1045 Quia
1016 977 1159 1032 vero
1200 972 1319 1033 hoc
1360 975 1713 1037 beneficium
1744 975 2128 1054 personaliter
2157 976 2218 1036 in
2239 974 2477 1036 Christo
2503 975 2782 1052 existens,
2805 974 2979 1035 nobis
2998 974 3255 1036 otiosum
3277 991 3521 1054 prorsus

598 1051 754 1110 soret
768 1093 787 1127 ,
844 1049 955 1110 nisi
1002 1052 1225 1112 efficaci
1278 1054 1661 1132 imputatione
1701 1067 1972 1116 nostrum
2011 1057 2142 1136 fiat3
2183 1057 2404 1134 duplex
2443 1059 2531 1132 (vt
2567 1055 2650 1115 ita
2689 1054 2980 1130 dicamus)
3020 1054 3516 1134 appropriationis

602 1130 817 1190 modus
877 1129 1343 1194 considerandus
1400 1146 1519 1196 est:
1592 1153 1740 1197 vnus
1798 1155 1873 1196 ex
1932 1146 2096 1214 parte
2157 1136 2304 1214 Dei,
2363 1153 2488 1196 non
2547 1134 2885 1214 imputantis
2945 1145 3190 1213 peccata
3243 1153 3398 1212 quae
3457 1135 3519 1194 in

602 1209 777 1270 nobis
818 1209 1156 1291 inhaerent,
1205 1215 1322 1275 Ro.
1374 1218 1433 1276 8.
1489 1239 1545 1290 4.
1595 1220 1650 1278 δι
1702 1215 1831 1276 vice
1871 1235 2038 1276 versa
2077 1215 2419 1295 imputantis
2455 1214 2733 1276 iustitiam
2773 1215 2988 1276 Christi
3026 1225 3291 1293 totumq3
3335 1231 3520 1292 quan-

598 1299 725 1350 tum
784 1291 849 1366 (f.
912 1293 1087 1368 1689)
1144 1303 1233 1352 est
1288 1293 1471 1372 ipsius
1532 1295 1821 1359 meritum.
1895 1297 2006 1358 ma
2073 1295 2377 1375 negatiua,
2429 1297 2578 1356 haec
2627 1294 2977 1356 affirmatius
3037 1295 3346 1373 imputatio
3389 1294 3508 1354 dici

596 1381 817 1446 potest:
876 1382 1087 1430 neutra
1138 1371 1395 1454 interea,
1435 1377 1499 1435 ὃν
1538 1379 1775 1453 δοκήσει
1818 1378 1875 1437 8τ
1916 1375 2140 1456 inaniS,
2179 1377 2286 1438 sed
2326 1374 2537 1436 eadem
2577 1393 2818 1453 prorsus
2859 1374 3132 1453 veritate,
3173 1391 3294 1453 qua
3331 1373 3518 1452 impo-

596 1449 735 1510 sitio
790 1460 1133 1512 nostrorum
1180 1467 1563 1531 peccatorum
1619 1458 1679 1517 in
1734 1455 2068 1535 Christum,
2116 1473 2270 1534 quae
2309 1467 2590 1534 tanquam
2629 1471 2814 1534 agnus
2851 1454 2968 1515 Dei
3007 1473 3130 1515 non
3167 1455 3522 1532 sustulisset,

596 1529 708 1590 nisi
764 1529 939 1590 realis
994 1531 1199 1593 fuisset
1236 1532 1576 1615 imputatio,
1624 1541 1763 1598 cum
1805 1539 1970 1596 nulla
2015 1537 2076 1598 in
2113 1537 2248 1616 ipso
2285 1535 2479 1614 potuit
2517 1553 2648 1596 esse
2687 1551 2896 1595 eorum
2935 1534 3197 1596 formalis
3234 1533 3522 1595 inhaesio.

596 1611 725 1670 Nec
766 1611 853 1670 sic
886 1610 1147 1672 dicendo
1188 1613 1601 1678 adumbratam
1640 1618 1696 1677 δι
1738 1615 2067 1694 putatiuarn
2106 1615 2382 1678 iustitiam
2423 1615 2728 1694 fingimus,
2745 1627 2810 1676 vt
2827 1613 3104 1692 opinatur
3121 1616 3407 1678 Bellarm.
3423 1615 3522 1674 lib.

601 1709 656 1750 2.
697 1709 747 1750 c.
803 1709 861 1766 3.
902 1692 974 1750 de
1024 1692 1231 1770 Ius-af.
1288 1697 1453 1772 quod
1492 1715 1565 1758 ea
1608 1709 1771 1758 extra
1808 1715 1949 1774 nos,
1991 1696 2052 1756 in
2099 1696 2336 1758 Christo
2377 1695 2704 1756 subiectiue
2743 1697 3071 1756 collocetur
3109 1697 3166 1754 ὅτ
3204 1693 3522 1755 inhaereat.

600 1771 739 1830 Non
778 1769 938 1830 enim
980 1773 1279 1847 quaeritur
1318 1775 1464 1852 quid
1502 1777 1565 1838 in
1608 1776 1783 1838 nobis
1821 1776 1994 1856 ipsis,
2035 1777 2142 1839 sed
2193 1776 2338 1853 quid
2369 1775 2428 1836 in
2469 1774 2688 1836 iudicio
2728 1777 2784 1836 δι
2827 1774 3188 1854 cogitatione
3207 1773 3349 1854 Dei,
3367 1791 3520 1852 quae

602 1848 921 1910 infallibilis
972 1861 1063 1912 est
1112 1853 1353 1947 veritas²
1400 1857 1741 1919 habeamur.
1800 1857 1885 1916 Vt
1924 1863 2070 1918 vero
2109 1856 2350 1917 remittit
2389 1867 2701 1934 peccatum
2743 1866 2988 1933 propter
3025 1855 3326 1916 Christum
3339 1899 3357 1934 ,
3395 1871 3519 1914 non

600 1941 662 1989 vt
702 1948 825 1990 non
866 1929 1003 1990 insit
1042 1929 1105 1990 in
1144 1933 1257 1994 hac
1294 1947 1415 1996 vita
1430 1981 1449 2016 ,
1486 1939 1593 1999 sed
1630 1956 1708 1998 ne
1750 1937 2071 2015 imputetur
2085 1981 2103 2017 ,
2145 1937 2231 1998 sic
2273 1937 2533 2014 perfecta
2569 1935 2784 1996 iustitia
2818 1933 3180 1996 fideiussoris
3219 1937 3275 1995 &
3313 1933 3521 2012 capitis

600 2009 821 2070 Christi
874 2010 1195 2088 imputatur
1235 2018 1565 2092 peccatori:
1608 2037 1732 2078 non
1772 2027 1837 2076 vt
1875 2035 1982 2093 per
2023 2017 2270 2078 modum
2307 2015 2542 2076 habitus
2583 2015 2750 2093 insit,
2791 2015 2898 2076 sed
2936 2025 3001 2074 vt
3037 2014 3098 2075 in
3139 2013 3364 2074 iudicio
3407 2012 3522 2074 Dei

602 2109 725 2150 non
780 2087 971 2150 minus
1026 2090 1163 2152 iusti
1212 2097 1602 2176 reperiamur,
1652 2117 1723 2158 ac
1762 2097 1812 2157 si
1852 2099 2176 2174 perfectam
2219 2097 2568 2157 haberemus
2607 2093 2884 2156 iustitiam
2925 2094 3346 2156 inhaerentem.
3409 2095 3522 2154 Ra-

600 2169 765 2230 tione
824 2169 983 2230 enim
1044 2171 1419 2238 inhabitantis
1472 2179 1531 2238 in
1584 2177 1761 2238 nobis
1816 2176 2036 2237 Christi
2089 2176 2336 2254 Spiritus
2351 2221 2370 2252 ,
2410 2175 2920 2236 communicamus
2958 2185 3022 2235 vt
3061 2176 3356 2252 membra,
3399 2191 3522 2233 non

601 2251 793 2310 solum
840 2269 1129 2327 personae
1144 2297 1163 2332 ,
1210 2256 1319 2315 sed
1369 2257 1545 2318 etiam
1594 2257 1871 2318 omnibus
1910 2257 2211 2318 beneficiis
2251 2255 2490 2334 eapitis,
2529 2273 2682 2331 quae
2721 2257 2802 2316 ab
2839 2253 2973 2332 ipso
3011 2271 3318 2332 nunquam
3355 2273 3518 2331 sepa·

598 2340 827 2408 rantur,
869 2342 931 2390 vt
969 2332 1087 2392 hoc
1132 2346 1309 2412 pacto
1350 2338 1425 2398 sit
1462 2338 1761 2416 perfectus
1798 2347 2095 2416 seruator,
2135 2339 2192 2398 δι
2231 2335 2442 2396 merito
2479 2335 2537 2395 81
2556 2335 2835 2396 efficacia.
2879 2337 3008 2395 Nec
3025 2337 3220 2395 solum
3239 2333 3300 2394 iu
3319 2334 3516 2412 primo

600 2410 929 2472 vocationis
968 2413 1235 2476 salutaris
1272 2418 1521 2480 articulo
1536 2466 1553 2495 ,
1596 2419 1741 2479 dum
1779 2415 2052 2478 iustifioet
2091 2419 2267 2495 plane
2307 2415 2550 2495 impium
2565 2460 2583 2495 ,
2619 2417 2821 2476 locum
2841 2415 3022 2477 habet
3041 2417 3188 2476 haec
3209 2413 3518 2493 imputatio

596 2490 845 2551 iustitiae
860 2536 879 2569 ,
918 2492 1025 2553 sed
1062 2496 1121 2555 δι
1162 2494 1222 2555 in
1265 2501 1461 2559 media
1498 2497 1973 2559 sanctificationis
2013 2516 2214 2577 cursu,
2255 2509 2320 2559 vt
2351 2505 2582 2576 tegatur
2599 2506 2913 2573 peccatum
2931 2495 2992 2555 in
3013 2514 3196 2557 carne
3213 2494 3486 2555 habitans
3501 2538 3520 2572 ,

600 2572 656 2630 &
704 2571 765 2631 in
816 2571 948 2649 ipso
988 2584 1143 2634 statu
1182 2579 1405 2656 gloriae
1418 2626 1434 2657 ,
1478 2591 1541 2640 vt
1580 2588 1967 2641 conseruetur
2003 2582 2042 2639 a
2083 2579 2348 2639 secundo
2390 2579 2557 2654 lapsu
2597 2578 2861 2655 perfecta
2897 2575 2960 2637 in
3001 2575 3176 2637 nobis
3215 2585 3358 2636 tunc
3407 2577 3521 2635 for·

599 2652 829 2713 maliter
868 2652 1177 2716 inhaerens
1218 2656 1455 2719 iustitia.

683 2752 775 2792 10.
855 2732 983 2792 Etsi
1020 2732 1195 2813 igitur
1234 2737 1597 2800 eiuscemodi
1637 2738 2090 2817 imputationem
2107 2737 2334 2799 alienae
2351 2734 2604 2798 iustitiae
2619 2779 2638 2814 ,
2662 2735 2910 2797 mutatio
2930 2734 2990 2794 in
3011 2746 3210 2795 mente
3231 2738 3288 2795 &
3307 2736 3516 2795 volun-

596 2821 715 2872 tate
756 2811 1071 2873 comitetur
1088 2860 1105 2893 ,
1146 2828 1284 2877 sunt
1318 2830 1517 2881 tamen
1558 2818 1775 2880 diuersi
1815 2818 2036 2881 Christi
2053 2828 2220 2879 actus
2239 2818 2301 2877 in
2321 2816 2496 2878 nobis
2509 2862 2526 2889 ,
2547 2819 2602 2877 δι
2623 2834 2745 2875 non
2771 2815 3193 2876 confundenda
3211 2814 3518 2906 beneficia.

595 2894 739 2952 illae
778 2892 935 2953 enim
976 2894 1285 2969 qualitates
1324 2899 1693 2961 inhaerentes
1709 2945 1726 2974 ,
1766 2902 1823 2961 δι
1868 2900 2182 2960 inchoatae
2221 2908 2357 2975 post
2393 2894 2804 2973 acceptionem
2839 2913 3128 2973 personae
3147 2894 3526 2955 obedientiae

596 2973 819 3032 fructus
833 3017 851 3049 ,
891 2976 1129 3051 placent
1166 2978 1409 3055 quidem
1446 2982 1579 3040 Deo
1593 3025 1611 3057 ,
1652 2981 1759 3041 sed
1797 2998 1921 3041 non
1963 2980 2202 3057 placant
2241 2980 2438 3039 Deum
2453 3020 2471 3056 ,
2513 2978 2568 3037 δι
2589 2980 2748 3037 recte
2767 2976 3128 3053 Bernartius,
3167 2976 3306 3035 Non
3327 2984 3526 3053 potest

596 3070 725 3112 esse
764 3070 911 3129 pura
950 3053 1165 3116 iustitia
1206 3058 1307 3119 vbi
1346 3078 1469 3120 non
1511 3070 1708 3137 potest
1746 3061 1944 3121 adhuc
1987 3060 2191 3119 deesse
2229 3060 2422 3135 culpa.
2464 3059 2544 3116 ln
2571 3076 2745 3116 serm.
2781 3071 2836 3132 5.
2855 3056 2927 3115 de
2945 3056 3137 3117 verbis
3157 3056 3328 3115 Esai.
3366 3054 3520 3147 Ciim

596 3132 757 3193 enim
798 3132 961 3193 dona
1000 3153 1108 3211 per
1144 3138 1392 3215 gratiam
1431 3138 1786 3218 recipiantur
1825 3157 1949 3200 non
1993 3156 2104 3216 pro
2145 3138 2372 3198 ratione
2415 3136 2640 3214 dantis,
2673 3137 2780 3197 sed
2811 3152 2922 3213 pro
2947 3136 3132 3195 modo
3157 3134 3522 3212 recipientis,

598 3209 1045 3289 imperfectione
1088 3234 1323 3296 semper
1362 3222 1661 3297 laborant,
1702 3223 1757 3281 δι
1798 3229 1861 3281 vt
1902 3219 1984 3279 ait
2025 3219 2318 3295 Propheta
2331 3262 2350 3297 ,
2391 3218 2540 3277 Esa.
2582 3218 2678 3289 64.
2721 3216 2778 3275 6.
2839 3215 3066 3275 Omnes
3105 3213 3358 3275 iustitiae
3397 3224 3524 3273 tan-

594 3309 773 3369 quam
812 3292 1161 3370 panniculus
1200 3311 1593 3361 menstruatae
1606 3344 1626 3378 ,
1667 3300 1837 3376 (illud
1878 3308 2077 3359 autem
2127 3299 2304 3374 C'aplae.
2339 3316 2462 3356 non
2491 3308 2616 3357 tam
2651 3305 2742 3355 est
2763 3294 3156 3355 similitudinis
3177 3304 3320 3355 nota
3339 3297 3522 3371 quam

596 3373 1003 3449 expressiuum
1046 3376 1333 3457 veritatis,
1374 3390 1437 3439 vt
1476 3382 1799 3457 loquuntur
1836 3376 2270 3453 Iurisconsulti)
2308 3394 2430 3437 non
2471 3378 2664 3436 solum
2707 3380 2850 3435 vero
2887 3374 3162 3436 iustitiam
3205 3374 3398 3435 carnis
3419 3390 3522 3434 seu

598 3472 783 3529 opera
824 3454 1071 3514 moralia
1111 3474 1265 3533 quae
1306 3460 1667 3537 praecedunt
1704 3459 2187 3533 conuersionem,
2229 3476 2340 3517 nec
2382 3458 2604 3516 scelera
2639 3454 2953 3533 insignium
2997 3464 3378 3532 peccatorum
3411 3454 3525 3513 hac

600 3533 1031 3593 contumeliosa
1090 3540 1485 3615 appellatione
1546 3540 1732 3600 reiicit
1746 3585 1763 3617 ,
1814 3550 1877 3599 vt
1928 3538 2106 3599 vellet
2145 3536 2532 3597 Bellarminus
2545 3580 2562 3610 ,
2601 3536 2700 3595 lib.
2741 3554 2798 3609 4.
2839 3554 2885 3594 c.
2933 3554 3024 3593 ao.
3065 3537 3136 3594 de
3171 3534 3384 3610 Iustis.
3423 3534 3530 3593 sed

604 3615 904 3673 bonorum
944 3632 1195 3693 operum
1238 3620 1443 3681 florem
1483 3631 1617 3697 post
1659 3618 2136 3679 Iustificationem
2153 3663 2168 3689 ,
2209 3616 2496 3695 (loquitur
2527 3614 2682 3675 enim
2719 3615 2988 3675 Ecclesia
3021 3632 3130 3692 per
3149 3614 3530 3693 Prophetam)

604 3710 758 3770 quae
818 3705 1101 3771 tanquam
1165 3704 1433 3773 σκύβαλα
1494 3716 1633 3759 cum
1688 3701 1984 3777 Apostolo
2043 3696 2387 3769 reiicienda,
2448 3696 2607 3755 Phil.
2650 3714 2710 3771 3.
2749 3698 2807 3755 8.
2861 3707 2928 3755 vt
2966 3693 3291 3753 formaliter
3329 3713 3436 3771 per
3473 3694 3532 3751 &

604 3786 845 3851 propter
905 3775 1123 3835 Christi
1184 3778 1459 3839 iustitiam
1498 3779 1845 3857 imputatam
1886 3776 2312 3857 perfectissime
2350 3776 2484 3836 iusti
2524 3775 2870 3835 habeamur.
2939 3775 3078 3835 Non
3118 3792 3250 3834 eam
3287 3773 3530 3850 quidem

602 3872 756 3930 quae
814 3863 905 3915 est
962 3854 1143 3933 ipsius
1200 3857 1523 3920 essentialis
1584 3859 1820 3921 Deitas:
1884 3862 2034 3919 haec
2093 3856 2248 3918 enim
2291 3856 2436 3917 nulli
2475 3865 2778 3916 creaturae
2818 3864 2982 3915 extra
3005 3856 3194 3935 ,λόγου
3235 3850 3536 3943 §nocuus

602 3934 875 3994 existenti
916 3937 1425 3999 communicabilis
1464 3950 1555 4000 est
1570 3983 1589 4018 ,
1628 3958 1741 4001 nec
1778 3941 1939 4000 illam
1954 3985 1972 4017 ,
2014 3936 2134 4016 qua
2173 3936 2542 3998 habitualiter
2583 3938 2640 3995 δι
2679 3938 2716 3993 a
2755 3944 2964 3994 natura
2981 3932 3420 3993 immutabiliter
3439 3942 3530 4023 est

600 4014 881 4095 Sanctus,
940 4014 1229 4078 innocens
1288 4019 1399 4079 διο.
1458 4022 1651 4079 Hebr.
1715 4036 1770 4095 7.
1836 4021 1927 4079 26.
1993 4018 2110 4078 Sed
2163 4035 2272 4094 per
2309 4036 2439 4077 eam
2481 4014 2912 4093 obedientiam,
2953 4012 3088 4104 qua·
3115 4022 3278 4105 entra
3319 4030 3431 4071 nos
3471 4030 3534 4071 in

595 4093 809 4153 diebus
850 4097 1041 4157 carnis
1082 4116 1223 4158 suae
1262 4099 1457 4161 Hebr.
1506 4116 1561 4177 5.
1605 4103 1700 4175 87.
1744 4098 2028 4160 voluntati
2066 4097 2289 4158 aeterni
2327 4097 2510 4157 Patris
2547 4093 2826 4155 satistecit
2839 4138 2858 4173 ,
2897 4098 2936 4153 a
2957 4102 3152 4171 capite
3171 4113 3231 4154 m
3257 4092 3528 4153 membra

606 4172 971 4235 influentem.

698 4273 723 4312 1
740 4270 787 4313 1.
870 4256 963 4313 Ex
1024 4268 1193 4334 parte
1250 4270 1448 4319 autem
1510 4262 1697 4321 nostri
1758 4262 1903 4320 alter
1963 4256 2372 4335 applicationis
2425 4254 2638 4315 modus
2677 4265 2767 4314 est
2805 4254 2984 4331 fides,
3023 4268 3178 4329 quae
3215 4251 3276 4311 in
3315 4268 3537 4330 genere

603 4334 715 4391 τῶν
756 4335 897 4414 πρὸς
959 4358 1021 4396 τι
1061 4339 1461 4421 considerata,
1520 4359 1643 4401 non
1680 4340 1951 4401 iustificat
1988 4336 2050 4397 in
2091 4347 2376 4414 quantum
2416 4334 2650 4396 habitus
2687 4338 2724 4393 a
2762 4333 2980 4413 Spiritu
3019 4333 3080 4393 S.
3119 4332 3181 4391 in
3220 4331 3539 4472 imgssffi
