3923 4875
1660 0 2062 10 ---v—·v---
2130 0 2341 9 ----=-

584 145 727 205 erga
766 127 973 188 fratres
1010 135 1248 188 nostros
1288 145 1605 206 germanos
1644 125 1759 188 Dei
1802 127 1864 188 in
1906 126 2176 190 Ecclesia
2215 125 2368 188 filios
2408 125 2608 189 officia
2647 127 2919 190 accendit
2959 126 3198 190 monitis
3235 127 3522 190 saluber-—

584 206 773 287 rimis,
835 210 891 269 &
949 205 1383 270 hortationibus
1440 207 1995 268 vehementissimis:
2059 207 2424 285 modumque
2483 207 2820 270 officiorum
2879 208 3128 270 istorum
3165 208 3522 286 praescribit

584 286 1053 367 diligentissime,
1092 299 1155 348 vt
1194 305 1332 348 cum
1372 287 1539 348 omni
1584 286 1875 350 modestia
1914 307 1987 348 ac
2027 287 2476 349 mansuetudine
2490 334 2508 367 ,
2543 305 2680 348 cum
2721 287 2905 350 animi
2935 288 3173 350 lenitate
3193 291 3520 350 tolerantes

584 366 681 443 alij
742 367 891 429 alios
954 387 1059 446 per
1118 367 1461 428 charitatem
1476 413 1494 446 ,
1548 369 1893 428 studeamus
1932 385 2169 429 seruare
2208 367 2494 429 vnitatern
2535 367 2783 448 Spiritus
2822 387 2928 446 per
2965 367 3268 429 vinculum
3309 369 3478 447 pacis
3497 413 3519 446 ,

586 451 643 508 δι
695 449 1080 509 fundamenta
1133 446 1543 526 principiaque
1584 450 1800 508 horum
1842 446 2178 509 officiorum
2223 452 2403 526 quarn
2442 447 2880 510 accuratissime
2917 447 3235 528 adscribit,
3273 449 3516 528 dicens;

588 530 790 589 Vnum
842 537 931 588 est
984 544 1204 606 corpus
1218 573 1235 605 ,
1288 532 1344 590 &
1392 545 1543 588 vnus
1597 527 1843 606 Spiritus
1860 574 1877 606 ,
1928 529 2081 589 sicut
2133 531 2188 589 δι
2237 529 2436 590 vocati
2475 527 2616 590 estis
2651 529 2714 588 in
2751 547 2930 589 vnam
2970 547 3140 607 spem
3179 528 3518 589 vocationis

588 619 844 670 vestrae:
885 623 1033 670 vnus
1074 607 1371 668 Dominus
1409 627 1527 668 vna
1562 609 1712 669 fides
1726 653 1743 686 ,
1784 626 1972 668 vnum
2013 607 2304 686 baptisma
2319 653 2336 682 ,
2375 624 2526 668 vnus
2561 611 2728 670 Deus
2765 611 2822 669 δι
2863 619 3033 687 pater
3069 609 3368 688 omnium,
3409 607 3520 686 qui

586 699 674 750 aet
714 705 892 766 super
928 707 1167 764 omnes,
1208 692 1264 750 &
1301 707 1411 766 per
1450 707 1688 767 omnes,
1731 688 1787 748 δι
1828 687 1887 748 in
1928 689 2206 750 omnibus
2245 687 2441 749 nobis.
2481 689 2701 766 Ephes.
2741 707 2798 762 4.
2836 707 2892 766 3.
2935 709 2992 763 4.
3037 705 3094 767 5.
3135 691 3190 748 6.

664 772 865 846 Atque
922 767 1015 830 his
1070 767 1313 847 quidem
1370 767 1648 829 omnibus
1708 768 1923 829 officiis
1982 787 2194 829 omnes
2253 768 2590 846 promiscue
2633 779 2907 830 tenemur
2945 767 3042 845 alij
3077 788 3220 848 erga
3257 768 3412 830 alios
3451 767 3512 828 in

584 847 886 909 Domino:
942 847 1047 910 sed
1088 858 1287 909 tamen
1326 850 1465 908 cum
1506 849 1584 908 ad
1624 867 1729 908 eos
1774 847 2027 926 respicio
2069 865 2222 926 quos
2259 849 2424 910 Deus
2463 847 2747 928 singulari
2783 848 3104 911 vocatione
3139 847 3412 910 instruxit
3451 848 3514 908 in

584 928 851 990 Ecclesia
904 947 1009 990 sua
1023 974 1041 1005 ,
1096 939 1159 990 vt
1206 929 1424 990 faciant
1462 931 1518 990 δι
1556 928 1813 990 doceant
1854 947 2244 1006 quaecunque
2283 927 2398 990 sibi
2435 932 2474 988 a
2513 928 2782 990 Domino
2822 939 3144 1008 praecepta
3181 940 3316 990 sunt
3329 975 3348 1003 ,
3389 945 3516 1006 quo

586 1008 923 1088 grauiorem
972 1027 1101 1070 esse
1139 1008 1317 1070 video
1373 1008 1800 1101 obligationem
1852 1009 2090 1070 illorum
2103 1055 2122 1089 ,
2173 1027 2249 1069 eo
2303 1009 2638 1088 grauiorem
2691 1027 2936 1086 quoque
2973 1010 3152 1070 video
3193 1011 3250 1068 δι
3289 1010 3513 1069 horreo

584 1089 911 1167 condem(s.
954 1087 1396 1168 729)nationem
1411 1133 1430 1164 ,
1482 1107 1532 1149 si
1586 1090 1665 1150 ab
1714 1087 1805 1149 his
1860 1088 2102 1168 officiis,
2147 1106 2300 1166 quae
2339 1091 2506 1150 Deus
2547 1090 2728 1150 docet
2745 1135 2765 1168 ,
2803 1089 3092 1151 docendis
3133 1089 3189 1149 δι
3227 1087 3516 1149 faciendis

584 1168 989 1231 abscesserint.
1032 1167 1199 1245 Quid
1238 1165 1433 1230 enim?
1471 1167 1574 1247 qui
1612 1169 1828 1247 Angeli
1868 1185 2073 1230 sumus
2113 1167 2394 1248 Domini,
2433 1168 2685 1230 ministri
2704 1168 2922 1231 Christi
2938 1214 2957 1248 ,
2995 1173 3053 1230 ἃ
3075 1169 3516 1261 dispensatores

586 1250 1011 1328 mysteriorum·
1038 1247 1181 1328 Dei,
1222 1247 1325 1326 qui
1362 1267 1486 1309 non
1529 1266 1731 1310 sumus
1770 1247 1959 1310 nostri
1998 1248 2170 1328 iuriS,
2210 1250 2318 1310 sed
2362 1248 2610 1310 Domini
2647 1249 2836 1312 nostri
2874 1252 3012 1311 Iesu
3051 1248 3270 1309 Chnsti
3289 1265 3516 1320 sumus,

585 1329 690 1407 qui
726 1349 834 1409 per
874 1329 1068 1408 ipsum
1108 1328 1427 1408 mancipati
1464 1331 1599 1390 Deo
1641 1330 1696 1389 δι
1736 1329 1919 1408 Patri,
1960 1332 2018 1390 δι
2057 1327 2300 1390 immissi
2337 1330 2415 1391 ad
2450 1330 2766 1391 colendam
2787 1341 3056 1390 sanctam
3073 1329 3310 1390 vineam
3329 1329 3518 1406 illius,

584 1415 941 1487 putamusne
980 1409 1157 1470 licere
1196 1409 1372 1471 nobis
1410 1411 1577 1486 quod
1616 1411 1798 1488 vulgo
1836 1428 1959 1471 non
2002 1404 2176 1471 licet?
2235 1418 2338 1469 aut
2375 1409 2542 1488 quod
2579 1408 2640 1470 in
2679 1408 2806 1470 aliis
2845 1411 3185 1489 culpamus,
3235 1407 3294 1468 in
3336 1410 3516 1469 nobis

584 1509 799 1551 vacare
852 1485 1066 1568 culpa?
1114 1507 1238 1550 non
1277 1490 1609 1568 cogitamus
1662 1506 1923 1566 vnquam
1965 1490 2299 1567 exemplum
2337 1489 2490 1550 illius
2528 1489 2903 1551 instrumenti
2939 1488 3112 1551 electi
3149 1492 3188 1548 a
3225 1489 3514 1566 Domino,

582 1569 861 1650 dicentis3
902 1568 1189 1646 Quisquis
1230 1580 1442 1648 certat,
1484 1569 1547 1630 in
1586 1569 1865 1630 omnibus
1906 1579 1996 1631 est
2035 1568 2381 1649 continens3
2419 1568 2504 1630 illi
2541 1569 2784 1646 quidem
2823 1569 2928 1648 qui
2955 1569 3019 1630 in
3037 1569 3232 1630 stadio
3251 1581 3515 1646 currunt,

583 1660 647 1710 vt
704 1650 1025 1728 perituram
1084 1667 1372 1710 coronam
1432 1649 1753 1727 accipiant3
1816 1668 1929 1710 nos
1969 1659 2198 1728 autem,
2237 1660 2304 1712 vt
2343 1649 2766 1729 incorruptam.
2807 1668 2923 1728 ego
2967 1649 3145 1728 igitur
3183 1648 3264 1710 ita
3302 1667 3516 1726 curro,

586 1740 651 1792 vt
704 1748 827 1791 non
878 1729 939 1790 in
978 1729 1299 1810 incertum3
1351 1730 1433 1790 ita
1480 1728 1742 1808 pugilem
1782 1749 1925 1808 ago,
1966 1740 2033 1789 vt
2069 1737 2266 1790 aerem
2303 1747 2430 1790 non
2469 1731 2753 1810 caedam3
2791 1731 2900 1792 sed
2939 1729 3251 1791 contundo
3287 1745 3514 1806 corpus

586 1826 786 1872 meum
846 1813 901 1872 δι
962 1809 1021 1870 in
1082 1809 1423 1880 seruitutem
1485 1808 1728 1889 redigo,
1789 1828 1867 1870 ne
1923 1826 2047 1887 quo
2109 1809 2296 1870 modo
2353 1812 2490 1870 cum
2553 1809 2680 1870 aliis
2741 1809 3162 1889 praedicarim,
3203 1808 3330 1888 ipse
3373 1810 3516 1869 fiam

585 1887 986 1951 reiectaneus?
1032 1909 1083 1950 1.
1126 1890 1268 1953 Cor.
1310 1909 1368 1967 9.
1414 1907 1509 1968 25.
1554 1893 1649 1950 26.
1693 1906 1789 1965 27.

662 1971 1041 2048 Quapropter
1080 1988 1216 2030 mea
1256 1987 1417 2031 nunc
1458 1970 1536 2031 ad
1574 1988 1683 2030 vos
1699 2015 1717 2050 ,
1757 1969 1797 2029 ὁ
1835 1971 2046 2030 fratres
2085 1967 2412 2030 charissimi
2451 1973 2506 2030 &
2545 1979 2907 2048 symmystae
2947 1967 3342 2044 obseruandi,
3385 1987 3517 2030 sese

581 2049 877 2111 conuertit
935 2049 1159 2129 oratio,
1223 2051 1326 2128 qui
1386 2049 1668 2128 praefecti
1728 2048 1868 2110 estis
1918 2048 2065 2110 ouili
2121 2048 2401 2142 Domini,
2442 2062 2505 2110 vt
2543 2049 2730 2129 agatis
2771 2051 2828 2109 &
2867 2051 3121 2128 pascatis
3160 2068 3374 2129 greges
3412 2048 3518 2127 qui

580 2129 751 2192 vobis
816 2129 1114 2191 commissi
1171 2140 1309 2192 sunt
1368 2149 1443 2191 ex
1500 2128 1847 2191 auctoritate
1905 2129 2091 2208 illius,
2143 2132 2198 2191 &
2237 2127 2342 2207 qui
2379 2129 2672 2192 rationem
2703 2129 2790 2191 illi
2829 2129 3132 2210 Episcopo
3179 2130 3516 2190 animarum

582 2221 916 2272 nostrarum
968 2213 1023 2272 δι
1064 2227 1300 2271 summo
1339 2209 1563 2288 pastori
1604 2209 1806 2271 ouium
1846 2211 1984 2271 estis
2024 2208 2312 2270 reddituri
2325 2253 2340 2280 ‚
2375 2228 2502 2270 non
2541 2211 2736 2271 solum
2777 2209 2854 2272 de
2891 2210 3039 2288 vita,
3084 2227 3288 2270 verum
3331 2209 3514 2270 etiam

579 2291 657 2351 de
704 2289 1212 2352 administratione
1262 2301 1470 2352 vestra.
1523 2290 1677 2350 Nam
1718 2289 1885 2368 quod
1924 2308 2136 2351 omnes
2175 2289 2238 2350 in
2276 2293 2505 2368 populo
2547 2288 2662 2351 Dei
2701 2289 2826 2351 siue
2865 2289 2926 2350 in
2965 2288 3235 2350 Ecclesia
3272 2289 3520 2364 debent,

580 2371 643 2431 id
697 2375 755 2432 δι
804 2389 914 2434 vos
953 2370 1217 2449 debetist,
1258 2389 1330 2431 ac
1364 2370 1613 2451 proinde
1652 2387 1792 2430 cum
1832 2369 1961 2430 aliis
2000 2369 2281 2431 omnibus
2320 2389 2531 2449 pacem
2572 2369 2881 2431 Ecclesiae
2919 2371 3154 2430 debetis
3193 2371 3520 2447 postulare,

584 2452 639 2511 δι
685 2452 961 2513 omnibus
999 2451 1223 2512 viribus
1238 2496 1253 2525 ‚
1307 2462 1371 2513 vt
1409 2470 1553 2514 oues
1594 2450 1811 2512 Christi
1830 2495 1848 2528 ,
1889 2468 2288 2529 propugnare.
2329 2452 2448 2513 Sed
2489 2452 2628 2527 quia
2666 2451 2917 2529 amplius
2957 2467 3138 2529 quam
3177 2450 3328 2511 aliae
3371 2467 3519 2511 oues

583 2530 803 2593 Christi
860 2530 1197 2611 accepistis,
1259 2530 1386 2592 siue
1446 2532 1611 2593 dono
1627 2576 1646 2610 ,
1704 2540 1882 2609 prout
1940 2530 2104 2591 varie
2149 2550 2256 2591 sua
2317 2532 2480 2592 dona
2517 2530 2836 2593 admetitur
2875 2529 3110 2623 spiritus
3151 2529 3346 2607 illius3
3391 2530 3520 2590 siue

584 2611 926 2692 vocatione,
988 2631 1107 2690 qua
1167 2611 1409 2691 singulis
1466 2612 1755 2691 imperata
1816 2611 1871 2670 &
1934 2611 2354 2672 commendata
2407 2620 2494 2672 est
2547 2628 2654 2671 sua
2692 2610 3153 2672 administratio:
3195 2612 3518 2688 propterea

577 2692 753 2754 nobis
806 2695 985 2771 supra
1026 2696 1205 2770 quam
1244 2692 1373 2752 aliis
1412 2690 1739 2753 necessaria
1778 2700 1867 2751 est
1904 2690 2206 2753 accuratio
2248 2691 2310 2751 in
2351 2690 2624 2769 gerendis
2669 2694 2874 2772 rebuS,
2915 2708 3064 2768 quas
3102 2690 3242 2750 fidei
3280 2700 3520 2763 nostrae

582 2772 881 2833 commisit
920 2773 1233 2833 Dominus.
1275 2791 1611 2833 sermonem
1652 2788 1823 2832 suum
1864 2770 2162 2832 commisit
2201 2770 2414 2831 nobis:
2455 2771 2517 2831 in
2558 2770 2827 2833 Ecclesia
2845 2790 2952 2832 sua
2969 2770 3276 2831 mandauit
3295 2769 3518 2847 eloqui,

582 2858 639 2913 ὅτ
680 2872 923 2932 pascere
962 2870 1108 2913 oues
1146 2870 1321 2913 suas:
1360 2852 1589 2929 praeire
1628 2850 1794 2913 iussit
1828 2853 2105 2929 exemplo
2125 2851 2300 2912 fidei:
2341 2852 2584 2928 probari
2602 2850 2788 2912 voluit
2807 2850 3030 2912 exitum
3049 2849 3520 2912 conuersationis

576 2944 815 2994 nostrae
828 2978 847 3011 ,
908 2938 1337 3011 proptereaque
1390 2951 1502 2994 nos
1555 2930 1619 2992 id
1669 2949 1903 3010 semper
1954 2943 2093 2992 ante
2145 2934 2354 2991 oculos
2401 2932 2649 3009 habere,
2710 2942 2774 2991 vt
2832 2931 2959 3009 typi
2997 2930 3180 2991 simus
3216 2933 3520 2991 bonorum

582 3030 833 3091 operum
848 3056 867 3091 ,
926 3030 1083 3089 quae
1121 3031 1265 3091 grex
1304 3010 1523 3074 Christi
1564 3029 1815 3088 sequens
1854 3010 2192 3072 consideret
2230 3020 2408 3089 atque
2449 3011 2727 3073 imitetur.
2767 3012 2866 3071 Sal
2899 3024 3124 3091 terrae,
3164 3011 3268 3071 lux
3309 3008 3520 3069 mundi

582 3094 819 3153 fuerunt
878 3092 1183 3170 Apostoli:
1265 3093 1379 3153 hac
1434 3091 1719 3170 dignitate
1776 3091 1957 3168 officij
2022 3110 2232 3153 omnes
2294 3090 2740 3151 communicant
2791 3091 2894 3169 qui
2947 3110 3285 3153 sermonem
3349 3088 3518 3149 illum

578 3171 852 3250 Domini,
894 3189 1072 3249 quem
1112 3172 1479 3233 tradiderunt
1518 3171 1823 3249 Apostoli,
1887 3183 2067 3250 prout
2107 3175 2144 3232 a
2188 3170 2426 3231 Christo
2467 3181 2849 3249 acceperant,
2889 3174 3228 3249 praeferunt
3269 3170 3330 3230 in
3371 3168 3521 3229 ouili

582 3252 727 3313 eius.
770 3254 1097 3313 Ambulent
1134 3256 1276 3313 sane
1316 3251 1411 3328 alij
1454 3251 1515 3311 in
1544 3250 1861 3312 vocatione
1900 3268 2008 3312 sna
2048 3249 2163 3311 sibi
2203 3250 2377 3329 ipsis,
2421 3251 2482 3311 id
2521 3261 2640 3330 est,
2681 3268 2790 3311 suo
2829 3254 2886 3311 δι
2925 3268 3256 3331 paucorum
3299 3248 3518 3325 quibus

580 3343 716 3394 sunt
752 3332 1083 3411 coniuncti,
1127 3332 1491 3393 commodo:
1533 3342 1595 3391 at
1636 3351 1749 3393 nos
1792 3330 2009 3408 quibus
2049 3330 2408 3409 dispensatio
2433 3332 2732 3393 bonorum
2753 3332 3002 3393 istorum
3023 3332 3132 3391 fuit
3149 3328 3518 3406 concredita,

582 3414 706 3475 siue
759 3423 979 3474 stamus
994 3458 1011 3491 ,
1064 3412 1189 3474 siue
1228 3412 1520 3489 cadimus,
1562 3430 1687 3472 non
1726 3413 1919 3472 solum
1958 3411 2227 3471 Domino
2269 3420 2476 3471 nostro
2517 3415 2573 3473 &
2613 3410 2789 3472 nobis
2826 3415 2916 3487 (vt
2953 3410 3077 3488 alij)
3115 3422 3338 3472 stamus
3351 3454 3372 3487 ,
3413 3420 3522 3469 aut

580 3494 879 3571 cadimus3
912 3494 1019 3555 sed
1060 3493 1187 3553 aliis
1228 3496 1411 3570 quam
1451 3491 1746 3571 plurimis,
1786 3491 1891 3569 qui
1931 3489 2106 3551 nobis
2144 3492 2482 3553 labentibus
2523 3491 2900 3552 collabuntur
2943 3494 2998 3553 δι
3017 3489 3346 3551 consistunt
3365 3499 3524 3549 stan-

576 3574 754 3635 tibus.
784 3574 1028 3651 Optima
1059 3590 1331 3651 quaeque
1378 3572 1457 3633 de
1495 3572 1774 3633 omnibus
1814 3570 2121 3649 concipio,
2164 3572 2219 3630 δι
2259 3582 2408 3649 opto
2451 3590 2522 3633 ex
2555 3572 2798 3631 animo:
2841 3574 2979 3631 enm
3022 3580 3220 3632 tamen
3261 3590 3336 3632 ex
3373 3568 3522 3647 pris-

584 3654 671 3714 cis
733 3653 1182 3731 recentibusque
1244 3652 1525 3730 exemplis
1576 3652 1961 3712 incommoda
2012 3651 2264 3728 plurima
2313 3650 2594 3712 Ecclesiis
2655 3652 2831 3711 allata
2869 3652 3104 3713 videam
3145 3648 3522 3728 imprudente

580 3736 899 3794 multorum
952 3732 1484 3806 administratione,
1522 3732 1624 3810 qui
1664 3750 1776 3792 nec
1818 3730 2166 3807 dignitatem
2206 3730 2496 3791 sermonis
2537 3730 2750 3803 diuini,
2791 3724 2906 3791 n'ec
2947 3730 3258 3792 veritatem
3298 3727 3524 3790 vocati-

577 3814 711 3875 onis
768 3830 938 3890 suae,
1000 3832 1113 3874 nec
1174 3832 1381 3890 pacem
1442 3811 1745 3873 Ecclesiae
1806 3813 1945 3871 satis
2001 3812 2320 3887 prudenter
2375 3812 2818 3889 expenderunt,
2869 3810 3088 3872 dabitis
3130 3810 3364 3872 veniam
3405 3828 3521 3887 pro

579 3906 775 3955 vestra
822 3893 882 3953 in
933 3895 1127 3955 Deum
1178 3892 1627 3970 Ecclesiamque
1680 3890 1924 3981 pietate,
1979 3890 2027 3951 si
2089 3902 2404 3971 postquam
2446 3892 2520 3951 de
2562 3890 2843 3951 omnibus
2881 3890 3188 3951 Ecclesiae
3233 3889 3524 3951 membris

575 3973 639 4035 in
691 3990 1013 4035 commune
1065 3972 1218 4051 dixi,
1278 3972 1503 4049 aliquid
1544 3972 1720 4033 etiam
1762 3971 2068 4049 speciatim
2108 3971 2184 4032 de
2228 3972 2298 4032 iis
2339 3970 2545 4031 dixero
2560 4016 2577 4049 ,
2618 3970 2723 4049 qui
2762 3970 3074 4032 communi
3121 3968 3368 4109 corpog
3405 3971 3524 4061 Ec·

3369 4068 3530 4111 esrae
