3923 4875
616 97 1163 162 ratiocinationibus
1220 109 1639 162 eunuc-centes
1688 100 1961 162 vmbram
2021 99 2170 162 boni
2221 117 2336 178 pro
2367 100 2536 160 bono
2573 98 3024 176 amplexantur:
3063 95 3122 158 ἃ
3159 105 3364 158 tamen
3403 93 3572 173 quia

618 199 749 242 sese
792 179 1113 258 plurimum
1150 196 1293 242 cum
1332 179 1445 240 illia
1484 179 1861 242 inferioribus
1894 191 2278 259 comparant,
2315 179 2582 258 apprime
2601 177 2874 240 omnium
2891 177 3006 240 sibi
3024 177 3298 240 videntur
3315 194 3576 254 sapete.

622 261 717 322 Ae
748 259 1005 338 proinde
1042 275 1239 338 neque
1277 259 1372 338 hi,
1430 277 1627 338 neque
1664 259 1749 322 illi
1788 277 2052 338 vnquam
2095 270 2350 338 possum
2387 277 2634 322 eernere
2671 257 2819 337 quid
2859 259 3092 320 bonum
3121 259 3178 317 δι
3219 256 3578 318 iucundum

620 358 697 400 ex
730 339 977 402 veritate
1016 341 1109 403 sit.
1148 341 1383 402 Bonum
1422 345 1569 402 vero
1606 343 1663 402 δι
1704 339 2029 402 iucundum
2049 385 2069 418 .‚
2107 341 2278 417 quod
2315 339 2562 418 quidem
2600 343 2740 400 vere
2779 339 3012 400 bonum
3029 347 3208 416 atque
3221 336 3574 398 iucundum

622 431 739 498 est,
780 420 929 482 illud
970 423 1337 500 appellamus
1350 463 1369 498 ‚
1414 421 1583 498 quod
1620 439 1803 482 vnam
1840 421 2022 482 habet
2060 431 2440 482 constantem
2477 427 2798 498 veramque
2815 418 3222 497 symmetriam
3239 417 3366 479 siue
3383 435 3574 478 com-

622 519 891 562 mensum
950 512 1011 562 et
1066 499 1561 564 commoditatem
1602 501 1778 562 boni:
1840 500 1923 561 im
1963 510 2030 562 ut
2065 519 2178 562 nec
2217 500 2574 579 particulare
2611 499 2690 562 de
2727 498 3071 578 communi,
3119 517 3236 560 nec
3287 501 3572 576 particu-

620 581 743 642 lare
787 591 891 642 aut
938 597 1261 643 commune
1317 580 1395 642 de
1457 580 1771 644 vniuersali
1828 581 2150 674 derogent,
2207 599 2324 642 nec
2381 581 2698 660 corporale
2755 579 3002 658 spiritali
3055 577 3570 658 impedimenmm

621 662 854 741 afferat,
905 679 1019 723 nec
1068 659 1283 724 sensile
1318 669 1421 722 aut
1473 663 1741 722 naturale
1792 661 2008 722 morah
2061 659 2253 741 obsit,
2309 679 2426 722 nec
2485 661 2746 738 denique
2803 677 3085 739 praesens
3143 662 3201 721 δι
3253 657 3570 720 caducum

618 741 821 803 futuro
858 749 1221 834 aeternoque
1258 741 1634 821 aduersetur3
1674 742 1785 804 sed
1821 739 2104 802 inferiora
2141 741 2542 819 superioribus
2559 787 2580 821 ,
2619 739 2824 803 omnia
2861 757 3098 802 summo
3139 741 3198 801 δι
3237 737 3574 800 vniuersali

618 822 785 883 bono
844 837 957 884 suo
1016 821 1229 883 ordine
1282 823 1340 882 &
1378 821 1519 882 loco
1556 820 1897 884 inseruiant.
1940 821 2064 884 Hic
2101 821 2348 882 demum
2383 824 2526 884 vere
2563 823 2796 884 bonum
2825 819 3374 884 esse&iucundum
3393 819 3568 878 affir-

622 917 885 980 mamus,
922 901 1025 962 vbi
1064 903 1213 963 haec
1254 899 1601 964 constitutio
1642 919 1841 964 rerum
1872 899 2380 964 animaduertitur.
2915 955 2934 970 ,

700 983 879 1042 Hanc
936 980 1451 1058 constitutionem,
1512 983 1721 1044 saltem
1780 991 1958 1060 prout
2017 980 2079 1042 in
2137 983 2314 1044 rebus
2362 981 2636 1044 humanis
2676 979 2963 1061 praestari
2991 989 3222 1060 potest,
3261 977 3449 1056 siquis
3487 977 3568 1038 in

622 1061 847 1123 {amilia
900 1073 1196 1138 cerneret,
1236 1061 1617 1124 incredibiles
1656 1061 1749 1124 sui
1786 1079 2026 1124 amores
2061 1060 2374 1140 excitaret3
2415 1062 2468 1124 si
2501 1061 2564 1124 in
2603 1061 2846 1124 ciuitate
2859 1107 2878 1140 ,
2918 1080 2994 1122 eo
3033 1059 3224 1140 grafia
3261 1058 3528 1151 amplior·
3541 1104 3568 1136 .,

620 1141 761 1218 quia
798 1158 1123 1204 commune
1160 1141 1309 1204 illud
1356 1151 1617 1220 praestat
1654 1141 2028 1205 domestico:
2067 1142 2118 1204 si
2155 1140 2218 1202 in
2257 1141 2535 1220 regione:
2575 1141 2626 1202 si
2663 1142 2726 1204 in
2745 1141 2976 1203 mundo
2995 1139 3252 1218 denique
3271 1157 3570 1200 vmnerso

620 1221 747 1299 (qui
786 1231 987 1284 tamen
1026 1224 1181 1284 hanc
1222 1221 1437 1300 refugit
1474 1220 1697 1286 malitia
1736 1227 1863 1294 sua)
1904 1221 2372 1314 praeclarissime
2409 1222 2728 1285 nobiscum
2767 1233 3062 1302 ageretur.
3121 1220 3244 1282 Sed
3281 1219 3452 1298 quod
3489 1219 3568 1278 in

618 1301 897 1364 vniuerso
940 1301 1163 1364 mundo
1177 1346 1199 1380 ,
1236 1302 1299 1364 in
1338 1300 1585 1382 regione
1622 1303 1863 1382 mundi,
1902 1321 1964 1364 m
2005 1301 2246 1365 ciuitate
2259 1348 2277 1381 ‚
2317 1301 2381 1362 in
2421 1301 2608 1365 domo
2651 1303 2769 1364 vlla
2787 1301 3158 1380 deprehendi
3175 1319 3302 1362 non
3319 1309 3528 1378 potest
3541 1345 3568 1376 .,

620 1382 767 1442 illud
808 1391 1001 1442 totum
1037 1383 1310 1459 adeoque
1340 1381 1595 1460 amplius
1634 1381 1697 1445 in
1734 1383 2008 1446 Ecclesia
2047 1383 2223 1444 nobis
2261 1382 2572 1444 exhibetur
2609 1381 2908 1446 beneficio
2947 1381 3083 1442 Dei.
3123 1381 3280 1442 Nam
3299 1379 3414 1441 etsi
3431 1380 3570 1440 hoc

618 1464 847 1524 bonum
905 1463 1393 1541 voluptatemque
1460 1463 1617 1524 hanc
1666 1463 1925 1526 mundus
1965 1481 2090 1525 non
2135 1462 2326 1542 videt,
2385 1481 2498 1525 nec
2543 1462 2706 1526 videt
2743 1481 2888 1524 caro
2926 1472 3029 1526 aut
3067 1463 3279 1522 oculus
3315 1459 3516 1522 carnis
3541 1479 3562 1519 ε

618 1541 823 1604 vident
882 1552 1081 1603 tamen
1136 1542 1477 1620 quicunque
1528 1544 1741 1604 oculos
1779 1545 2006 1604 habent
2041 1541 2242 1606 cordis
2278 1545 2316 1603 a
2355 1544 2492 1605 Deo
2533 1543 2896 1606 illuminatos
2933 1552 3116 1620 atque
3153 1549 3516 1620 expurgatos
3541 1585 3566 1617 ‚

620 1622 683 1682 id
720 1631 839 1696 est..
880 1621 1219 1699 quicunque
1258 1621 1319 1683 in
1360 1621 1631 1684 Ecclesia
1668 1633 1807 1684 sunt
1816 1667 1837 1716 2
1878 1624 1936 1683 δι
1973 1621 2037 1683 in
2077 1641 2150 1684 ea
2187 1622 2513 1685 adhaerent
2549 1623 2790 1685 Christo
2828 1621 3054 1684 viuenti
3091 1621 3155 1682 in
3193 1621 3336 1701 ipsis
3371 1631 3563 1697 atque

620 1701 965 1764 ambulanti.
1018 1703 1161 1764 Hoc
1200 1701 1347 1764 illud
1384 1711 1475 1764 est
1512 1701 1681 1780 quod
1718 1703 1833 1764 sibi
1872 1704 2170 1782 Propheta
2209 1703 2429 1782 voluit,
2470 1721 2610 1766 cum
2649 1703 2834 1764 nobis
2861 1712 3188 1781 exponeret
3225 1703 3380 1762 hanc
3419 1719 3556 1760 rem

622 1782 865 1844 demum
904 1785 1127 1844 bonam
1166 1785 1223 1844 δι
1260 1781 1580 1844 iucundam
1618 1801 1749 1846 esse
1768 1827 1787 1862 ,
1826 1783 1994 1862 quod
2033 1783 2242 1844 fratres
2279 1783 2552 1846 habitent
2589 1783 2768 1846 etiam
2806 1785 2904 1846 vel
2943 1781 3295 1844 consideant
3331 1785 3472 1841 vna.

701 1865 901 1940 Atque
933 1862 1057 1923 hoc
1092 1862 1334 1940 quidem
1376 1863 1636 1943 bonum,
1676 1861 1949 1942 quamuis
1989 1861 2271 1924 diuinitus
2313 1865 2570 1943 bonum,
2610 1867 2669 1926 δε
2689 1863 3016 1924 iucundum
3050 1861 3230 1922 etiam
3251 1859 3562 1936 diuinitus,

621 1951 821 2003 tamen
882 1943 1091 2004 oculus
1146 1959 1273 2003 non
1328 1940 1519 2016 videt,
1584 1943 1741 2006 auris
1802 1961 1925 2006 non
1985 1941 2184 2022 audit,
2223 1944 2410 2005 homo
2449 1943 2710 2037 denique
2746 1963 2860 2005 nec
2901 1944 3144 2022 palpare
3183 1959 3364 2002 manu
3379 1984 3401 2014 ‚
3441 1958 3562 2000 nec

620 2031 856 2100 gustare
870 2065 889 2100 ‚
908 2041 1022 2084 nec
1060 2021 1299 2084 odorari
1332 2020 1479 2083 illud
1518 2033 1745 2102 potest,
1784 2041 1899 2084 nec
1940 2021 2159 2084 sentire
2190 2024 2314 2085 vllo
2353 2034 2534 2102 pacto
2573 2024 2798 2086 viribus
2837 2033 3084 2084 naturae
3104 2040 3266 2085 suae.
3287 2021 3408 2081 Sed
3425 2039 3558 2081 non

624 2105 937 2181 propterea
994 2103 1223 2164 bonum
1284 2121 1413 2164 esse
1468 2102 1711 2182 desinit,
1768 2102 1823 2166 si
1872 2105 2100 2165 bonum
2161 2121 2292 2166 esse
2331 2122 2456 2165 non
2498 2104 2734 2166 videtur
2771 2103 2842 2166 iis
2883 2103 2988 2182 qui
3027 2101 3358 2164 bonitatem
3393 2102 3556 2161 hanc

620 2181 1161 2260 iucunditatemque
1202 2200 1327 2244 non
1364 2193 1613 2260 possunt
1632 2182 1959 2262 percipere.
1999 2184 2130 2246 Nec
2151 2183 2452 2246 coloribus
2471 2229 2490 2263 ‚
2511 2203 2626 2246 nec
2647 2183 2831 2264 sonis,
2855 2202 2967 2246 nec
2986 2179 3408 2260 odoramentis,
3429 2199 3548 2240 nec

622 2263 909 2324 suauitate
927 2279 1122 2324 rerum
1136 2307 1153 2341 .,
1194 2281 1308 2324 nec
1335 2272 1497 2324 tactu
1514 2262 1849 2324 afficiuntur
1870 2262 2113 2344 mortui3
2147 2263 2288 2342 quia
2305 2264 2524 2326 mortui
2543 2275 2713 2344 sunt,
2731 2264 2795 2326 id
2815 2274 2938 2342 est,
2957 2262 3140 2342 inepti
3159 2259 3554 2341 percipiendis

622 2343 799 2405 rebus
836 2360 985 2421 quas
1024 2343 1211 2404 modo
1250 2342 1525 2404 diximus.
1565 2343 2040 2406 Odoramentum
2079 2353 2170 2404 est
2209 2345 2670 2408 odoramentum
2685 2389 2704 2417 ,
2743 2343 2854 2407 etsi
2871 2345 2958 2406 -in
2995 2361 3168 2404 nares
3207 2340 3418 2420 pituita
3447 2341 3554 2401 ob-

624 2433 875 2485 structas
915 2422 1201 2487 insiderit.
1237 2423 1399 2503 Ignis
1438 2441 1565 2485 non
1602 2427 1918 2503 propterea
1956 2423 2174 2485 desinit
2212 2423 2364 2503 ignis
2401 2444 2532 2489 esse
2547 2472 2566 2505 ,
2621 2424 2672 2488 si
2711 2444 2784 2487 ea
2821 2443 2951 2488 non
2989 2423 3198 2486 vaserit
3233 2440 3388 2501 quae
3427 2440 3554 2483 non

624 2516 761 2565 sunt
818 2503 1085 2582 praedita
1142 2502 1409 2582 potentia
1468 2510 1557 2578 (vt
1612 2508 1859 2580 vocant)
1914 2504 2152 2583 passius
2210 2516 2276 2567 vt
2335 2504 2474 2599 igne
2531 2508 2978 2571 comburantur.
3019 2506 3142 2566 Res
3183 2521 3395 2565 omnes
3425 2512 3551 2563 tum

622 2583 867 2645 demum
910 2586 1071 2645 recte
1109 2594 1293 2662 agunt
1330 2582 1595 2645 actiones
1634 2600 1801 2663 suaa,
1839 2591 2120 2662 recteque
2162 2584 2600 2667 percipluntur,
2653 2588 2794 2647 cnm
2833 2585 2913 2646 ad
2953 2584 3192 2646 obiecta
3229 2580 3555 2645 commoda

624 2666 681 2725 δι
720 2662 1137 2727 conuenientia
1174 2662 1317 2742 ipsis
1354 2663 1807 2742 actionibusque
1844 2664 2106 2743 ipsarum
2148 2666 2542 2744 peruenerint.
2585 2664 2750 2742 Quid
2787 2674 2915 2727 tum
2956 2664 3134 2744 igitur
3147 2710 3166 2741 ,
3207 2663 3258 2725 si
3295 2662 3552 2724 mundus

622 2762 747 2805 non
806 2744 977 2807 nouit
1033 2744 1206 2805 istam
1259 2743 1589 2807 bonitatem
1643 2745 1701 2805 δι
1760 2744 2220 2824 iucunditatem,
2263 2744 2410 2807 istos
2449 2747 2677 2807 fructus
2717 2743 3059 2807 Ecclesiae?
3099 2743 3266 2821 Quid
3305 2753 3432 2805 turn
3446 2786 3465 2821 ,
3505 2741 3556 2801 si

625 2842 701 2885 ne
740 2823 1068 2887 Ecclesiam
1107 2822 1350 2901 quidem
1390 2820 1663 2886 nouerit?
1704 2826 1949 2904 Ineptus
1989 2836 2080 2885 est
2119 2825 2208 2887 his
2247 2828 2426 2887 rebus
2465 2825 2875 2905 percipiendis.
2894 2824 3078 2887 vitam
3097 2822 3409 2885 Ecclesiae
3428 2840 3554 2882 non

625 2904 787 2965 videt
826 2916 1122 2982 mortuus,
1162 2904 1619 2967 odoramentum
1659 2922 1785 2965 non
1820 2904 1998 2965 sentit
2035 2905 2376 2983 frigefactus
2389 2948 2406 2980 ‚
2447 2904 2648 2986 ignem
2688 2906 2806 2969 Dei
2839 2905 2904 2966 in
2939 2904 3210 2967 Ecclesia
3229 2922 3356 2965 non
3375 2901 3553 2964 sentit

622 2982 790 3061 lapis.
829 2985 950 3045 Sed
988 2984 1027 3061 ij
1068 2984 1313 3046 demum
1352 2983 1612 3047 sentiunt
1648 3001 1801 3062 quos
1844 2986 2142 3063 Propheta
2181 2986 2300 3047 hoc
2341 2988 2480 3048 loco
2521 2997 2701 3048 vocat
2741 2989 2799 3048 &
2837 2985 3054 3049 excitat
3069 3030 3088 3064 ‚
3125 2983 3362 3063 dicens,
3400 3000 3553 3059 ecce,

625 3082 799 3141 quam
840 3066 1047 3125 bonum
1086 3065 1213 3127 &a
1272 3064 1686 3125 Communiter
1724 3064 1968 3141 quidem
2007 3066 2128 3126 hoc
2145 3063 2323 3144 dicit,
2365 3066 2472 3127 sed
2492 3085 2616 3127 non
2637 3084 2846 3128 omnes
2866 3065 2927 3126 in
2947 3064 3256 3127 communi
3275 3062 3551 3125 audiunt:

626 3142 676 3205 1i
716 3145 909 3205 solum
948 3144 1225 3222 audiunt,
1266 3142 1479 3223 quibus
1520 3146 1675 3205 hanc
1716 3144 2056 3206 doctrinam
2093 3145 2156 3205 in
2201 3162 2410 3207 manus
2448 3146 2638 3225 tradi,
2679 3146 2736 3207 &
2777 3145 2840 3207 in
2879 3145 3082 3207 animo
3103 3142 3348 3207 inscribi
3365 3140 3552 3204 voluit

626 3224 940 3286 Dominus.
983 3224 1363 3303 Quapropter
1404 3224 1484 3285 ad
1514 3225 1651 3302 pios
1664 3270 1681 3305 ,
1718 3223 1819 3303 qui
1844 3224 2104 3302 mysterii
2127 3224 2300 3287 huius
2324 3230 2460 3287 vere
2479 3244 2734 3305 capaces
2753 3235 2892 3287 sunt
2909 3270 2928 3305 ,
2943 3224 3299 3289 excitandos
3320 3223 3556 3285 duobus

626 3304 985 3383 argumentis
1042 3304 1252 3383 pungit
1308 3304 1702 3367 conscientias
1760 3315 1994 3367 nostras
2009 3349 2027 3383 ‚
2087 3306 2225 3369 cum
2285 3305 2756 3385 propositionem
2817 3322 2984 3367 suam
3039 3324 3337 3367 exornans
3375 3314 3552 3379 atque

626 3384 1023 3462 amplificans,
1061 3386 1118 3445 δι
1156 3382 1527 3447 subiectione
1567 3385 1745 3446 vtitur
1758 3430 1777 3463 ,
1815 3386 1871 3446 δι
1911 3384 2304 3449 admiratione
2345 3386 2880 3449 vehementissima.
2921 3384 3370 3447 subiectionem
3395 3382 3552 3461 dico,

624 3482 743 3543 qua
793 3465 1057 3545 singulos
1112 3464 1409 3543 nostrum,
1462 3464 1632 3543 quasi
1670 3464 1733 3525 in
1776 3484 1903 3526 rem
1944 3477 2315 3544 praesentem
2355 3476 2532 3529 vocat
2545 3510 2562 3536 ‚
2605 3466 2922 3545 inquien83
2962 3466 3145 3527 Ecce:
3183 3462 3550 3527 administra-

622 3544 849 3607 tionem
888 3550 1029 3607 vero
1042 3590 1063 3624 ‚
1102 3562 1223 3623 qua
1258 3544 1373 3607 sibi
1410 3543 1537 3638 ipse
1572 3562 1700 3606 non
1736 3544 2103 3607 satisfaciens
2143 3546 2202 3607 in
2243 3546 2598 3623 exponenda
2633 3544 3029 3625 amplitudine
3069 3545 3218 3608 boni
3260 3546 3318 3605 δι
3349 3544 3551 3605 iucun-

624 3625 821 3687 ditatis
873 3624 1067 3703 istius,
1128 3642 1338 3687 omnes
1398 3626 1572 3686 simul
1632 3624 1783 3702 rapit
1836 3625 1897 3685 in
1937 3626 2506 3717 contemplationem
2545 3626 2700 3688 illius
2715 3672 2736 3707 ,
2775 3625 3060 3704 dicendo,
3102 3628 3288 3705 quam
3327 3625 3550 3686 bonum

625 3709 683 3768 δι
713 3710 895 3784 quam
930 3706 1292 3767 iucundum!
1334 3704 1579 3783 perinde
1618 3706 1778 3767 enim
1816 3716 1909 3767 est
1934 3717 2118 3784 atque
2155 3726 2204 3767 ει
2245 3706 2470 3768 diceret
2483 3752 2502 3786 ‚
2542 3724 2656 3769 nec
2697 3725 2814 3786 ego
2853 3705 2994 3769 satis
3033 3726 3108 3769 ex
3149 3705 3354 3769 officio
3375 3720 3548 3765 nosse

625 3797 726 3847 aut
784 3786 1125 3864 praedicare
1179 3784 1325 3846 illud
1384 3803 1657 3865 possum,
1718 3802 1915 3865 neque
1975 3796 2246 3847 nostrum
2301 3786 2644 3867 quisquam,
2703 3806 2776 3849 ac
2817 3806 2895 3851 ne
2939 3785 3140 3849 cuncti
3181 3786 3428 3865 quidem
3443 3828 3460 3863 ,
3497 3782 3549 3843 si

624 3866 781 3927 vires
818 3876 1049 3927 nostras
1088 3870 1205 3928 vna
1244 3866 1708 3945 coniungamus:
1748 3867 1857 3927 sed
1895 3866 2071 3927 vnica
2109 3866 2424 3931 admiratio
2467 3886 2606 3929 meo
2646 3870 2704 3929 &
2743 3866 3058 3929 communi
3093 3866 3364 3943 nomine,
3385 3862 3548 3944 quod

625 3947 887 4011 dictunts
944 3964 1134 4009 essem
1176 3947 1224 4007 si
1263 3964 1529 4027 possem,
1588 3946 2064 4009 demonstratura
2101 3958 2208 4012 est.
2247 3947 2482 4009 silentio
2521 3966 2687 4029 meo,
2738 3948 2906 4025 quod
2945 3950 3013 4025 (f.
3063 3964 3094 4023 7
3103 3950 3206 4024 50)
3248 3944 3394 4105 mig}
3431 3962 3550 4087 arg-

3393 4026 3478 4087 itu
3517 4042 3556 4085 ο
