3923 4875
609 355 724 413 224
1549 354 1874 399 ‘russas
1935 351 2579 400 Turonoorcat.

611 516 771 576 Hinc
811 515 1080 593 apposite
1121 515 1486 594 Augustinus
1525 518 1622 576 lib.
1662 538 1717 591 4.
1761 520 1830 576 de
1865 519 2025 577 cinit.
2072 519 2223 590 Dei,
2262 536 2335 576 ca
2378 561 2393 576 .
2424 537 2481 594 3.
2500 518 2697 578 bonus
2718 515 2769 576 si
2786 515 3003 577 seruiat
3024 515 3173 576 liber
3192 526 3308 596 ατς
3332 517 3517 577 malus

603 594 664 686 si·
711 606 915 672 regnet
969 613 1204 674 seruus3
1265 615 1378 658 nec
1443 597 1606 657 vuius
1645 597 1932 668 hominis,
1988 599 2125 674 sed,
2166 615 2291 675 quo
2372 597 2608 675 grauius
2648 607 2768 674 est,
2810 607 2901 657 tot
2940 597 3321 657 dominorum
3366 608 3521 674 quot

611 675 902 734 vitiorum.

682 775 740 831 3.
827 756 1022 816 Causa
1063 755 1322 832 efficiens
1353 764 1576 815 remota
1615 755 1897 818 libertatis
1918 757 2285 817 Christianae
2304 767 2392 816 est
2412 756 2529 816 Dei
2546 755 2735 835 gratia
2754 760 2811 816 &
2830 755 3249 817 beneuolentia
3268 757 3515 835 singula-

604 835 682 894 ris
697 880 714 910 ,
737 853 856 894 non
880 853 1130 912 operum
1154 834 1562 912 praeuisorum
1583 837 1808 897 merita.
1847 839 2231 916 Propinqua,
2250 847 2341 896 est
2359 837 2627 898 Christus
2641 837 2839 928 Jesus,
2858 835 2921 895 in
2944 853 3067 912 quo
3088 837 3207 896 hoc
3224 836 3516 897 beneficio

606 916 875 974 fruuntur
934 914 1106 974 electi
1121 959 1138 989 ,
1199 933 1352 991 quos
1415 917 1624 977 merito
1667 919 1722 977 &
1764 917 2029 976 efficacia
2064 934 2205 976 suae
2241 916 2533 995 passionis
2572 935 2647 977 ex
2686 925 2966 978 seruitute
3006 915 3339 978 vindicatos
3380 935 3519 976 vera

607 995 880 1054 libertate
939 995 1216 1056 donauit:
1281 995 1455 1054 Ioan.
1519 999 1576 1054 8.
1617 1016 1714 1073 32.
1757 999 1854 1074 36.
1905 1017 1954 1058 1.
2004 996 2143 1056 Cor.
2196 1015 2251 1070 7.
2290 1015 2387 1072 23.
2435 999 2639 1058 Galat.
2682 1013 2739 1074 5.
2787 1016 2838 1057 1.
2888 1017 2937 1056 1.
2977 998 3141 1056 Petr.
3192 1017 3243 1056 1.
3292 1001 3383 1058 18.
3427 1016 3517 1073 19.

609 1075 956 1135 Subiectum
1019 1091 1122 1134 seu
1181 1078 1432 1134 materia
1481 1078 1544 1134 in
1583 1096 1732 1154 qua,
1813 1086 1951 1137 sunt
1990 1080 2129 1137 vere
2168 1075 2248 1153 pij
2290 1079 2349 1136 81
2387 1077 2595 1136 fideles
2630 1095 2839 1138 omnes
2880 1075 3097 1154 singuli
3136 1080 3191 1137 &
3230 1077 3376 1154 soli,
3416 1077 3521 1153 qui

610 1174 747 1214 vera
790 1155 909 1214 fide
949 1153 1205 1232 praediti
1243 1172 1307 1213 se
1347 1173 1553 1216 seruos
1593 1156 1821 1233 peccati
1863 1167 2253 1235 agnoscentes
2294 1157 2519 1216 fructus
2558 1156 2767 1216 mortis
2807 1154 3142 1216 dominicae
3182 1156 3294 1217 sibi
3334 1155 3515 1234 appli-

609 1245 779 1295 cant:
821 1244 958 1294 ante
995 1233 1154 1294 enim
1197 1233 1487 1296 beneficio
1529 1235 1809 1297 libertatis
1849 1255 2028 1297 nemo
2070 1235 2183 1296 frui
2222 1245 2445 1314 potest,
2486 1240 2667 1313 quam
2708 1237 2827 1296 fide
2862 1237 3119 1296 saluifica
3148 1236 3293 1315 illud
3312 1236 3383 1296 sit
3400 1257 3519 1296 am-

609 1315 832 1392 plexus.
891 1313 1210 1375 Obiectum
1273 1333 1378 1374 seu
1437 1318 1684 1376 materia
1733 1319 1896 1376 circa
1933 1335 2111 1394 quam
2152 1327 2241 1376 est
2280 1315 2617 1378 maledictio
2658 1315 2831 1394 legiS,
2872 1315 3121 1376 sentitus
3159 1317 3391 1394 peccati
3405 1362 3422 1392 ,
3462 1318 3519 1376 δι

609 1394 884 1472 legalium
925 1393 1394 1454 ceremoniarum
1438 1399 1748 1474 rerumque
1787 1415 1896 1474 per
1937 1417 2001 1458 se
2042 1395 2369 1457 mediarum
2407 1395 2627 1474 iugum.

685 1494 744 1549 4.
828 1476 1046 1534 Forma
1085 1485 1173 1534 est
1213 1473 1460 1551 Spiritus
1501 1475 1702 1536 Sancti
1741 1475 2129 1537 sanctificatio
2172 1476 2227 1534 &
2267 1475 2628 1552 testificatiO,
2651 1493 2770 1553 qua
2790 1475 2851 1536 in
2872 1479 3013 1536 vere
3032 1474 3293 1535 fidelium
3312 1473 3521 1535 animis

601 1554 992 1615 indubitatam
1037 1553 1473 1631 persuasionem
1515 1558 1570 1616 &
1613 1559 2010 1634 πληροφορίαν
2048 1556 2125 1616 de
2162 1573 2369 1616 eorum
2412 1555 2470 1615 in
2512 1556 2665 1617 filios
2702 1554 2815 1616 Dei
2834 1575 2907 1616 ex
2926 1554 3059 1615 filiis
3080 1555 3321 1615 Diaboli
3339 1556 3521 1632 adop-

597 1632 792 1710 tione,
837 1641 1031 1710 eoque
1071 1635 1127 1694 δι
1167 1633 1534 1695 immunitate
1573 1639 1610 1694 a
1649 1638 1930 1696 seruitute
1972 1635 2285 1713 praeterita
2326 1633 2615 1712 obsignat.
2658 1637 2831 1695 Rom.
2852 1639 2911 1695 8.
2944 1653 3035 1711 13.
3064 1655 3154 1708 14.
3186 1651 3270 1712 15.
3298 1655 3353 1695 2.
3383 1635 3521 1695 Cor.

605 1733 657 1774 1.
727 1733 818 1773 22.
874 1715 1075 1773 Galat.
1119 1732 1176 1787 4.
1218 1715 1275 1774 6.
1321 1729 1376 1788 7.
1417 1716 1634 1793 Ephes.
1677 1734 1734 1788 4.
1779 1733 1876 1790 30.
1919 1715 2050 1777 finis
2076 1718 2455 1807 propinquus
2494 1725 2616 1793 est,
2654 1726 2717 1775 vt
2757 1726 2973 1793 sponte
3009 1715 3070 1774 in
3110 1714 3423 1776 sanctitate
3464 1715 3521 1773 δι

606 1792 822 1856 iustitia
864 1795 996 1854 Deo
1037 1793 1254 1854 seruire
1299 1793 1610 1871 incipiant:
1653 1811 1822 1854 serua
1861 1794 2019 1855 enim
2061 1797 2328 1856 libertate
2374 1793 2543 1856 liberi
2583 1805 2746 1864 sunt.
2786 1794 2887 1874 qui
2928 1795 2981 1855 ei
3017 1794 3205 1854 libera
3246 1794 3521 1855 seruitute

599 1873 880 1936 seruiunt.
921 1875 1188 1950 Medius,
1229 1873 1498 1934 libertate
1530 1873 1816 1935 vtentium
1855 1877 2040 1953 salus,
2080 1876 2137 1934 &
2177 1875 2543 1936 infirmorum
2582 1876 2827 1936 fratrum
2866 1873 3229 1936 aedificatio:
3279 1895 3327 1935 1.
3378 1876 3515 1934 Cor.

603 1974 660 2031 9.
711 1973 800 2031 19.
845 1972 939 2012 20.
985 1971 1078 2014 21.
1126 1971 1218 2013 22.
1265 1973 1358 2030 23.
1399 1955 1708 2032 Remotus,
1751 1952 1865 2016 Dei
1908 1955 2127 2033 gloria:
2178 1977 2225 2015 1.
2274 1955 2415 2016 Cor.
2462 1975 2554 2016 10.
2596 1975 2696 2032 31.

685 2050 740 2111 5.
823 2035 1042 2092 Partes
1079 2032 1447 2094 Christianae
1485 2033 1770 2096 libertatis
1811 2046 1948 2094 sunt
1988 2035 2132 2096 tres':
2174 2033 2562 2096 Manumissio
2598 2039 2635 2094 a
2674 2033 3091 2096 maledictione
3130 2034 3275 2112 legis
3288 2079 3305 2114 ,
3346 2033 3520 2095 serui·

603 2124 726 2174 tute
773 2117 1031 2191 peccati,
1071 2113 1128 2172 &
1167 2112 1445 2192 legalium
1485 2112 1960 2174 ceremoniarum
1997 2120 2309 2194 rerumque
2352 2133 2461 2192 per
2499 2133 2563 2175 se
2606 2115 2931 2176 mediarum
2954 2112 3111 2193 iugo.
3134 2117 3349 2175 Prima
3368 2131 3523 2191 pars,

605 2211 822 2270 nempe
864 2191 1238 2254 manumissio
1275 2197 1313 2253 a
1355 2191 1772 2254 maledictione
1813 2193 1958 2273 legis
1972 2239 1989 2272 ,
2031 2194 2091 2254 in
2130 2213 2205 2256 eo
2244 2193 2356 2255 sita
2394 2205 2484 2255 est
2498 2239 2515 2272 ,
2556 2195 2725 2272 quod
2764 2197 2904 2256 vere
2936 2193 3201 2254 fidelium
3220 2193 3522 2255 conscien-

603 2273 716 2334 tiae
753 2272 971 2334 liberae
1011 2285 1148 2334 sunt
1186 2275 1242 2334 &
1283 2272 1572 2334 immunes
1605 2277 1644 2333 a
1673 2274 1822 2353 legis
1855 2273 2163 2336 seueritate
2202 2276 2259 2335 81
2298 2275 2521 2353 rigore3
2572 2295 2624 2336 1.
2656 2277 2831 2335 Rom.
2852 2277 2909 2334 8.
2938 2275 3079 2335 Gal.
3101 2293 3160 2352 3.
3188 2293 3279 2334 10.
3312 2294 3401 2334 11.
3432 2293 3519 2332 12.

612 2373 702 2430 13.
749 2355 825 2413 ὁ·
867 2368 924 2430 5.
971 2373 1021 2413 1.
1065 2370 1118 2432 5.
1163 2371 1285 2431 quo
1327 2351 1810 2414 maledictionem
1849 2353 2129 2414 omnibus
2167 2354 2268 2432 qui
2312 2355 2403 2415 vel
2442 2354 2503 2414 in
2549 2373 2669 2414 vno
2714 2353 2886 2434 apice
2928 2354 3271 2434 transgressi
3309 2352 3525 2414 fuerint

605 2433 944 2496 denunciat.
989 2435 1115 2495 Iac.
1159 2454 1211 2494 2.
1261 2453 1350 2493 10.
1403 2435 1542 2495 Gal.
1586 2454 1644 2511 3.
1692 2455 1781 2495 10.
1825 2455 1890 2495 ea·
1937 2437 2176 2495 Denter.
2227 2452 2321 2511 27.
2366 2435 2458 2495 26.
2482 2452 2677 2513 neque
2696 2437 2943 2496 salutem
2964 2435 3197 2495 confert
3216 2433 3523 2512 cuiquam,

603 2514 714 2575 nisi
754 2514 955 2575 omnia
995 2515 1272 2575 mandata
1305 2516 1480 2593 plane
1520 2516 1575 2574 81.
1615 2516 1787 2592 plene
1827 2514 2099 2593 seruarit,
2141 2517 2313 2575 Rom.
2364 2535 2455 2575 10.
2500 2532 2557 2594 5.
2589 2517 2805 2577 Ezech.
2832 2535 2926 2575 20.
2952 2534 3047 2576 11.
3070 2514 3323 2593 ideoque
3344 2532 3525 2592 quan—

605 2594 706 2655 diu
747 2594 906 2673 rigor
945 2593 1056 2655 iste
1095 2593 1424 2655 dominium
1467 2595 1723 2672 obtinet,
1766 2597 1821 2655 &
1861 2595 2052 2673 viget,
2096 2613 2306 2655 omnes
2346 2596 2407 2655 in
2451 2594 2788 2655 vniuersum
2823 2594 3092 2657 homines
3111 2596 3223 2655 sub
3244 2596 3523 2655 condem-

605 2673 844 2735 natione
881 2674 1118 2752 inclusi‚
1158 2676 1214 2735 &
1249 2676 1325 2735 ab
1365 2686 1637 2735 aeternae
1677 2674 2053 2735 haereditatis
2092 2694 2197 2751 spe
2238 2674 2458 2735 exclusi
2502 2685 2671 2754 sunt,
2712 2677 2851 2736 cum
2889 2694 3069 2735 nemo
3110 2675 3219 2753 sit,
3258 2674 3359 2753 qui
3379 2674 3523 2751 legis

603 2752 894 2831 requisitis
943 2774 1014 2813 ex
1063 2774 1126 2815 se
1178 2756 1298 2814 vllo
1341 2754 1526 2815 modo
1565 2753 1898 2815 satisfacere
1939 2766 2137 2833 queat.
2202 2757 2293 2815 Eo
2332 2766 2530 2814 autem
2570 2756 2803 2815 sublato
2820 2800 2837 2830 ,
2878 2754 3150 2815 fidelibus
3190 2755 3285 2815 lex
3326 2770 3524 2831 super·

603 2850 786 2893 uacua
829 2852 952 2894 non
995 2846 1108 2893 est:
1153 2846 1351 2894 manet
1392 2836 1550 2896 enim
1591 2834 1773 2913 ipsius
1813 2834 2087 2894 doctrina
2123 2834 2371 2894 immota
2412 2836 2467 2893 &
2506 2834 2919 2910 immutabilis,
2961 2852 3115 2911 quae
3156 2838 3230 2895 eo
3271 2843 3525 2911 spectat,

607 2926 666 2972 vt
706 2913 862 2973 viam
909 2917 964 2974 &
1003 2914 1292 2973 rationem
1333 2916 1634 2985 ostendat,
1677 2913 1796 2992 qua
1835 2914 2015 2974 vitam
2060 2932 2225 2975 suam
2267 2916 2345 2975 ad
2389 2915 2499 2975 Dei
2540 2917 2901 2975 voluntatem
2940 2916 3345 2991 conforment,
3384 2930 3525 2975 con—

605 2992 852 3053 scientia
891 3004 1090 3055 tamen
1131 3012 1336 3053 coram
1377 2994 1500 3053 eius
1543 2993 1820 3055 tribunali
1859 2994 2047 3055 libera
2086 2997 2141 3055 &
2184 3004 2411 3072 pacata.

683 3075 740 3135 6.
823 3072 1086 3133 Secunda
1125 3072 1408 3134 libertatis
1447 3074 1811 3135 Christianae
1853 3094 1989 3151 pars
2030 3086 2121 3134 est
2160 3073 2495 3135 immunitas
2534 3078 2571 3135 a
2610 3073 2887 3134 seruitute
2928 3074 3159 3152 peccati
3200 3072 3495 3153 regnantis
3508 3118 3527 3142 ,

605 3152 686 3212 ita
735 3165 798 3212 vt
837 3153 1210 3229 tyrannidem
1249 3172 1418 3215 suam
1458 3172 1580 3215 non
1621 3154 1874 3231 amplius
1915 3166 2185 3217 exerceat
2226 3153 2285 3215 in
2324 3154 2553 3215 fideles:
2596 3156 2811 3215 Ioann.
2852 3158 2911 3215 8.
2950 3174 3048 3231 34.
3080 3171 3177 3233 35.
3220 3155 3315 3231 36.
3356 3154 3528 3213 Rom.

609 3235 663 3292 6.
715 3251 804 3306 14.
851 3248 942 3307 17.
991 3236 1082 3293 18.
1119 3232 1224 3311 qui
1263 3254 1325 3295 se
1366 3234 1425 3293 in
1461 3234 1888 3295 subiectionem
1915 3232 2165 3295 iustitiae
2184 3233 2567 3309 addixerunt,
2586 3235 2716 3311 lege
2740 3234 2853 3294 Dei
2876 3235 3269 3311 delectantur,
3290 3233 3531 3310 eiusque

607 3312 895 3373 voluntati
939 3313 1382 3391 obtemperant:
1429 3332 1548 3374 non
1592 3325 1656 3375 vt
1695 3312 1838 3393 legis
1872 3312 2123 3393 imperio
2142 3312 2366 3389 coacti,
2388 3315 2495 3375 sed
2519 3313 2705 3375 libero
2726 3314 2781 3373 81
2802 3326 3015 3391 pacato
3036 3312 3271 3393 spiritu,
3290 3322 3532 3391 propter

605 3391 1029 3454 inhabitantem
1075 3392 1136 3454 in
1179 3393 1318 3471 ipsis
1359 3392 1637 3471 Spiritum
1679 3392 2161 3472 regenerationis.
2201 3394 2379 3453 Vnde
2420 3395 2693 3455 Ambros.
2735 3396 2836 3453 lib.
2880 3414 2933 3453 2.
2968 3398 3131 3474 epist.
3127 3411 3222 3533 ἐ
3241 3392 3392 3454 liber
3408 3403 3497 3453 est
3510 3436 3529 3469 ,

605 3473 702 3533 cui
762 3482 1073 3550 peccatum
1115 3472 1184 3553 (f.
1233 3476 1410 3553 1696)
1449 3473 1757 3534 dimissum
1817 3484 1934 3551 est,
1990 3476 2149 3533 nulla
2196 3474 2315 3534 iam
2366 3474 2604 3533 trahens
2642 3492 2779 3533 aera
2818 3473 3063 3552 peccati.
3194 3474 3293 3533 inc
3330 3472 3409 3550 pij
3450 3472 3528 3531 ad

605 3570 772 3614 suam
837 3553 1306 3614 consolationem
1362 3552 1472 3613 sibi
1523 3557 1686 3615 certo
1727 3553 2113 3631 persuadent,
2156 3552 2443 3630 obsequia
2484 3571 2616 3628 sua.
2658 3553 2779 3613 imo
2820 3556 2914 3613 vel
2955 3554 3271 3613 conamina
3304 3553 3529 3613 tantum

609 3632 867 3694 melioris
925 3632 1078 3692 vitae
1137 3633 1558 3709 instituendae,
1620 3632 1848 3710 optimo
1899 3634 2032 3693 Deo
2082 3635 2347 3711 placere,
2400 3634 2674 3693 Malach.
2719 3652 2775 3709 3.
2828 3650 2917 3709 17.
2958 3642 3149 3711 eoque
3190 3628 3437 3693 alacrius
3474 3634 3531 3692 81

608 3712 939 3791 promptius
980 3714 1058 3773 ad
1103 3732 1306 3773 verum
1351 3714 1476 3773 eius
1518 3714 1744 3772 cultum
1783 3730 1910 3773 sese
1949 3711 2295 3790 accingunt,
2346 3731 2391 3771 1.
2434 3715 2649 3773 loann.
2705 3731 2759 3791 5.
2804 3732 2857 3773 2.
2901 3733 2959 3790 3.

691 3811 744 3867 7.
840 3796 1040 3853 Tertia
1080 3812 1217 3872 pars
1257 3808 1344 3853 est
1385 3792 1770 3853 manumissio
1809 3796 1847 3852 a
1887 3794 2165 3869 legalium
2187 3793 2651 3853 ceremoniarum
2672 3793 2841 3872 iuge,
2862 3812 2936 3853 eo
2956 3793 3121 3870 quod
3141 3796 3280 3853 vere
3299 3792 3500 3852 fideles
3514 3834 3531 3867 ,

608 3872 961 3933 ceremoniis
1001 3876 1257 3933 aduentu
1293 3876 1348 3934 &
1391 3882 1580 3933 morte
1622 3872 1842 3933 Christi
1880 3873 2207 3952 abrogatiS,
2246 3874 2324 3932 ab
2364 3872 2727 3951 obligatione
2768 3893 2869 3933 eas
2909 3872 3263 3935 obseruandi
3304 3869 3533 3932 liberati

607 3964 770 4013 sunt:
831 3955 1050 4033 Ephes.
1101 3974 1152 4013 2.
1199 3969 1286 4030 15.
1355 3954 1577 4013 Coloss.
1621 3972 1678 4013 2.
1727 3972 1816 4025 14.
1865 3956 1954 4012 16.
2008 3952 2263 4029 ideoque
2311 3952 2487 4013 etiam
2527 3952 2849 4031 generatim
2890 3952 3285 4013 conscientiae
3323 3970 3529 4011 eorum

611 4035 770 4093 nulla
830 4038 866 4093 a
927 4036 1104 4093 rebus
1165 4034 1451 4111 externis,
1515 4051 1619 4110 per
1670 4052 1734 4093 se
1777 4032 2011 4108 mediis,
2054 4032 2395 4093 necessitate
2435 4034 2613 4111 legari
2654 4044 2919 4110 possunt.
2977 4034 3101 4093 Res
3139 4035 3278 4093 vero
3320 4033 3536 4090 mediae

609 4112 886 4174 dicuntur
904 4158 922 4186 ,
968 4131 1121 4190 quae
1169 4117 1376 4191 suapte
1416 4124 1626 4173 natura
1663 4132 1776 4173 nec
1815 4112 2011 4172 bonae
2051 4131 2165 4171 nec
2202 4113 2391 4171 malae
2432 4124 2597 4191 sunt3
2640 4133 2713 4173 ac
2732 4112 2983 4191 proinde
3000 4113 3215 4191 quibus
3233 4114 3329 4171 vel
3348 4112 3532 4187 bene,

610 4194 704 4252 vel
747 4197 934 4263 male,
982 4205 1083 4253 aut
1125 4195 1299 4271 plane
1343 4212 1464 4252 non
1509 4192 1589 4251 vti
1632 4192 1762 4269 quis
1804 4193 2016 4270 possit:
2065 4193 2287 4253 Matth.
2340 4208 2427 4269 15.
2477 4213 2563 4251 11.
2606 4194 2779 4253 Rom.
2828 4212 2917 4267 14.
2966 4213 3055 4267 14.
3081 4212 3174 4252 20.
3202 4212 3292 4251 22.
3322 4211 3369 4251 1.
3398 4191 3535 4251 Cor.

610 4276 668 4334 6.
727 4292 822 4333 12.
887 4292 980 4349 13.
1047 4274 1123 4333 &⁴
1177 4278 1231 4332 8.
1276 4279 1331 4333 8.
1377 4274 1453 4333 ὁ*
1501 4292 1588 4332 ro.
1635 4292 1730 4349 23.
1777 4289 1870 4350 25.
1917 4290 2009 4349 27.
2078 4275 2289 4331 Coloss.
2340 4292 2391 4331 2.
2440 4276 2527 4331 16.
2582 4290 2669 4346 17.
2723 4275 2835 4332 Tit.
2886 4292 2934 4333 1.
2982 4289 3072 4350 15.
3112 4288 3359 4349 quarum
3402 4286 3537 4329 vsus

609 4352 708 4411 ἄδι
752 4360 931 4433 φωρος
997 4353 1098 4432 iis,
1169 4355 1269 4431 qui
1331 4356 1407 4414 de
1473 4352 1740 4414 libertate
1801 4370 1903 4412 sua
1966 4354 2233 4413 nondum
2291 4363 2425 4412 sunt
2464 4354 2635 4431 certi,
2676 4352 2931 4429 ideoque
2976 4352 3035 4411 in
3078 4371 3183 4413 vsu
3220 4351 3531 4492 Ιέαεὶῗίιαιιῑ,

596 4464 620 4529 ’
2490 4436 2525 4467 ⁰
3278 4449 3317 4489 u
3362 4430 3533 4506 itant,
