3923 4875
635 316 752 377 390
1465 320 1568 363 na
1629 320 2051 366 rom-rra:
2110 322 2367 365 uosrs
2429 322 2721 368 ossea.

625 486 836 547 terium
889 486 1284 549 domesticum
1327 487 1564 567 grauius
1601 500 1692 549 est
1731 507 1808 549 eo
1849 488 2018 566 quod
2058 498 2223 579 exn-a
2262 486 2512 547 domum
2552 496 2961 564 perpetratum
3004 499 3133 547 est.
3118 483 3142 531 Ρ
3184 496 3397 548 nonne
3436 486 3577 549 illud

627 566 820 644 ipsum
859 568 1253 629 domesticum
1291 570 1516 629 crimen
1555 568 1792 661 grauius
1832 580 1948 645 est,
1988 568 2037 628 si
2078 567 2143 628 in
2178 567 2491 628 dominum
2530 566 2753 645 ipsum,
2794 570 2985 644 quam
3026 569 3075 627 si
3124 568 3184 627 in
3216 588 3575 629 conseruum

627 644 1046 708 committitur?
1087 650 1236 709 haec
1274 649 1452 727 igitur
1487 648 1852 727 particularis
1893 648 2003 709 fuit
2040 649 2141 709 illa
2182 648 2366 724 ratio,
2406 664 2529 724 qua
2566 646 2868 707 atrociora
2908 647 3315 709 Israelitarum
3358 652 3575 709 scelera

627 728 836 787 effecta
863 738 1025 803 sunt,
1045 730 1102 789 δι
1123 728 1512 791 atrocioribus
1531 729 1832 822 suppliciis
1851 729 2165 791 vindicata.
2208 729 2367 789 Nam
2384 728 2497 789 hae
2516 725 3000 788 circumstantiae
3020 731 3185 789 nulla
3206 728 3441 789 ratione
3460 732 3573 791 boc

623 818 892 885 tempore
923 807 984 867 in
1003 810 1276 871 Ecclesia
1295 810 1412 871 Dei
1427 811 1648 871 seruari
1667 822 1946 889 possunt,
1972 822 2033 871 vt
2052 810 2131 870 de
2150 806 2491 870 hominibus
2510 807 2770 868 seductis
2800 808 3019 869 eodem
3044 810 3233 869 modo
3260 810 3571 871 iudicetm’.

717 888 886 949 Thes.
925 908 1022 966 37.
1085 890 1276 968 Atque
1311 894 1376 951 in
1413 892 1566 951 hunc
1605 893 1835 951 modum
1860 894 2186 970 pleraeque
2222 908 2284 949 se
2319 889 2541 949 habent
2574 890 2729 964 leges
2768 891 2971 949 Mosis
3010 892 3403 951 &dietat-tae.
3392 912 3571 968 quae

624 977 742 1028 tum
783 971 876 1029 ius
905 972 1210 1049 politicum
1251 981 1504 1031 naturae
1541 990 1835 1031 commune
1872 991 1937 1030 ea·
1977 973 2207 1031 ratione
2244 972 2352 1029 illa
2390 970 2682 1029 communi
2718 970 2799 1027 ὁ·
2836 972 3223 1044 itnmutabili,
3258 973 3339 1029 ὁ*
3374 975 3571 1047 singu-

624 1051 758 1109 lare
787 1053 981 1125 genu's
1021 1070 1090 1110 ex
1116 1054 1491 1131 particulari
1523 1054 1655 1111 iure
1691 1054 1768 1111 δι’·
1805 1055 2037 1111 ratione
2075 1052 2378 1125 singulari
2414 1053 2503 1125 (vt
2542 1051 2681 1109 ante
2712 1048 2999 1141 diximus)
3007 1053 3425 1129 partieipant,
3442 1062 3559 1111 tum

625 1133 1000 1191 ceremoniale
1037 1132 1112 1189 ab
1148 1134 1407 1192 instituto
1439 1135 1702 1229 gratiae..
1741 1134 1888 1192 Has
1925 1140 2117 1193 autem
2155 1133 2307 1206 leges
2345 1149 2496 1206 quae
2533 1131 2620 1190 ita
2658 1131 2872 1189 mixtae
2910 1140 3081 1209 sunt,
3106 1150 3211 1189 nec
3232 1135 3390 1192 recti
3404 1135 3563 1193 intel-

623 1211 890 1288 ligimus,
931 1212 1051 1271 nisi
1087 1212 1154 1271 τό
1195 1212 1409 1285 ἠθικὸν
1439 1212 1557 1271 ἀπὸ
1599 1219 1702 1271 τοῦ
1745 1218 1993 1272 :maxoni
2044 1212 2503 1303 distinguamus,
2542 1228 2645 1269 nec
2686 1212 3003 1287 quisquam
3042 1214 3317 1271 strictws
3360 1232 3563 1271 carun

623 1290 1074 1351 obseruationem
1127 1294 1236 1352 hoc
1289 1301 1542 1369 tempore
1591 1312 1718 1351 cum
1756 1295 1987 1353 ratione
2000 1299 2215 1383 ‘potest
2248 1292 2485 1366 exigere
2520 1288 2583 1349 in
2622 1289 2895 1349 Ecclesia
2933 1290 3079 1365 Dei3
3122 1309 3253 1369 quo
3300 1304 3567 1371 tempore

623 1371 938 1431 acclamari
989 1371 1187 1450 potius
1241 1372 1387 1433 illud
1435 1372 1601 1433 Pauli
1642 1372 1702 1432 in
1741 1390 1914 1432 aures
1951 1370 2191 1449 piorum
2232 1368 2501 1432 omnium
2540 1386 2783 1430 necesse
2824 1382 2947 1448 est3
2992 1369 3057 1431 in
3095 1370 3413 1445 libertate,
3450 1392 3565 1450 qua

625 1448 892 1511 Christus
931 1470 1044 1513 nos
1081 1452 1381 1529 liberauit,
1422 1452 1746 1531 persistite,
1787 1456 1842 1513 &
1883 1471 1960 1513 ne
1995 1450 2395 1542 regredientes
2416 1448 2801 1527 implicamini
2822 1450 3125 1511 seruitutis
3146 1452 3315 1529 iugo.
3356 1455 3491 1513 Gal.
3514 1472 3566 1530 5.

623 1532 774 1591 Item
788 1576 807 1609 ,
863 1530 1222 1623 quicumque
1282 1535 1492 1593 volunt
1539 1532 1796 1611 speciosi
1849 1549 2135 1611 apparere
2176 1530 2238 1591 in
2276 1547 2457 1590 carne
2472 1574 2491 1609 ,
2534 1530 2571 1607 ij
2614 1541 2839 1607 cogunt
2880 1549 2993 1591 vos
3032 1530 3421 1603 circumcidi..
3468 1546 3567 1593 aut

625 1608 752 1671 aliis
791 1612 1147 1703 ceremoniis
1183 1612 1296 1688 vti,
1337 1615 1565 1675 tanturn
1599 1632 1676 1674 ne
1715 1614 1798 1675 ob
1841 1630 2083 1673 crucem
2126 1610 2345 1673 Christi
2384 1609 2861 1689 persecutionem
2886 1610 3208 1688 patiantur.
3230 1614 3371 1673 Gal.
3394 1580 3451 1675 6.
3476 1634 3561 1672 12.

625 1690 782 1751 Nam
821 1711 898 1753 ne
937 1691 1049 1769 ipsi
1088 1691 1331 1770 quidem
1373 1694 1478 1771 qui
1515 1692 2046 1784 circumciduntur,
2082 1694 2279 1771 legem
2318 1701 2591 1769 seruant3
2630 1690 2745 1782 sed·
2778 1692 2993 1782 yolunt
3032 1711 3147 1753 vos
3186 1692 3563 1763 circumcidi,

624 1782 690 1831 vt
729 1772 806 1831 de
843 1783 1038 1833 vestra
1077 1792 1254 1834 carne
1293 1772 1634 1851 glorientur.
1681 1776 1738 1835 A
1779 1771 1953 1834 nobis
1996 1777 2138 1833 vero
2176 1771 2331 1833 absit
2371 1770 2646 1849 gloriari,
2684 1769 2799 1831 nisi
2816 1772 2880 1832 in
2900 1790 3085 1833 cruce
3106 1774 3362 1865 Domini
3382 1774 3563 1833 nostri

624 1853 760 1912 Iesu
797 1850 1048 1929 Christi,
1086 1872 1194 1930 per
1233 1872 1414 1947 quam
1455 1854 1711 1915 mundus
1751 1854 1926 1914 nobis
1966 1854 2285 1914 crucifixus
2324 1862 2446 1930 est,
2484 1854 2543 1911 δι
2582 1869 2695 1911 nos
2732 1852 2985 1913 mundo.
3028 1854 3191 1913 Nam
3234 1854 3301 1914 in
3328 1854 3559 1915 Christo

621 1931 758 1991 Iesu
796 1949 992 2009 neque
1021 1933 1388 1996 circumcisio
1427 1933 1746 2012 quicquam
1786 1934 1942 1996 valet
1955 1978 1975 2012 ,
2014 1952 2208 2025 neque
2248 1932 2619 2011 praeputium
2632 1976 2651 2011 ,
2692 1950 2891 2010 neque
2930 1932 3051 1993 alia
3086 1934 3207 1993 vlla
3226 1934 3563 1997 ceremonia

625 2014 663 2070 a
701 2012 964 2089 patribus
1003 2023 1106 2074 aut
1142 2016 1274 2092 lege
1312 2026 1592 2093 accepta3
1633 2016 1740 2075 sed
1781 2034 1940 2077 noua
1981 2014 2223 2075 creatio.

707 2092 830 2151 Cur
889 2104 1087 2153 autem
1148 2112 1270 2155 non
1312 2105 1616 2155 teneamur
1665 2094 1776 2156 illis
1828 2094 2347 2156 obseruationibus
2360 2138 2379 2171 ,
2420 2090 2711 2153 rationem
2750 2106 3123 2169 exponentes
3137 2141 3155 2171 ,
3199 2094 3411 2171 paucis
3450 2096 3561 2154 hoc

627 2172 811 2235 modo
873 2174 1312 2235 concludimus:
1377 2176 1554 2237 Thes.
1595 2178 1694 2252 38.
1755 2195 1892 2235 nam
1919 2186 2082 2255 pars
2120 2194 2327 2235 earum
2368 2178 2459 2251 (vt
2490 2175 2577 2233 ita
2618 2174 2905 2247 dicamus)
2946 2177 3227 2235 mortalis
3270 2185 3363 2235 est
3396 2185 3561 2251 atque

629 2254 921 2313 mutabilis
935 2298 954 2329 ,
1007 2263 1157 2329 pars
1211 2263 1476 2333 mortua,
1535 2258 1612 2315 (ἓν
1641 2266 1800 2335 pars
1840 2256 2176 2332 mortifera.
2244 2256 2369 2331 Qui
2406 2262 2595 2314 autem
2624 2255 2779 2330 figit
2812 2256 3117 2313 mutabiles
3158 2262 3269 2313 aut
3302 2265 3560 2315 mortuas

615 2344 742 2413 pro
777 2336 1034 2394 absolute
1071 2354 1340 2397 necessar
1337 2338 1444 2413 iis,
1482 2338 1852 2397 libertatem·
1825 2380 1843 2408 ,
1891 2337 1997 2412 qui
2032 2337 2415 2425 mortiferas,
2454 2336 2635 2395 vitam
2656 2334 2935 2393 mentibus
2970 2332 3333 2394 Christianis
3342 2356 3559 2413 ,quan-

629 2424 748 2475 tum
787 2416 1012 2493 quidem
1051 2417 1114 2476 in
1157 2418 1286 2496 ipso
1326 2424 1440 2494 est,
1480 2418 1508 2476 ὲ
1547 2419 1730 2477 medio
1771 2418 1934 2477 tollit.
1992 2417 2227 2494 Duplex
2266 2412 2443 2494 igitur
2480 2430 2662 2474 causa
2699 2424 2819 2494 est,
2860 2431 2970 2474 cur
3008 2412 3115 2474 illa
3154 2414 3561 2476 antecedentia

629 2514 752 2555 non
813 2494 1186 2574 obstringant
1235 2507 1466 2557 nostras
1526 2495 1918 2559 conscientias
1974 2496 2056 2556 ad
2112 2495 2201 2557 sui
2262 2493 2779 2556 obseruationem:
2828 2496 3013 2554 altera
3053 2505 3147 2556 est
3188 2507 3401 2556 natura
3438 2497 3559 2573 ipsa

627 2593 822 2636 rerum
861 2577 1091 2636 illarum
1132 2576 1636 2638 antecedentium:
1697 2579 1932 2654 Altera,
1974 2586 2220 2637 euentus
2262 2595 2335 2636 ex
2376 2573 2794 2635 obseruatione
2834 2574 3071 2634 illarum
3114 2589 3557 2636 consecuturus.

629 2655 814 2732 Quod
851 2656 1010 2716 enim
1051 2657 1131 2716 ad
1173 2667 1439 2718 naturam
1477 2676 1674 2718 rerum
1715 2657 1942 2717 illarum
1984 2655 2227 2732 attinet,
2280 2655 2467 2716 tribus
2506 2653 2701 2716 modis
2740 2654 3121 2716 obseruatur:
3162 2656 3315 2716 aliae
3356 2656 3417 2716 in
3454 2673 3554 2716 vsu

629 2749 795 2814 sunt,
837 2747 938 2796 aut
977 2755 1106 2796 esse
1147 2749 1418 2828 possunt3
1461 2738 1566 2798 sed
1609 2739 1887 2798 mortales
1925 2743 2015 2809 (vt
2054 2735 2136 2797 ita
2164 2701 2458 2811 dicamus)
2478 2745 2656 2813 atque
2678 2733 3023 2796 mutabiles:
3046 2737 3557 2812 quemadmodum

629 2817 886 2894 exempli
924 2835 1140 2894 causa,
1179 2818 1230 2878 si
1269 2818 1572 2878 hominem
1613 2835 1792 2894 quem
1831 2821 1928 2878 lex
1969 2817 2193 2877 addicit
2232 2814 2612 2916 lapidationi,
2656 2817 2905 2892 laque0,
2944 2814 3085 2893 igne
3100 2861 3120 2892 ,
3161 2815 3368 2894 gladio
3410 2817 3557 2893 plee-

629 2897 872 2956 tendum
925 2895 1102 2958 iudex
1142 2897 1639 2976 pronunciauerit.
1681 2897 1826 2976 quid
1867 2896 2027 2958 enim
2067 2906 2257 2973 vetat,
2299 2913 2421 2974 quo
2462 2895 2655 2956 minus
2696 2894 2873 2956 etiam
2914 2895 3346 2973 lapidationem
3380 2908 3557 2956 stran-

626 2977 1065 3067 gulationemue
1127 2973 1410 3056 imperet?
1471 2977 1640 3038 Aliae
1693 2988 1830 3038 sunt
1870 2988 2173 3069 mortuae,
2213 2975 2275 3036 id
2318 2987 2438 3054 est,
2478 2994 2602 3035 non
2640 2976 2833 3036 solum
2874 2991 3013 3052 vsu,
3054 2977 3167 3036 sed
3212 2975 3393 3036 etiam
3436 2975 3555 3035 iure

626 3056 758 3134 ipso
798 3055 1086 3118 abolitae.
1129 3059 1638 3134 quemadmodum
1679 3059 1754 3120 de
1793 3056 2129 3118 ciuitatibus
2170 3067 2439 3133 receptus
2458 3055 2891 3116 homicidarum
2930 3072 3115 3116 causa
3136 3055 3445 3128 institutiS,
3482 3056 3555 3115 de

627 3155 702 3196 eo
741 3137 843 3213 qui
883 3136 1180 3214 captiuam
1237 3156 1482 3199 vxorem
1523 3137 1784 3217 duxerit,
1825 3139 2007 3198 Deut.
2052 3159 2147 3198 22.
2200 3157 2289 3211 14.
2332 3139 2445 3198 διο.
2484 3134 2770 3196 iudicium
2808 3134 3169 3197 arbitramur
3210 3136 3339 3196 fieri
3378 3155 3555 3214 opor·

626 3228 770 3276 tere.
831 3217 1003 3278 Aliae
1057 3217 1312 3296 denique
1375 3217 1712 3278 mortiferae
1727 3263 1746 3295 ,
1787 3229 1928 3296 puta
1966 3235 2359 3295 quaecunque
2396 3216 2637 3294 proprie
2674 3215 2752 3276 ad
2791 3214 3095 3276 Christum
3136 3219 3301 3278 velut
3344 3233 3558 3293 corpus

628 3297 972 3357 vmbrarum
1027 3298 1258 3358 illarum
1274 3344 1292 3374 ,
1346 3310 1754 3376 respexerunt,
1797 3301 1853 3360 δι
1894 3298 1974 3358 ad
2010 3300 2519 3389 complementum
2558 3299 2812 3356 salutare
2852 3295 3287 3374 redemptionis
3326 3308 3557 3356 nostrae

627 3377 1031 3455 figurandum,
1073 3377 1406 3438 cuiusmodi
1447 3377 1554 3438 fuit
1595 3377 1654 3437 in
1695 3377 1922 3456 legibus
1963 3377 2217 3456 politicis
2258 3387 2640 3454 praeceptum
2682 3377 2759 3436 de
2792 3377 3087 3438 cadauere
3108 3377 3383 3468 suspensi
3396 3395 3555 3454 sepe·

624 3455 827 3516 liendo
891 3459 1113 3518 eodum
1174 3457 1301 3528 die,
1355 3477 1430 3518 ne
1484 3459 1843 3536 pollueretur
1885 3469 2043 3518 terra
2083 3475 2263 3534 quam
2303 3459 2529 3517 Iehoua
2567 3458 2733 3517 Deus
2774 3466 2977 3516 noster
3016 3454 3079 3517 in
3122 3455 3557 3534 possessionem

623 3537 854 3596 Iudaeis
897 3537 1232 3598 tradiderat.
1273 3539 1453 3598 Deut.
1498 3559 1591 3598 21.
1639 3559 1732 3615 ²3·
1775 3540 1930 3598 Nam
1973 3537 2073 3598 illa
2112 3547 2431 3614 praecepta
2448 3553 2597 3616 quae
2618 3535 2678 3596 in
2702 3537 2858 3597 hunc
2880 3536 3133 3596 modum
3154 3538 3233 3597 ad
3254 3536 3555 3597 Christum

625 3628 1036 3694 respexerunt,
1083 3617 1437 3696 proprieque
1474 3618 1602 3696 typi
1641 3639 1714 3678 ac
1755 3617 2325 3695 desti(f.1531)nati
2363 3619 2599 3677 fuerunt
2638 3617 2819 3693 illius,
2860 3615 3169 3676 obseruari
3210 3616 3321 3676 suit
3358 3614 3555 3676 morti-

626 3699 818 3756 ferum
833 3743 850 3772 ,
909 3717 984 3758 ex
1045 3715 1166 3773 quo
1229 3711 1500 3775 ternpore
1560 3697 1828 3759 Christus
1887 3697 2157 3758 exhibuit
2218 3699 2727 3788 complementum
2778 3713 2989 3756 eorum
3036 3695 3345 3756 Ecclesiae
3396 3715 3553 3756 suae.

631 3777 1158 3852 Quemadmodum
1197 3787 1394 3837 autem
1434 3776 1564 3855 ipsa
1601 3779 1802 3857 legum
1843 3789 2053 3838 natura
2091 3779 2211 3838 hoc
2250 3778 2464 3854 docet3
2502 3775 2585 3836 ita
2636 3775 2813 3836 etiam
2856 3788 3105 3837 euentus
3122 3775 3559 3838 obseruationis

628 3855 891 3936 illarum,
934 3857 982 3918 si
1024 3854 1154 3934 quis
1193 3858 1348 3916 forte
1384 3869 1620 3935 vrgeat‚
1663 3879 1737 3918 ex
1776 3869 1987 3918 natura
2026 3858 2545 3947 recognoscendus
2584 3867 2691 3916 est.
2735 3857 2891 3916 Nam
2932 3855 3037 3933 qui
3077 3856 3203 3934 figit
3244 3855 3556 3946 mutabiles

627 3948 727 3996 aut
785 3949 1048 3997 mortuas
1099 3939 1290 4015 legeS,
1333 3938 1580 4014 perinde
1619 3950 1800 4038 atque
1841 3937 1888 3998 si
1930 3940 2202 4000 absolute
2242 3947 2442 3998 essent
2480 3935 2630 3996 inter
2672 3934 3039 3997 Christianos
3078 3935 3475 4012 necessariae,
3513 3935 3559 3996 is

625 4016 957 4077 libertatem
999 4017 1392 4077 Christianam
1433 4017 1615 4096 tollit,
1659 4021 1795 4079 cum
1838 4038 1912 4078 ex
1957 4040 2021 4079 re
2061 4017 2247 4078 libera
2287 4015 2427 4078 facit
2466 4015 2891 4094 necessariam,
2933 4017 2988 4076 &
3030 4018 3247 4093 laqueo
3287 4015 3455 4106 graui
3490 4035 3557 4075 ac

625 4097 962 4172 periculoso
1013 4096 1260 4173 impedit
1311 4097 1723 4158 conscientias.
1789 4099 1965 4159 Adde
2022 4096 2200 4158 etiam
2240 4098 2447 4188 (quod
2470 4097 2723 4174 amplius
2764 4101 2876 4170 est)
2918 4095 3211 4187 interdurn
3255 4094 3555 4156 veritatem

622 4178 700 4235 ab
737 4194 811 4236 eo
854 4177 1012 4252 tolli,
1056 4175 1161 4251 qui
1204 4195 1296 4236 res
1342 4188 1603 4237 mortuas
1644 4178 1946 4269 praedicat
1988 4197 2115 4239 esse
2158 4176 2547 4239 necessarias:
2588 4177 3103 4253 quemadmodum
3138 4176 3341 4267 siquis
3364 4179 3553 4253 legem

625 4256 700 4315 de
750 4256 954 4316 votiuo
997 4255 1344 4316 Naziraeatu
1385 4258 1774 4318 necessariam
1817 4259 1938 4319 hoc
1979 4270 2247 4336 tempore
2288 4277 2415 4318 esse
2456 4257 2874 4333 contenderet,
2912 4266 3015 4317 aut
3056 4255 3233 4316 etiam
3278 4254 3553 4332 liberam,

628 4355 701 4396 ex
741 4353 862 4412 quo
904 4348 991 4397 est
1035 4346 1286 4396 mortua.
1341 4338 1518 4398 Num.
1561 4340 1617 4399 6.
1663 4359 1716 4398 2.
1780 4338 1900 4415 Qui
1942 4343 2082 4400 vero
2132 4337 2459 4400 mortiferas
2499 4339 2663 4416 leges
2703 4338 2855 4398 ferre
2896 4355 3019 4398 non
3062 4334 3327 4413 dubitat,
3368 4335 3553 4476 cuioug¹

3393 4435 3453 4476 m
