3923 4875
1362 339 1471 382 nr.
1529 338 1751 383 vnRA
1810 337 2347 382 Tnnonoorn.
3223 325 3302 400 85

400 511 603 562 matur
622 508 973 579 argumento
1012 498 1247 560 diuinae
1264 498 1548 576 veritatiS,
1579 498 1661 559 ita
1680 498 1856 558 etiam
1874 496 2123 559 iustitiae
2143 543 2161 577 ,
2182 501 2239 557 δι
2257 497 2697 558 sanctimoniae.
2738 499 2893 557 Nam
2914 500 3081 576 quod
3095 499 3312 560 iustum

396 585 455 643 &
498 591 770 642 sanctum
810 589 899 640 est
934 580 1233 652 absolute,
1271 579 1333 640 id
1372 595 1677 656 nunquam
1718 577 1934 638 iustum
1973 582 2030 638 δι
2068 589 2339 638 sanctum
2377 595 2504 638 esse
2540 596 2664 638 non
2705 586 2928 655 potest:
2969 578 3223 658 Iustitia,
3253 581 3310 640 &

400 658 795 722 sanctimonia
833 660 986 720 iusta
1024 669 1145 736 est,
1187 663 1241 720 δι
1280 667 1481 719 sancta
1501 658 1797 719 absolute:
1832 659 2153 736 Nunquam
2181 675 2325 735 ergo
2345 675 2471 716 esse
2490 668 2687 734 potest
2701 702 2717 734 ,
2737 657 2880 734 quin
2900 657 3109 718 eadem
3127 659 3308 734 iusta,

397 745 454 802 δι
495 751 697 801 sancta
732 741 831 818 sit,
872 759 945 800 ac
982 739 1234 817 proinde
1268 757 1388 799 vna
1403 784 1421 816 ,
1460 749 1727 817 aeterna,
1768 740 1823 798 &
1863 737 2259 798 immutabilis
2301 737 2420 797 Sed
2458 736 2670 797 iustitia
2708 740 2763 797 δι
2803 737 3222 812 sanctimonia,
3257 739 3306 798 si

443 839 521 880 ua
556 839 697 880 vera
734 829 823 880 est
836 865 854 898 ,
896 838 967 879 ea
1006 819 1244 879 demum
1286 837 1425 878 vera
1466 817 1719 878 dicenda
1758 828 1846 878 est
1860 861 1878 895 ,
1918 834 2072 894 quae
2107 815 2326 878 iustitia
2365 827 2479 886 est,
2520 820 2576 877 δι
2615 816 2972 894 sanctimoff.
3010 817 3304 894 1409.)nia

440 901 635 961 iuinae
654 897 941 959 veritatis:
983 916 1136 976 quae
1175 897 1627 976 supernaturalis
1664 906 1754 957 est
1790 897 1851 956 in
1880 915 1970 969 se,
2003 897 2060 956 δι
2079 895 2367 959 attributis
2387 895 2504 956 suis
2526 897 2801 957 omnibus
2815 942 2832 975 ,
2855 898 2912 956 δι
2935 913 3088 974 quae
3107 897 3302 956 forma

394 981 597 1040 diuina
656 988 773 1056 est,
832 996 1011 1056 quam
1071 980 1237 1038 Deus
1298 976 1583 1054 expressit
1626 995 1834 1055 vnam,
1888 985 2188 1037 aeternam
2206 1021 2223 1055 ,
2274 979 2328 1035 &
2381 974 2807 1037 immutabilem
2843 977 2904 1037 in
2945 985 3146 1036 nostra
3187 977 3302 1036 hac

392 1059 741 1138 Tbeologia.
802 1060 1106 1118 Postremo
1157 1059 1295 1118 cum
1334 1057 1412 1116 ad
1449 1058 1598 1116 haec
1638 1055 1839 1117 omnia
1876 1056 1949 1117 sit
1989 1073 2230 1134 quoque
2267 1055 2592 1116 necessaria
2631 1054 2893 1117 conditio
2934 1054 3033 1117 illa
3071 1056 3295 1134 perfec-

392 1139 601 1217 tioniS,
661 1155 841 1216 quam
900 1141 1035 1197 ante
1094 1137 1463 1215 dicebamus„
1524 1137 1802 1214 equidem
1858 1135 1941 1196 ita
1997 1134 2225 1214 iudico,
2287 1135 2663 1228 perfectionis
2723 1135 2901 1214 illius,
2965 1153 3118 1213 quae
3171 1155 3297 1196 non

394 1221 681 1296 humana,
721 1227 821 1278 aut
860 1217 1197 1276 humanitus
1236 1215 1581 1295 informata,
1620 1217 1727 1276 sed
1764 1214 2044 1276 diuinitus
2084 1214 2145 1274 in
2188 1225 2434 1275 veritate
2473 1214 2842 1307 Theologiae
2875 1234 3148 1294 expressa
3179 1225 3270 1276 est
3283 1261 3302 1295 ,

392 1298 677 1360 vnitatem
716 1307 967 1375 certam,
1004 1295 1411 1357 aeternitatem
1425 1341 1445 1375 ,
1483 1299 1540 1355 δι
1577 1294 2110 1381 immutabilitatem
2150 1298 2313 1355 certo
2353 1296 2740 1356 demonstran
2777 1295 2877 1355 illa
2910 1294 3269 1372 perfectione
3283 1340 3302 1376 ,

393 1396 579 1456 quam
636 1375 1002 1455 Theologiae
1061 1385 1299 1437 nostrae
1356 1374 1737 1454 assignamus,
1798 1375 1984 1451 Quod
2024 1375 2182 1435 enim
2221 1377 2548 1454 perfectum
2587 1385 2676 1435 est
2717 1375 3042 1435 secundum
3075 1377 3301 1454 Deum,

395 1458 557 1519 idem
619 1467 707 1518 est
768 1457 1045 1534 omnino,
1103 1459 1160 1517 δι
1208 1473 1440 1534 semper
1490 1473 1700 1533 vnum,
1752 1461 2176 1530 aeternumque
2190 1500 2207 1533 ,
2249 1455 2306 1514 δι
2345 1453 2739 1515 immutabile:
2782 1454 3124 1532 praesertim
3165 1456 3302 1515 cum

396 1539 548 1597 haec
586 1535 920 1614 Theologia
956 1545 1159 1595 nostra
1200 1535 1345 1595 nihil
1382 1535 1457 1596 sit
1494 1534 1654 1595 aliud
1670 1579 1688 1614 ,
1729 1539 1909 1613 quam
1948 1553 2222 1612 expressa
2242 1535 2536 1612 quaedam
2557 1534 2871 1594 delineatio
2891 1533 3043 1594 illius
3062 1533 3270 1595 vnicae
3284 1579 3304 1612 ,

395 1626 668 1676 aeternae
683 1661 700 1692 ,
762 1619 817 1676 &
877 1615 1256 1676 immutabilis
1308 1614 1685 1694 perfectionis
1698 1658 1717 1693 ,
1766 1633 1885 1692 qua
1936 1615 2102 1674 Deus
2151 1623 2242 1674 est
2281 1613 2752 1691 perfectissimus·
2793 1616 2901 1674 Est
2939 1623 3136 1674 autem
3175 1632 3300 1674 non

394 1697 588 1756 solum
625 1696 921 1774 perfectus
958 1695 1124 1755 Deus
1138 1739 1155 1773 ,
1198 1695 1303 1754 sed
1341 1693 1469 1772 ipsa
1507 1693 1791 1772 perfectio
1834 1692 2154 1755 essentialis
2167 1739 2186 1770 ,
2227 1697 2281 1754 δι
2319 1693 2697 1772 perfectionis
2737 1692 2932 1754 omnis
2969 1711 3207 1773 caussa,
3248 1697 3303 1755 &

394 1777 725 1853 exemplar,
787 1777 845 1835 δι
901 1773 1034 1834 finis
1095 1773 1619 1836 constantissimus
1677 1777 1885 1835 Restat
1936 1773 2114 1851 igitur
2164 1784 2229 1833 vt
2275 1793 2346 1834 ex
2385 1773 2486 1852 iis,
2527 1793 2678 1852 quae
2719 1773 2901 1834 modo
2941 1771 3102 1835 dicta
3141 1782 3276 1834 sunt
3292 1819 3310 1852 ,

394 1854 819 1916 concludamus
835 1899 852 1931 ,
883 1854 1039 1913 hanc
1078 1853 1475 1933 Theologiam
1513 1873 1690 1914 vnam
1732 1873 1889 1932 esse,
1926 1863 2230 1913 aeternam
2243 1898 2260 1930 ,
2302 1855 2358 1913 &
2397 1853 2852 1932 immutabilem,
2895 1858 2949 1914 δι
2989 1873 3118 1914 esse
3158 1852 3311 1914 veri-

393 1934 529 1994 tatis
588 1933 774 1994 iustae
788 1979 806 2012 ,
870 1943 1107 1994 sanctae
1122 1979 1138 2012 ,
1182 1935 1598 2011 perfectaeque
1637 1933 1893 1994 indicem
1933 1931 2452 2012 perfectissimum,
2495 1951 2671 2011 quem
2710 1933 2788 1993 ad
2828 1935 3128 2012 exemplar
3171 1949 3311 1994 suae

395 2013 655 2075 veritatis
705 2014 871 2074 Deus
910 2014 1415 2075 communicatum
1456 2012 1644 2074 uoluit
1684 2031 1821 2073 cum
1860 2013 2123 2073 humano
2163 2030 2380 2090 genere
2421 2012 2499 2073 ad
2536 2013 2784 2091 gloriam
2824 2030 2992 2074 suam
3006 2059 3023 2092 ,
3064 2014 3120 2072 δι
3159 2015 3308 2074 salu—

392 2105 515 2155 tem
554 2092 887 2154 animarum
924 2103 1264 2156 nostrarum
1304 2093 1365 2154 in
1406 2093 1644 2154 Christo
1686 2095 1840 2153 Iesu.

1652 2324 2033 2336 *ο*-

1554 2518 1904 2579 CAPVT
1963 2518 2118 2577 XV.

1170 2712 1271 2771 De
1311 2730 1493 2772 causa
1530 2712 1815 2789 efficiente
1853 2720 2092 2772 nostrae
2137 2712 2504 2787 Theologiae.

466 2888 741 2947 Dixmvs
801 2888 880 2947 ad
942 2890 1101 2947 hunc
1161 2903 1347 2965 vsque
1403 2889 1605 2948 locum
1657 2887 1733 2948 de
1785 2888 2049 2966 partibus
2089 2886 2490 2949 essentialibus
2505 2932 2522 2966 ,
2564 2890 2653 2963 (vt
2689 2886 2965 2947 dicuntur
3002 2888 3209 2965 vulgo)
3250 2892 3303 2948 δε

392 2968 587 3027 causis
648 2968 891 3028 internis
945 2968 1311 3045 Tbeologiae
1350 2978 1603 3028 nostrae.
1663 2970 1723 3027 N
1724 2986 1841 3027 unc
1880 2967 1956 3027 ad
1998 2986 2097 3028 eas
2135 2986 2341 3027 causas
2381 2977 2470 3027 est
2511 2968 2865 3027 veniendum
2907 2966 3082 3027 nobis
3097 3013 3114 3045 ,
3155 2986 3306 3045 quae

392 3057 668 3108 externae
727 3047 851 3108 siue
912 3046 1272 3107 extrinsecae
1328 3047 1608 3125 appellari
1668 3048 1878 3108 solent.
1939 3048 2064 3107 Eae
2122 3057 2257 3106 sunt
2305 3046 2594 3119 efficienS,
2642 3050 2698 3107 δι
2751 3047 2881 3106 finis
2895 3092 2912 3125 ,
2966 3064 3112 3124 quas
3149 3048 3302 3108 iusto

390 3126 599 3187 ordine
616 3172 633 3205 ,
693 3129 873 3203 quam
922 3127 1316 3187 breuissisime
1369 3126 1495 3187 fieri
1550 3128 1792 3206 poterit,
1832 3144 2274 3205 prosequemur.
2344 3128 2513 3187 Thes.
2529 3142 2770 3186 ·xxv111.
2817 3128 3008 3186 Causa
3045 3128 3306 3204 afficiens

388 3215 625 3266 nostrae
672 3208 1023 3282 Theologiae
1060 3208 1275 3285 duplex
1314 3208 1353 3263 ὰ
1394 3207 1556 3266 nobis
1584 3209 1864 3285 ponitur:
1924 3208 2053 3265 Vna
2076 3208 2465 3298 princg'palis,
2504 3208 2581 3265 ἂν
2599 3208 3074 3267 Instrumentalis
3092 3210 3302 3268 altera.

391 3286 879 3362 Quotiescunque
934 3286 1008 3345 de
1049 3302 1227 3345 causa
1266 3286 1558 3345 efficiente
1603 3286 1686 3346 rei
1726 3286 1970 3346 alicuius
2009 3286 2225 3364 agitur,
2263 3287 2326 3346 ld
2365 3286 2619 3345 maxime
2657 3286 2914 3346 solemus
2955 3288 3273 3347 obseruare
3287 3332 3306 3365 ,

388 3376 584 3425 vtrum
645 3383 851 3426 caussa
912 3366 1173 3425 efficiens
1236 3382 1340 3424 sua
1400 3364 1581 3442 ipsius
1633 3366 1694 3425 vi
1732 3366 1978 3439 efficiat,
2020 3384 2132 3425 nec
2171 3360 2286 3425 ne?
2344 3367 2556 3424 Vtrum
2595 3365 2810 3425 efficiat
2848 3375 3074 3439 totum,
3115 3386 3189 3425 an
3233 3386 3306 3425 ex

389 3442 595 3522 parte?
634 3447 848 3505 Vtrum
888 3445 1141 3521 denique
1181 3463 1308 3504 rem
1350 3444 1566 3505 efficiat
1604 3445 1987 3506 essentialiter
2000 3489 2018 3523 ,
2059 3464 2135 3505 an
2176 3448 2317 3505 vero
2357 3443 2780 3505 accidentarie?
2819 3446 2991 3506 Haec
3029 3447 3090 3505 in
3130 3447 3307 3506 rebus

389 3526 664 3586 omnibus
724 3528 780 3585 δι
839 3525 1199 3584 natiualibus
1258 3528 1313 3585 &
1371 3524 1641 3584 humanis
1703 3534 1940 3602 oportet
1989 3528 2025 3584 a
2065 3524 2240 3586 nobis
2278 3524 2580 3585 obseruari
2600 3569 2617 3602 ,
2659 3534 2722 3585 vt
2761 3544 2960 3585 veram
3000 3526 3302 3585 scientiam

387 3622 589 3665 earum
628 3621 825 3665 rerum
863 3621 1271 3683 assequamur,
1313 3620 1459 3681 quas
1499 3622 1639 3665 suae
1677 3620 1919 3664 caussae
1958 3604 2238 3665 efficiunt.
2292 3605 2413 3664 Hic
2453 3606 2594 3664 vero
2637 3623 2819 3682 quum
2842 3607 2918 3665 de
2938 3604 3305 3682 Theologia,

385 3682 449 3743 id
484 3694 603 3763 est,
640 3684 922 3761 sapientia
963 3683 1061 3743 illa
1100 3683 1337 3744 diuinae
1375 3683 1632 3744 veritatis
1658 3684 1879 3763 agitur,
1922 3702 2100 3759 quarn
2141 3686 2304 3743 nulla
2341 3694 2637 3761 creatura,
2677 3704 2750 3745 ac
2787 3703 2864 3753 ne
2903 3682 3030 3761 ipsa
3063 3682 3306 3761 quidem

383 3761 732 3823 vniuersitas
773 3764 1283 3842 comprehendere
1324 3774 1425 3823 aut
1464 3764 1698 3841 assequi
1737 3774 1935 3840 potest
1949 3808 1968 3841 ,
1999 3766 2267 3841 profecto
2299 3764 2460 3824 hunc
2479 3764 2734 3824 eundem
2755 3764 3000 3823 modum
3019 3763 3079 3823 in
3100 3782 3303 3839 recog-

386 3844 690 3903 noscenda
728 3844 1061 3921 Theologia
1100 3854 1304 3903 nostra
1342 3842 1779 3922 diligentissime
1820 3860 1972 3921 opus
2011 3854 2100 3902 est
2138 3844 2442 3903 obseruari
2480 3847 2536 3904 δι
2573 3842 2775 3903 videre
2789 3888 2806 3919 ,
2846 3842 2990 3919 quid
3029 3860 3162 3901 eam
3203 3860 3308 3902 sua

383 3924 469 4001 vi,
530 3931 719 3983 totam
777 3933 879 3983 aut
939 3942 1011 3984 ex
1063 3932 1229 3999 parte
1246 3967 1263 3999 ,
1312 3922 1720 4000 essentialiter,
1770 3933 1871 3983 aut
1910 3922 2304 3983 accidentarie
2347 3921 2636 3983 effecerit:
2678 3922 2824 3998 quid
2863 3920 3187 3981 adiumenti
3226 3922 3304 3981 ad

384 4020 518 4062 eam
562 4002 934 4062 efficiendam
976 4000 1323 4062 accesserit.-
1345 4003 1497 4062 Cum
1540 4013 1736 4063 autem
1776 4004 1933 4062 hanc
1978 4001 2350 4079 sapientiam,
2391 4002 2468 4062 de
2511 4019 2629 4079 qua
2667 4018 2828 4061 nunc
2865 4002 3086 4079 agitur,
3113 4003 3308 4082 Theq-

380 4082 603 4159 logiam
658 4092 920 4143 nostram
980 4082 1373 4159 appellemuS,
1415 4099 1665 4158 quarum
1706 4100 1923 4142 vocum
1963 4081 2124 4159 prior
2164 4100 2386 4141 nomen
2426 4090 2513 4141 est
2553 4081 2782 4157 generis
2798 4125 2815 4159 ,
2857 4081 3151 4158 posterior
3193 4082 3307 4143 dis-

382 4160 595 4239 tinguit
633 4178 853 4241 genuS,
896 4164 952 4223 &
992 4159 1249 4238 speciem
1291 4162 1593 4221 constituit
1629 4160 1810 4222 illius:
1865 4163 2039 4221 Haec
2080 4164 2322 4221 demum
2365 4160 2689 4220 certissima
2727 4162 2876 4220 ratio
2919 4160 3146 4221 videtur
3176 4164 3304 4222 fore

381 4241 460 4301 ad
500 4240 1011 4318 peruestigandam
1053 4240 1403 4300 efficientem
1446 4258 1713 4319 causam,
1756 4241 1803 4302 si
1844 4260 1917 4300 ex
1957 4242 2084 4318 ipsa
2109 4240 2343 4319 generis
2380 4244 2434 4301 &
2457 4239 2672 4317 speciei
2693 4240 2918 4301 ratione
2940 4241 3304 4319 deprehendi

382 4330 595 4399 potest.
657 4324 862 4382 Genus
911 4330 999 4382 est
1035 4314 1396 4399 Theologia,
1438 4320 1501 4380 id
1538 4330 1653 4399 est,
1696 4321 1977 4400 sapientia
2019 4336 2120 4379 seu
2159 4320 2308 4380 ratio
2351 4339 2546 4380 rerum
2586 4320 2936 4381 diuinarum.
2976 4340 3070 4381 res
3062 4331 3298 4461 dautem

3125 4418 3298 4460 mnae
