3923 4875
564 290 675 361 164
1480 294 1808 340 ‘tunsus
1866 290 2518 338 rnnonooican.

643 466 730 524 16.
814 461 953 520 Non
1000 465 1200 518 autem
1256 472 1567 548 censemus
1614 455 1697 516 ita
1748 457 1909 516 hunc
1958 456 2190 534 lapsum
2229 455 2306 514 ad
2347 474 2417 515 ea
2455 473 2610 532 quae
2649 451 2902 514 diximus
2941 455 3372 536 necessarium,
3413 469 3474 518 vt

560 545 684 606 sine
724 549 973 620 peccato
1020 541 1075 598 δι
1116 535 1349 596 miseria
1388 536 1647 597 hominis
1686 535 2042 597 Vniuersum
2084 537 2203 595 vllo
2245 535 2462 596 decore
2503 544 2776 596 ornatum
2814 553 2938 595 non
2977 536 3180 614 fuerit,
3223 548 3322 597 aut
3353 503 3474 597 'Dei

562 642 787 684 nomen
845 616 1277 680 sanctissimum
1336 635 1453 695 per,
1505 636 1568 678 se
1628 615 1820 676 minus
1872 616 2123 676 celebre.
2185 617 2342 676 Nam
2393 627 2458 676 vt
2511 615 2592 676 ait
2629 615 2798 675 Idem
2838 616 3086 694 August.
3126 616 3261 676 Lib.
3303 637 3358 694 3.
3399 618 3476 678 de

565 704 732 765 liber.
776 699 922 761 arbi.
960 718 1013 757 c.
1056 718 1113 775 9.
1154 700 1209 756 si
1246 715 1450 756 seruus
1482 697 1847 775 purgandae
1886 699 2112 756 cloacae
2151 697 2222 755 ob
2236 705 2479 772 peccata
2499 716 2609 756 sua
2627 696 2888 754 addictus
2902 704 3154 773 peccare
3173 700 3476 775 noluisset,

566 805 680 844 non
728 779 1051 860 propterea
1118 779 1449 836 domesticae
1505 778 1840 853 disciplinae
1881 778 2171 854 prouisio
2212 774 2520 849 defuisset,
2573 777 2658 833 ad
2703 793 2827 833 eam
2877 775 2954 833 ἐφ’
3002 777 3131 835 alia
3169 779 3296 835 loca
3326 786 3475 854 pur-

558 865 784 941 ganda.
846 860 1095 918 Peccata
1143 859 1288 916 enim
1342 876 1456 915 non
1511 864 1735 915 ornant
1754 865 1874 934 per
1913 875 2006 932 se,
2045 857 2151 914 sed
2183 857 2400 931 Angeli
2438 857 2513 914 ὀύ
2553 857 2812 930 animae,
2851 874 2999 930 quae
3037 858 3106 915 ob
3146 864 3475 932 transgres-

572 947 760 1002 siones
799 958 943 998 suas
982 939 1069 996 ad
1087 946 1311 1013 poenas
1351 938 1503 995 iusto
1544 937 1667 994 Dei
1703 937 1911 994 iudicio
1954 937 2330 996 ordinantur.

657 1042 681 1079 1
694 1039 745 1096 7.
828 1018 1022 1078 Causa
1070 1015 1352 1075 adiuuans
1365 1059 1383 1092 ,
1440 1017 1495 1076 δι
1536 1032 1921 1075 commouens
1960 1011 2278 1106 praecipue
2317 1015 2622 1074 hominem
2659 1013 2738 1073 ad
2776 1013 3350 1106 praeuaricandum,
3369 1015 3478 1074 fuit

574 1103 729 1161 mala
766 1094 1009 1162 Diaboli
1050 1096 1355 1172 voluntas»,
1398 1097 1515 1170 qua
1554 1093 1985 1172 Benignitatem
2023 1092 2140 1153 Dei
2179 1092 2473 1173 Inuidiae,
2494 1093 2884 1155 Iustissimum
2906 1092 3224 1170 iniquitatis
3243 1094 3481 1155 insimu-

572 1179 713 1242 lauit
768 1174 1203 1253 Iniquissimus,
1243 1173 1567 1251 consuluit,
1606 1174 2012 1264 persuasitque
2044 1174 2236 1250 Euae,
2271 1184 2371 1233 aut
2400 1176 2609 1236 falsum
2632 1171 2836 1250 fuisse,
2859 1174 3025 1249 quod
3043 1175 3206 1235 Deus
3227 1174 3479 1235 minatus

572 1269 727 1337 erat,
782 1267 883 1318 aut
922 1255 1072 1316 illius
1112 1222 1476 1314 voluntatem
1516 1255 1668 1313 male
1708 1254 1764 1312 δι
1802 1255 1879 1314 ab
1917 1253 2045 1330 ipsa
2083 1253 2139 1312 δι
2179 1254 2256 1344 ab
2296 1255 2532 1314 Adamo
2573 1252 2954 1333 intellectam,
2995 1258 3184 1330 atque!
3203 1254 3282 1314 ita
3311 1274 3480 1332 apos-

570 1339 811 1401 tasiam.
858 1339 950 1395 Ac
987 1334 1237 1426 proinde
1278 1335 1408 1393 Eua
1448 1331 1724 1410 cupidine
1764 1335 1919 1394 mala
1940 1333 2087 1393 boni
2117 1330 2354 1393 maioris
2375 1331 2855 1411 commemorati,
2874 1351 2998 1393 non
3018 1334 3293 1410 promissi
3309 1336 3480 1395 abso-

572 1422 727 1498 lute,
772 1418 924 1476 elata
962 1413 1175 1475 inuasit
1213 1415 1490 1473 arborem
1531 1411 1924 1490 prohibitam,
1965 1431 2035 1472 ac
2077 1410 2313 1490 coniugi
2351 1415 2605 1474 fructum
2642 1413 2940 1490 porrexit
2981 1425 3044 1472 vt
3083 1425 3325 1490 vterque
3365 1418 3482 1474 vna

576 1510 678 1559 aut
710 1464 969 1574 felicior,
1008 1503 1110 1554 aut
1148 1492 1413 1554 miserior
1454 1495 1623 1552 foret.

664 1583 750 1636 18.
832 1574 1080 1636 Materia
1118 1573 1347 1651 peccati
1384 1571 1547 1632 istius
1586 1581 1781 1650 potest
1820 1570 1985 1632 dici
1968 1591 2096 1662 ipsa
2127 1574 2346 1633 fructus
2366 1571 2530 1633 vetiti
2549 1572 2936 1650 apprehensio
2957 1575 3013 1632 δι
3035 1591 3182 1634 esus.
3225 1576 3476 1652 Forma,

578 1657 761 1718 diuini
800 1653 1061 1715 mandati
1100 1662 1506 1731 contemptuS,
1548 1670 1653 1712 seu
1694 1669 2017 1712 consensus
2039 1650 2135 1711 ille
2154 1651 2411 1713 nefarius
2433 1651 2834 1714 intellectualis
2856 1653 3145 1713 facultatis
3160 1653 3482 1732 ,deceptae

580 1737 775 1815 specie
819 1734 969 1812 veri,
1006 1734 1089 1793 ad
1127 1731 1441 1791 voluntatis
1481 1697 1835 1792 desiderium
1874 1732 1990 1792 iam
2028 1741 2156 1790 tum
2195 1733 2351 1792 mala
2391 1731 2693 1811 cupientis,
2762 1730 2920 1791 Finis
2959 1699 3243 1811 intentus,
3273 1736 3328 1795 δι
3359 1752 3480 1793 ιιοιι

581 1833 883 1895 possessus
896 1859 914 1891 ,
954 1813 1061 1873 sed
1101 1815 1339 1890 contra,
1382 1827 1484 1872 seu
1526 1811 1826 1872 obiectum
1866 1811 2028 1889 quod
2067 1810 2276 1871 intueri
2317 1813 2426 1873 sibi
2465 1812 2800 1889 videbatur,
2842 1815 2897 1871 δι
2929 1812 3115 1903 quasi
3117 1830 3296 1874 manu
3313 1833 3482 1891 pren-

583 1916 709 1957 sare
749 1897 909 1970 Eua,
950 1895 1007 1952 δι
1046 1891 1276 1982 Adam,
1318 1901 1444 1951 erat
1485 1891 1672 1952 maior
1712 1891 1955 1952 felicitas
1995 1889 2355 1968 acquirenda
2394 1892 2506 1952 sibi
2525 1897 2580 1952 δι
2601 1893 2715 1952 suis
2734 1938 2750 1969 ,
2771 1893 2935 1969 quod
2956 1892 3237 1970 opinione
3255 1902 3480 1954 tantum

581 1973 922 2050 vanissima,
962 1990 1087 2031 non
1127 1936 1317 2049 reipsa
1357 1971 1593 2031 factum.

667 2075 757 2132 19.
839 2054 931 2111 De
986 2051 1381 2142 specificando
1423 2061 1620 2111 autem
1660 2052 1779 2112 hoc
1819 2068 1961 2111 casu
2002 2049 2363 2129 miserrimo,
2401 2061 2466 2110 vt
2503 2051 2808 2128 quodnam
2852 2051 2927 2112 sit
2965 2063 3276 2129 peccatum
3313 2053 3482 2114 inter-

578 2146 853 2195 noscatur
867 2177 885 2210 ,
924 2130 1150 2190 variant
1190 2130 1542 2209 sententiae,
1582 2130 1680 2190 vix
1720 2140 1919 2190 tamen
1945 2131 2151 2220 ‚possis
2194 2130 2390 2192 dicere
2429 2131 2730 2191 defectum
2767 2147 2949 2190 vnum
2983 2150 3110 2193 esse
3129 2134 3354 2207 solum,
3379 2133 3484 2194 sed

580 2216 797 2274 multos
858 2210 1185 2290 credimuS,
1242 2227 1377 2271 cum
1427 2210 1647 2288 (ιοοιιε,
1688 2207 2084 2271 concurrisse:
2148 2210 2264 2286 Alij
2306 2214 2759 2300 intempestiuum
2786 2211 3034 2288 fructus
3075 2215 3488 2293 abreptionem.

581 2295 695 2371 Alij
740 2293 903 2385 quod
941 2292 1083 2352 Eua
1122 2293 1209 2350 ad
1238 2293 1417 2351 verba
1454 2292 1704 2350 Domini
1739 2291 2038 2350 addiderit
2060 2292 2251 2367 sorte.
2291 2289 2386 2366 alij
2427 2291 2592 2368 quod
2633 2293 2886 2370 coeperit
2921 2294 3167 2368 colloqui
3203 2313 3328 2350 cum
3366 2313 3486 2351 ser-

570 2384 747 2465 pente
804 2374 1028 2432 initium
1076 2374 1299 2449 peccati
1336 2373 1551 2447 juisse.
1614 2372 1848 2430 Harum
1900 2367 2048 2430 aliae
2099 2370 2388 2430 absurdae
2429 2371 2485 2429 δι
2523 2371 2865 2430 refelluntur
2905 2370 3041 2430 satis
3077 2371 3257 2463 ipsius
3295 2372 3486 2432 Mosis

582 2452 804 2533 verbiS,
846 2451 992 2512 aliae
1031 2461 1376 2529 apparentes
1417 2450 1778 2512 occasiones.
1838 2450 2225 2528 Augustinus,
2267 2450 2614 2528 Superbiam
2655 2449 2829 2529 dicit,
2871 2450 3235 2528 probabilius
3249 2498 3267 2530 ,
3307 2471 3486 2530 quem

584 2534 752 2594 multi
808 2543 1074 2593 veterum
1133 2531 1364 2609 sequuti
1424 2541 1585 2608 sunt,
1644 2534 1699 2591 δι
1755 2529 2134 2609 Scholastici,
2188 2531 2265 2590 ad
2305 2547 2520 2610 vnum,
2561 2534 2745 2592 ferme
2788 2549 3011 2591 omnes,
3073 2532 3189 2608 Alij
3235 2534 3488 2611 denique

584 2613 993 2674 [nfidelitatem
1048 2622 1287 2672 censent
1324 2610 1499 2671 fuisse
1538 2611 1849 2687 volunt-aff.
1893 2612 2066 2683 1644.
2067 2576 2269 2702 )riam:
2311 2610 2360 2670 si
2397 2576 2636 2687 quidem
2675 2611 2843 2670 radix
2882 2611 3148 2671 Iusticiae
3186 2622 3276 2673 est
3313 2612 3487 2692 fides,

583 2698 700 2771 qua
740 2702 961 2753 stamus
1001 2692 1159 2768 apud
1201 2692 1430 2750 Deum:
1475 2694 1529 2750 δι
1572 2709 1643 2750 ex
1684 2689 1961 2768 opposito
1997 2688 2314 2751 Iniustitiae
2352 2690 2519 2751 radix
2557 2690 2898 2751 Infidelitas.
2941 2692 3137 2769 Augu.
3177 2694 3357 2752 refert
3382 2659 3487 2753 lib.

590 2795 679 2833 11.
730 2772 807 2832 de
858 2773 1055 2832 Genes
1100 2770 1178 2830 ad
1216 2769 1301 2831 lit.
1344 2788 1475 2848 cap.
1517 2789 1613 2842 41.
1654 2770 1865 2831 Ambr.
1907 2770 1984 2829 de
2024 2770 2232 2832 Parad.
2275 2790 2403 2848 cap.
2455 2792 2542 2829 12.
2587 2770 2892 2845 Chrysost.
2932 2770 3094 2831 hom.
3143 2774 3232 2832 16.
3271 2772 3334 2831 ιιι
3374 2774 3488 2833 Ge-

582 2852 769 2914 nesin.
807 2852 1051 2928 August.
1093 2851 1169 2910 de
1210 2850 1430 2910 Genesi
1468 2849 1547 2909 ad
1584 2850 1668 2911 lit.
1708 2849 1812 2910 lib.
1861 2868 1885 2907 1
1899 2870 1947 2909 1.
1992 2869 2119 2928 cap.
2158 2870 2261 2942 30.
2305 2852 2359 2909 δι
2399 2848 2744 2911 Enchiridio
2785 2850 2861 2909 ad
2901 2852 3176 2911 Laurent.
3219 2870 3348 2929 cap.
3393 2866 3489 2930 45.

580 2935 658 2993 Et
700 2934 839 2992 sane
878 2948 1000 2991 non
1038 2928 1232 3007 potuit
1266 2928 1532 2989 Adamus
1570 2947 1820 3007 peccare
1861 2928 1911 2990 si
1948 2929 2324 3008 credidisset,
2365 2940 2428 2989 vt
2467 2930 2701 3007 debuit,
2733 2930 2920 2990 verbo
2941 2930 3209 3010 Domini,
3231 2933 3285 2989 &
3306 2932 3491 2992 minas

582 3012 712 3072 eius
747 3029 915 3071 veras
956 3028 1117 3088 esse,
1156 3019 1219 3068 vt
1258 3018 1465 3087 postea
1504 3008 1826 3086 comperit,
1867 3010 1922 3069 δι
1963 3009 2144 3071 hodie
2185 3010 2551 3088 experimur,
2591 3008 2994 3071 existimasset.

667 3111 757 3150 20.
842 3092 1147 3149 Hactenus
1186 3088 1261 3149 de
1302 3088 1489 3149 causis
1523 3092 1577 3148 δι
1610 3087 1989 3167 necessitate,
2029 3088 2150 3149 iam
2189 3090 2266 3149 de
2305 3089 2560 3150 Effectis.
2611 3090 2837 3149 Effecta
2875 3091 3080 3182 lapsus
3113 3089 3286 3151 huius
3320 3089 3494 3168 primi

584 3179 720 3230 sunt
780 3170 935 3228 mala
983 3168 1183 3229 omnia
1180 3212 1213 3259 ·,
1264 3184 1415 3245 quae
1455 3172 1662 3259 postea
1700 3185 1885 3247 genus
1922 3170 2249 3229 humanum
2289 3169 2658 3247 inuaserunt,
2705 3178 2833 3228 tum
2873 3168 3112 3247 originis
3149 3179 3458 3247 peccatum
3473 3215 3491 3249 ,

588 3260 715 3309 tum
754 3248 891 3309 inde
932 3247 1234 3325 sequentia
1272 3246 1521 3308 actualia
1558 3248 1789 3327 omnia,
1830 3248 2011 3309 veluti
2051 3248 2332 3309 colluuies
2365 3266 2652 3327 aquarum
2672 3248 2910 3327 ingenS,
2931 3267 3170 3310 omnem
3188 3250 3492 3311 hominem

592 3331 959 3389 submersum
1000 3327 1287 3388 detinens.
1326 3327 1669 3406 deprauatio
1709 3294 1866 3388 enim
1905 3338 2068 3388 tanta
2107 3339 2364 3389 mentem
2405 3330 2724 3389 humanam
2762 3330 3103 3407 occupauit,
3145 3340 3208 3389 vt
3239 3332 3491 3407 plerum-

590 3426 705 3485 que
760 3404 971 3467 exinde
1029 3408 1223 3467 Deum
1286 3407 1598 3486 ignorarit,
1640 3410 1695 3468 δι
1735 3426 1865 3469 esse
1904 3407 2159 3500 negarit:
2202 3410 2257 3469 δι
2299 3410 2442 3469 (ιιιιιι
2481 3407 2731 3470 credidit
2771 3428 2930 3486 esse,
2971 3408 3158 3485 qualis
3201 3408 3274 3469 sit
3311 3410 3493 3470 nesci-

597 3486 770 3549 uerit:
832 3484 1087 3579 ideoque
1142 3486 1226 3546 illi
1274 3496 1613 3547 commenta
1665 3498 1753 3547 est
1766 3534 1783 3567 ,
1838 3506 1946 3567 pro
1987 3487 2227 3549 arbitrio
2269 3505 2409 3568 suo,
2448 3489 2672 3549 cultum
2685 3534 2704 3566 ,
2743 3506 2866 3549 non
2907 3507 2980 3549 ex
3019 3487 3172 3550 illius
3213 3488 3492 3549 mandato

593 3568 828 3647 ignara,
864 3565 1232 3646 imprudenS,
1274 3566 1532 3646 stupida,
1573 3569 1629 3627 δι
1670 3566 1748 3627 ad
1788 3586 1965 3629 omne
2004 3570 2232 3629 bonum
2271 3570 2522 3629 salutare
2561 3570 2762 3629 hebes.
2801 3570 3094 3629 Voluntas
3113 3567 3318 3629 itidem
3341 3568 3493 3629 adeo

596 3665 871 3740 peruersa
911 3656 1031 3726 est,
1070 3656 1135 3707 vt
1174 3648 1483 3708 conforme
1519 3647 1808 3708 voluntati
1846 3646 2106 3728 diuinae,
2145 3647 2291 3709 nihil
2333 3648 2504 3728 velit,
2543 3656 2772 3709 rectum
2791 3647 2938 3708 nihil
2957 3646 3275 3727 desideret,
3295 3648 3420 3709 imo
3440 3652 3495 3709 δι

596 3726 794 3788 omnia
834 3693 1033 3805 cupiat
1071 3727 1127 3785 δι
1167 3724 1304 3787 velit
1344 3730 1557 3788 contra
1594 3728 1783 3805 ipsam
1822 3727 1936 3789 Dei
1977 3732 2341 3791 voluntatem
2378 3730 2624 3806 abrepta
2665 3727 3054 3807 singularibus
3094 3728 3314 3790 studiis.
3355 3728 3495 3789 hinc

596 3810 764 3867 homo
806 3809 1077 3867 animalis
1117 3827 1232 3866 non
1272 3810 1429 3885 capit
1462 3826 1531 3867 ea
1570 3828 1718 3885 quae
1756 3818 1896 3869 sunt
1928 3810 2081 3887 Dei,
2121 3810 2226 3871 sed
2259 3811 2313 3869 ei
2347 3818 2488 3869 sunt
2518 3812 2782 3871 stultitia.
2831 3829 2879 3867 1.
2921 3809 3060 3870 Cor.
3107 3828 3161 3867 2.
3209 3829 3299 3883 14.
3339 3810 3394 3867 δι
3444 3829 3494 3868 ι.

600 3908 692 3963 23.
756 3888 833 3947 Et
872 3886 1037 3965 quod
1076 3886 1230 3947 bene
1268 3889 1541 3949 volumus
1582 3898 1669 3949 est
1710 3908 1783 3948 ex
1822 3856 2081 3968 gratuito
2115 3888 2232 3949 Dei
2271 3888 2582 3951 beneficio,
2621 3890 2774 3953 Phil.
2821 3893 3068 3965 2.13.a
3086 3904 3207 3966 quo
3231 3892 3496 3961 {mons

598 3976 827 4027 nostra:
875 3987 927 4027 2.
976 3970 1107 4027 C'or.
1153 3985 1209 4042 3.
1255 3983 1308 4044 5.

682 4066 773 4105 21.
851 4048 1061 4123 Neque
1100 4047 1292 4107 solum
1330 4046 1429 4107 ille
1470 4046 1711 4110 interior
1751 4048 1980 4109 animae
2020 4058 2257 4110 ornatus
2296 4050 2357 4110 in
2398 4050 2635 4111 Iusticia
2665 4051 2720 4108 δι
2741 4047 3049 4110 sanctitate
3068 4046 3146 4107 ad
3165 4045 3493 4125 Imaginem

600 4126 655 4183 δι
695 4124 1133 4189 similitudinem
1174 4127 1503 4207 CreatoriS,
1556 4131 1878 4190 maculatus
1931 4129 1988 4187 δι
2027 4128 2271 4189 amissus
2311 4140 2427 4208 est,
2470 4131 2574 4190 sed
2611 4133 2664 4190 δι
2705 4140 3004 4190 externus:
3047 4127 3300 4206 dignitas
3341 4127 3496 4188 enim

598 4203 1089 4267 lineamentorum
1130 4208 1426 4300 corporis,
1466 4209 1523 4268 δι
1569 4211 1751 4270 robur
1788 4209 1969 4287 ipsius
2007 4227 2130 4269 non
2170 4176 2448 4271 remansit
2486 4209 2548 4270 ιιι
2587 4209 2784 4269 neruis
2825 4212 2879 4269 δι
2920 4208 3228 4269 membris:
3267 4209 3375 4268 sed
3393 4226 3502 4285 per

603 4285 803 4346 omnia
844 4285 1023 4347 durae
1060 4287 1409 4350 valetudinis
1446 4288 1590 4369 legi,
1630 4294 1685 4352 &
1726 4288 1903 4353 morti
1941 4288 2351 4353 acerbissimae
2379 4288 2648 4352 subditus
2673 4300 2763 4352 est
2781 4292 2998 4362 homo,
2981 4287 3268 4429 ,ἰι-ιιῖιιιιιιιιει1
3277 4304 3500 4429 agrgim-

3003 4386 3125 4448 ms,
3205 4386 3244 4427 o
3267 4386 3306 4427 o
3399 4382 3499 4441 us,
