3923 4875
14 829 55 871 Εἰ
14 582 58 787 ΙῚ-ξιᾘὶἒ

14 1643 37 2017 ἾὝΠἎἯἯ

14 2056 28 2098 ιιι-η

1284 333 1385 378 nn
1446 329 1873 378 Ροιιτιιιιι
1932 329 2188 378 ιιοειε
2246 331 2537 378 ossen.
3227 329 3341 396 353

438 494 602 556 tione
660 495 879 574 maior,
937 495 1360 574 perfectionem
1414 496 1561 574 legis
1614 495 1891 556 naturalis
1925 497 1988 557 in
2026 499 2157 574 lege
2196 497 2384 556 Mosis
2425 497 2784 556 declaratam
2822 513 3100 556 asserens,
3143 497 3344 554 Vnum

438 577 771 654 exemplum
810 576 871 636 in
912 577 1242 655 praesentia
1280 575 1417 637 satis
1456 578 1716 637 futurum
1758 587 1873 656 est,
1917 577 1992 636 de
2035 595 2106 636 ea
2145 575 2406 636 vindicta
2446 594 2625 653 quam
2665 574 3076 651 particularem
3109 585 3344 636 vocant.

441 655 747 716 Vltionem
805 656 992 717 nostri
1050 657 1199 717 haec
1259 668 1469 717 natura
1528 669 1806 735 corrupta
1868 667 2176 734 tantopere
2235 659 2481 736 probat3
2533 666 2594 715 vt
2645 655 2820 714 etiam
2873 654 3088 716 summi
3127 655 3346 732 quique

439 735 787 814 Philosophi
846 739 1179 812 (Platonem
1239 735 1470 815 excipio
1518 737 1574 796 δι
1628 737 1774 798 alios
1812 740 2122 828 pauculos)
2163 736 2252 796 ius
2291 737 2442 796 illius
2483 740 2520 796 a
2557 738 2686 814 lege
2726 735 2974 795 naturali
3013 739 3346 813 profectum

438 815 825 908 arbitrentur,
863 819 918 877 δι
958 816 1305 879 Aristoteles
1338 816 1489 879 inter
1527 835 1711 895 opera
1741 815 2238 908 magnanimitatis
2257 823 2576 877 recenseat.
2616 817 2759 875 Hoc
2780 826 3018 876 naturae
3033 825 3346 894 corruptae

438 913 619 974 opus.
661 894 828 956 cuius
865 909 1107 957 naturae
1146 898 1241 957 lex
1280 897 1432 958 adeo
1472 907 1752 975 corrupta
1790 908 1909 974 est,
1950 907 2014 957 vt
2051 896 2172 957 iam
2209 895 2770 974 perniciosissimum
2810 895 2966 956 istud
3007 897 3226 955 malum
3270 915 3344 955 ex

438 977 568 1054 lege
606 976 855 1036 naturali
893 976 1168 1036 omnibus
1209 976 1399 1037 inesse
1433 977 1716 1038 videatur.
1777 979 2004 1038 Verum
2045 977 2294 1038 excitata
2328 996 2401 1037 ex
2443 987 2684 1037 veterno
2726 993 2836 1036 suo
2870 986 3077 1035 natura
3115 985 3316 1036 nostra
3330 1021 3347 1054 ,

440 1057 495 1114 δι
535 1057 615 1116 ad
654 1073 837 1134 puros
876 1059 1069 1117 fontes
1100 1065 1342 1117 naturae
1381 1055 1561 1134 ipsius
1598 1068 1875 1118 reuocata
1916 1056 2090 1118 sentit
2122 1057 2406 1118 vltionem
2424 1057 2598 1117 istam
2619 1055 2736 1133 legi
2755 1066 2997 1114 naturae
3019 1053 3345 1135 aduersas-13

438 1137 575 1195 cum
608 1136 752 1228 legis
794 1135 1074 1197 naturalis
1104 1135 1459 1214 principium
1500 1155 1815 1198 commune
1856 1137 1959 1217 sit,
2001 1157 2079 1197 ne
2117 1138 2552 1198 malefaciamus
2596 1135 2900 1213 cuiquam.
2943 1137 3035 1194 Ex
3074 1154 3146 1196 eo
3187 1102 3345 1195 enim

440 1215 734 1294 principio
775 1216 1220 1278 conclusionem
1260 1215 1539 1294 existere,
1578 1235 1655 1277 ne
1695 1217 1921 1277 offensa
1941 1183 2202 1294 quidem
2243 1228 2488 1294 accepta
2527 1215 3018 1276 malefaciendum
3037 1235 3194 1294 esse,
3233 1233 3348 1275 nec

438 1296 745 1356 hominem
803 1299 956 1358 male
1006 1297 1067 1357 in
1106 1315 1218 1358 nos
1256 1299 1483 1375 lapsum
1528 1315 1634 1376 per
1671 1297 1953 1358 vltionem
1993 1297 2402 1388 particularem
2441 1307 2702 1357 nostram
2737 1294 2798 1355 in
2837 1298 3059 1356 malum
3098 1295 3347 1372 amplius

436 1375 878 1468 impellendum.
920 1379 1063 1438 Hoc
1102 1387 1298 1438 autem
1335 1379 1430 1438 lex
1470 1377 1657 1437 Mosis
1696 1387 1818 1436 tam
1856 1377 2118 1456 perfecte
2157 1377 2382 1456 asserit,
2418 1388 2479 1436 vt
2507 1375 2651 1436 nihil
2673 1373 2883 1436 clarius
2902 1387 3004 1436 aut
3023 1374 3346 1436 euidentius

438 1455 635 1516 caueri
686 1456 891 1535 possit.
930 1456 1121 1517 Leuit.
1168 1478 1257 1536 19.
1300 1459 1388 1519 18.
1430 1457 1585 1517 Nam
1628 1457 1684 1516 &
1725 1457 1993 1518 vniuerse
2027 1455 2292 1516 dicitur
2275 1477 2336 1516 ιιι
2377 1458 2538 1536 lege,
2583 1476 2661 1517 ne
2700 1455 3030 1518 vlciscitor.
3072 1456 3129 1514 δι
3161 1454 3346 1533 speci-

438 1535 582 1597 atim
644 1536 871 1614 priuata
929 1537 1038 1598 ista
1078 1539 1133 1598 &
1174 1536 1468 1598 diabolica
1509 1536 1653 1597 vltio
1692 1555 1879 1615 vsque
1923 1537 2075 1597 adeo
2118 1536 2490 1628 prohibetur,
2532 1547 2597 1596 vt
2636 1555 2711 1596 ne
2749 1536 2918 1598 asino
2957 1534 3200 1613 quidem
3241 1545 3345 1595 aut

438 1615 703 1677 iumento
764 1617 918 1678 illius
976 1621 1015 1677 a
1071 1635 1191 1695 quo
1245 1617 1451 1678 offensi
1510 1634 1743 1709 sumuS,
1809 1616 2006 1678 studio
2061 1614 2295 1677 vltionis
2345 1616 2627 1677 damnum
2667 1616 2882 1677 adferri
2922 1615 3088 1676 sinat.
3169 1615 3344 1676 Adeo

438 1706 708 1756 naturam
774 1709 1113 1775 corruptam
1170 1708 1433 1758 nostram
1484 1700 1521 1756 a
1582 1663 1791 1758 misera
1852 1697 1951 1758 illa
2009 1695 2358 1775 perditaque
2419 1696 2795 1774 corruptione
2835 1695 2914 1756 ad
2954 1694 3346 1775 integritatem

440 1775 637 1916 ιὲιειιιέ
659 1777 846 1837 Mosis
883 1776 1067 1837 voluit
1104 1787 1445 1838 reuocatam
1483 1780 1666 1857 Deus,
1682 1779 1737 1836 δι
1758 1777 2086 1838 rediuiuum
2104 1777 2249 1856 legis
2270 1777 2544 1838 naturalis
2565 1778 2902 1855 exemplum
2919 1776 3346 1855 praestitutum.

496 1875 576 1916 xo
686 1875 777 1934 23.
820 1877 879 1930 4.
932 1859 1109 1917 Deut.
1154 1877 1245 1919 22.
1286 1878 1341 1931 4.

517 1938 601 1996 Vt
640 1948 837 1998 autem
876 1936 1021 2015 legis
1060 1938 1333 1998 naturalis
1372 1939 1709 2016 exemplum
1748 1939 2081 2016 perfectum
2121 1956 2248 1998 esse
2288 1937 2348 1997 in
2377 1939 2508 2016 lege
2539 1935 2756 2015 MosiS,
2797 1935 2878 1996 ita
2911 1935 3088 1996 etiam
3110 1932 3345 1996 diuinae

438 2016 588 2076 illius
647 2033 776 2078 esse
828 2019 1245 2078 confirmamus
1300 2017 1661 2078 euidentiore
1715 2027 2081 2110 argumento.
2145 2019 2298 2077 Nam
2341 2020 2476 2077 cum
2517 2019 2615 2078 lex
2654 2016 2855 2078 diuina
2893 2015 3346 2094 supernaturalis

438 2095 513 2157 sit
553 2099 591 2156 a
629 2097 765 2157 Deo
804 2097 1212 2175 proficiscens:
1274 2100 1369 2158 lex
1408 2107 1605 2159 autem
1646 2099 1832 2158 Mosis
1872 2097 1948 2159 sit
1989 2117 2060 2158 ea
2101 2097 2228 2175 ipsa
2267 2099 2364 2158 lex
2392 2115 2584 2190 'quam
2621 2099 2788 2158 Deus
2827 2097 2938 2156 illis
2976 2096 3343 2187 temporibus

435 2175 701 2237 attribuit
740 2177 1042 2238 Ecclesiae
1082 2195 1251 2255 suae,
1290 2186 1353 2237 vt
1385 2178 1744 2239 documenta
1775 2178 2238 2257 supernaturalia
2258 2177 2505 2256 gratiae,
2527 2190 2652 2238 tum
2673 2177 3000 2255 praeceptis
3021 2175 3344 2255 perspicuis

435 2267 565 2316 tum
624 2256 801 2316 etiam
860 2258 1015 2336 typis
1054 2261 1109 2318 δι
1149 2257 1497 2318 ceremoniis
1538 2269 1884 2337 exponeret3
1948 2277 2059 2318 nec
2093 2258 2206 2317 alia
2244 2259 2360 2318 vlla
2396 2259 2494 2318 lex
2533 2258 2704 2318 fuerit
2743 2256 2886 2317 olim
2925 2259 2962 2316 a
3003 2259 3138 2317 Deo
3174 2257 3343 2348 data,

436 2346 539 2396 aut
575 2347 712 2414 post
754 2336 934 2416 ipsius
978 2337 1193 2398 Christi
1232 2339 1775 2416 Apostolorumque
1812 2337 2159 2399 testimoniis
2181 2338 2558 2418 confirmata3
2581 2337 2827 2398 οιιιιιιιιὸ
2847 2356 2920 2396 ex
2940 2355 3015 2397 eo
3037 2335 3344 2396 statuimus

438 2416 767 2510 perfectum
811 2420 1145 2498 exemplum
1186 2417 1419 2479 diuinae
1458 2417 1603 2497 legis
1642 2418 1822 2497 illius,
1882 2435 2060 2496 quam
2091 2419 2254 2479 Deus
2293 2417 2432 2479 inde
2473 2421 2510 2479 a
2543 2383 2841 2510 principio
2883 2417 3138 2496 gratiose
3179 2434 3345 2477 com-

438 2496 762 2558 municauit
813 2516 949 2558 cum
1009 2498 1275 2559 Ecclesia
1325 2516 1459 2577 sua,
1512 2499 1573 2558 in
1616 2501 1745 2591 lege
1782 2498 1971 2559 Mosis
2003 2497 2314 2577 exsistere,
2353 2499 2512 2558 velut
2553 2498 2880 2559 certissimo
2921 2497 3155 2557 diuinae
3188 2496 3342 2556 illius

436 2578 603 2717 legils¹
644 2581 699 2638 &
738 2578 1189 2657 supernaturalis
1228 2579 1501 2657 symbolo
1515 2624 1532 2658 ,
1594 2596 1693 2639 cui
1722 2581 2161 2657 supernaturale
2201 2578 2600 2639 testimonium
2641 2576 2838 2639 multis
2877 2576 3336 2656 saepissimeque

519 2677 546 2717 r
588 2656 737 2717 ibuit
774 2660 953 2719 DeuS.

439 2676 614 2798 p&De
655 2740 925 2816 exemplo
968 2749 1165 2799 autem
1205 2739 1497 2799 humanae
1535 2738 1713 2831 legis²
1753 2736 1897 2815 quid
1936 2738 2054 2798 iam
2095 2756 2246 2816 opus
2287 2750 2376 2801 est
2417 2736 2646 2799 dicere?
2685 2740 2844 2799 Nam
2887 2737 3091 2799 vident
3131 2754 3342 2797 omnes

438 2818 695 2877 humana
730 2818 987 2878 instituta
1024 2830 1250 2879 exstare
1288 2819 1349 2878 in
1386 2820 1517 2897 lege
1557 2820 1745 2880 Mosts
1778 2822 1957 2895 quam
1999 2820 2277 2898 plurima,
2337 2836 2490 2895 quae
2529 2838 2653 2880 non
2694 2837 2768 2879 ex
2807 2820 2972 2878 fonte
3012 2815 3338 2908 principiss-

439 2914 557 2973 que
609 2906 851 2958 naturae
900 2898 1272 2978 simpliciter,
1312 2916 1506 2977 neque
1548 2917 1620 2958 ex
1662 2898 1862 2960 diuina
1901 2900 2032 2977 lege
2067 2901 2499 2977 profluxerunt.
2540 2900 2646 2959 sed
2683 2897 2953 2959 humanis
2994 2898 3050 2957 &
3087 2894 3344 2990 politicis

441 2976 879 3038 conditionibus
936 2989 1352 3072 temperantur.
1433 2980 1740 3040 Praeterea
1798 2982 1853 3039 &
1910 2978 2056 3038 illud
2103 2990 2312 3039 notum
2352 2988 2468 3057 est,
2522 2990 2714 3040 totum
2753 2978 2898 3039 illud
2935 2976 3241 3055 politicum
3287 2977 3343 3036 &

440 3059 673 3117 forense
742 3059 1186 3136 temperamenti
1236 3076 1419 3137 genus
1479 3058 1540 3118 in
1592 3060 1721 3137 lege
1757 3058 1944 3119 Mosis
1984 3062 2022 3117 a
2061 3059 2196 3119 Deo
2237 3058 2564 3120 institutum
2605 3078 2769 3138 esse3
2809 3061 2866 3118 &
2905 3060 3140 3118 Mosem
3181 3065 3345 3116 tanta

440 3136 723 3214 religione
790 3141 826 3197 a
888 3139 1005 3199 suis
1058 3138 1284 3199 iudiciis
1322 3140 1387 3215 (f.
1432 3142 1607 3216 1499)
1648 3140 1705 3197 &
1744 3137 2089 3199 auctoritate
2128 3156 2232 3200 sua
2271 3158 2504 3217 semper
2545 3104 2924 3231 abstinuisse,
2966 3147 3029 3198 vt
3066 3138 3125 3197 in
3167 3138 3343 3227 rebus

442 3216 618 3277 etiam
662 3216 987 3279 minoribus
1025 3220 1223 3279 Deum
1264 3218 1651 3297 consuluerit,
1692 3222 1747 3279 δι
1786 3220 1864 3279 ab
1906 3217 2156 3296 imperio
2199 3218 2322 3279 eius
2360 3219 2735 3311 pependerit.
2778 3216 3036 3309 denique
3075 3236 3174 3277 eas
3205 3215 3341 3293 ipsis

438 3299 599 3375 leges
635 3315 938 3375 nunquam
978 3298 1090 3359 nisi
1130 3317 1204 3359 ex
1240 3297 1517 3377 singulari
1558 3300 1838 3359 mandato
1877 3297 2025 3376 Dei,
2065 3297 2127 3358 in
2169 3297 2384 3359 librum
2424 3299 2725 3359 Ecclesiae
2764 3296 3166 3359 authenticum
3191 3306 3345 3355 retu-

435 3376 590 3438 lisse.
632 3379 779 3453 Quis
818 3397 963 3457 ergo
1002 3396 1125 3439 non
1168 3378 1365 3439 videat
1404 3380 1723 3439 humanam
1765 3380 1987 3457 Legem
2029 3377 2282 3456 politicis
2322 3380 2376 3438 δι
2417 3377 2788 3440 iudicialibus
2827 3376 3146 3455 exemplis
3132 3395 3190 3437 m
3210 3376 3342 3453 lege

440 3456 629 3518 Mosis
670 3458 1025 3519 declaratam
1066 3476 1220 3539 esse,
1263 3459 1319 3518 &
1358 3460 1513 3519 hanc
1556 3478 1685 3522 esse
1728 3460 2062 3537 exemplum
2101 3455 2296 3519 illius?

520 3540 719 3614 Atque
757 3540 909 3599 haec
949 3539 1189 3616 quidem
1218 3542 1499 3630 ’exempla
1536 3540 1842 3631 proposita
1884 3538 1944 3597 in
1984 3542 2114 3617 lege
2145 3538 2332 3600 Mosis
2351 3538 2529 3599 fuisse
2550 3538 2847 3601 credimus
2869 3558 2944 3599 eo
2964 3534 3343 3615 perfectionis

442 3621 656 3695 mod0,
718 3616 822 3693 qui
880 3620 957 3678 ab
1009 3618 1347 3680 hominibus
1386 3638 1491 3697 per
1536 3620 1682 3679 illud
1722 3629 1955 3695 tempus
1987 3618 2181 3696 potuit
2220 3618 2672 3700 comprehendi3
2725 3639 2797 3679 ac
2829 3617 3080 3697 proinde
3119 3618 3343 3693 Legem

444 3698 632 3757 Mosis
690 3716 814 3758 non
875 3700 1065 3759 solum
1126 3700 1459 3776 exemplum
1520 3718 1646 3759 esse
1692 3698 1921 3759 illarum
1959 3700 2190 3777 legum,
2253 3698 2358 3761 sed
2398 3665 2724 3775 perfectum
2764 3700 3098 3776 exemplum
3139 3698 3340 3755 sancte

443 3778 820 3839 affirmamus
882 3780 1212 3839 Perfectum
1260 3790 1455 3839 autem
1512 3797 1695 3857 quum
1750 3778 2029 3857 dicimus,
2069 3797 2194 3838 non
2235 3778 2610 3870 intelligimus
2650 3798 2720 3839 ea
2758 3780 3116 3857 perfectione
3151 3778 3344 3852 legem

444 3856 631 3917 Mosis
668 3859 986 3935 perfectam
1028 3877 1183 3936 esse,
1222 3876 1338 3934 qua
1378 3861 1573 3919 Deum
1611 3861 1937 3949 perfectum
1977 3860 2367 3938 appellamus,
2408 3860 2505 3919 cui
2543 3858 2690 3918 nihil
2727 3858 2916 3950 possit
2953 3856 3270 3929 accedere,
3290 3857 3344 3915 δι

446 3936 611 3997 cuius
652 3936 877 3997 infinita
916 3938 991 3998 sit
1030 3938 1307 3999 omnibus
1346 3939 1540 3999 modis
1580 3936 1893 4031 perfectio,
1936 3940 2042 4031 sed
2081 3939 2502 4031 perfectionem
2540 3958 2670 3999 eam
2701 3938 3104 4017 intelligimus,
3146 3934 3208 3995 in
3229 3951 3347 4027 qua

442 4016 589 4077 nihil
628 4016 1039 4109 imperfectum
1080 4028 1210 4110 est,
1250 4019 1417 4095 quod
1454 4018 1640 4097 possit
1681 4016 1939 4077 detrahi.
2001 4018 2063 4078 in
2103 4036 2222 4097 qua
2264 4018 2548 4097 quicquid
2583 4031 2700 4111 est,
2745 4021 3071 4097 perfectum
3114 4024 3204 4077 est
3241 4014 3348 4075 im·

444 4096 806 4173 perfectione
866 4118 1103 4160 vacans:
1166 4097 1290 4159 siue
1350 4102 1439 4175 (vt
1500 4099 1765 4159 dicamus
1825 4096 2078 4176 planius)
2147 4098 2570 4176 perfectionem
2628 4098 2937 4159 limitatam
2979 4104 3072 4175 (vt
3107 4098 3346 4173 vocant)

446 4176 852 4255 intelligimuS,
913 4178 1237 4240 secundum
1280 4179 1362 4239 rei
1400 4197 1550 4256 quae
1589 4178 1867 4257 traditur,
1920 4181 1976 4238 &
2017 4198 2224 4239 eorum
2264 4178 2477 4256 quibus
2517 4178 2797 4258 traditur,
2838 4186 3348 4266 contemperatum

448 4256 714 4317 modum.
795 4260 948 4318 Nam
1007 4257 1296 4351 quidquid
1350 4271 1438 4319 est
1494 4259 1555 4319 ιιι
1604 4261 1765 4338 lege,
1825 4260 2151 4335 perfectum
2201 4268 2314 4336 est,
2376 4278 2581 4319 carens
2618 4225 3098 4349 imperfectione3
3140 4256 3245 4316 sed
3287 4254 3349 4314 id

444 4336 641 4417 ipsum
680 4348 876 4398 tamen
917 4340 1082 4416 quod
1120 4338 1182 4401 in
1218 4341 1349 4418 lege
1390 4340 1719 4419 perfectum
1758 4348 1879 4416 est,
1917 4338 2234 4416 perfectius
2275 4348 2362 4399 est
2397 4338 2458 4399 in
2498 4340 2853 4419 Euangelio·
2895 4338 3034 4416 quia
3077 4340 3348 4475 Euapige-

1864 4432 1937 4497 45
3289 4432 3352 4473 ¹1²
