3923 4875
629 0 743 44 ⁴³³
1706 0 2490 24 llllllllllllll

631 141 784 205 datis
827 143 905 204 ad
942 162 1186 222 pacem,
1227 143 1288 204 id
1328 152 1447 215 est,
1488 143 1719 203 bonum
1759 141 2066 221 publicum
2110 143 2447 210 Ecclesiae
2488 146 2543 204 δι
2584 143 2644 205 in
2687 162 2759 204 ea
2797 139 3094 218 priuatum
3133 151 3407 201 vestrum
3446 159 3584 219 pno-

637 225 989 284 curandum.
1058 225 1201 283 Hoc
1253 222 1430 301 igitur
1484 241 1780 284 summum
1834 233 2221 302 praeceptum
2260 233 2376 302 est,
2419 225 2499 286 ad
2538 225 2705 303 quod
2745 221 2877 301 pios
2917 223 3190 281 hortatur
3228 223 3470 282 Psaltes
3509 242 3582 282 ex

633 304 1041 364 antecedentis
1080 303 1336 364 laetitiae
1378 309 1809 381 causarumque
1845 303 2097 364 laetitiae
2137 316 2508 396 argumento,

702 385 860 445 Cum
913 395 1113 444 autem
1173 394 1629 475 praeceptorum
1686 382 2028 445 diuinorum
2069 383 2338 445 omnium
2371 383 2663 445 eiusmodi
2702 383 2777 445 sit
2818 380 3172 459 auctoritas,
3213 392 3279 440 vt
3324 382 3574 458 quibus-

619 481 857 541 cunque
906 473 1226 542 praecepta
1266 465 1520 542 dantur,
1560 462 1598 538 ij
1638 463 1970 554 praeceptis
2011 463 2164 526 illius
2205 465 2457 542 obsequi
2495 475 2810 525 teneantur
2848 461 2977 522 sine
3015 460 3373 539 exceptione
3412 463 3573 536 vlla;

622 546 895 622 profecto
952 562 1063 604 nos
1078 589 1095 622 ,
1153 544 1255 621 qui
1309 509 1588 621 singulari
1642 542 1759 604 Dei
1812 543 2110 605 beneficio
2149 544 2211 604 in
2251 545 2586 605 Ecclesiam
2626 544 2705 604 ad
2743 541 3192 622 perceptionem
3232 541 3569 602 voluntatis

622 624 747 686 eius
789 623 988 685 vocati
1029 641 1263 701 sumus,
1301 642 1544 684 necesse
1583 633 1672 684 est
1711 623 1788 683 de
1828 623 2124 701 obsequio
2165 624 2326 686 fideli
2369 623 2663 703 cogitare,
2703 635 2770 684 vt
2807 640 3014 714 paoem
3055 620 3369 682 Ecclesiae
3409 632 3573 699 peta·

624 723 755 765 mus
771 750 789 781 .‚
831 703 1338 796 quemadmodum
1379 702 1555 764 nobis
1600 703 1903 782 praecepit
1943 704 2132 765 Deus.
2172 705 2265 765 Ac
2307 708 2653 784 propterea,
2692 723 2770 764 ne
2810 702 3000 764 forte
2984 721 3045 761 ιιι
3065 699 3370 778 petendo·
3351 702 3567 762 incerti

627 787 837 863 simuS,
891 795 1173 861 tanquam
1226 783 1276 843 si
1316 784 1675 844 nesciremus
1716 783 1861 860 quid
1898 787 1935 844 a
1976 801 2100 862 quo
2141 785 2265 885 peti
2306 795 2612 862 oporteat,
2652 783 2866 844 indidit
2905 781 3205 876 Propheta
3242 780 3362 859 piis
3401 784 3572 842 velut

626 865 686 924 in
745 883 814 926 os
867 862 1293 925 sanctissimam
1346 863 1647 942 petitionis
1695 865 2051 942 formulam,
2100 866 2239 925 cum
2293 863 2465 925 dicit·
2521 866 2836 956 tranquilli
2869 865 2992 922 sint
3026 872 3285 922 amantes
3329 866 3453 938 αἱ,
3496 865 3575 921 sit

608 956 743 1036 pax
788 947 851 1004 in
883 945 1362 1023 praemunitione
1402 953 1538 1022 ma,
1581 945 1705 1004 dvc.
1757 943 1957 1005 Huius
1999 943 2158 1005 enim
2202 944 2457 1022 petionis
2495 943 2615 1005 loci
2653 944 2776 1005 duo
2815 952 2949 1004 sunt
2987 945 3024 1002 a
3065 941 3371 1033 Propheta
3409 942 3565 1002 indi-

629 1024 778 1102 cati,
819 1023 1186 1084 incremento
1231 989 1826 1100 conuenientissim0‚
1866 1026 2005 1084 cum
2045 1043 2258 1102 pacem
2300 1023 2606 1086 Ecclesiae
2648 1024 2827 1085 docet
2866 1019 2988 1114 peti
3026 1024 3063 1081 a
3083 1019 3257 1081 ιιοδίς
3276 1034 3568 1099 oportere

624 1108 678 1165 &
720 1103 864 1164 foris
903 1105 959 1163 &
999 1102 1186 1181 intus,
1228 1103 1628 1164 communiter
1667 1105 1723 1164 δι
1764 1102 2167 1183 singulariter:
2209 1104 2380 1167 Foris
2421 1104 2663 1196 quidem
2704 1103 2882 1165 etiam
2923 1101 2992 1162 iis
3009 1119 3114 1178 qm
3130 1112 3337 1161 amant
3359 1103 3569 1164 Eccle-

626 1184 775 1245 siam
838 1182 1266 1258 communiter,
1326 1184 1599 1260 quamuis
1658 1183 1931 1244 nondum
1991 1202 2120 1245 sese
2180 1185 2263 1245 illi
2322 1183 2729 1262 adiunxerint3
2776 1183 2931 1244 intus
2968 1184 3112 1244 vero
3150 1181 3564 1260 singulariter,

627 1263 978 1325 domesticis
1032 1263 1169 1324 fidei
1218 1265 1274 1324 δι
1331 1263 1635 1325 Ecclesiae
1690 1263 2035 1326 catholicae.
2077 1266 2233 1325 Nam
2273 1264 2785 1356 quemadmodum
2824 1262 2876 1324 si
2913 1261 3045 1338 quis
3082 1281 3292 1340 pacem
3335 1262 3564 1323 habita·

634 1344 811 1405 tionis
861 1360 1003 1404 suae
1058 1342 1513 1422 desiderauerit,
1568 1344 2006 1422 circumspiciat
2060 1362 2212 1422 opus
2265 1356 2354 1406 est
2392 1342 2536 1405 foris
2552 1389 2570 1422 .‚
2611 1361 2765 1435 quae
2802 1341 3225 1420 impedimenta
3263 1342 3564 1421 arcenda,

629 1442 784 1501 quae
822 1423 1163 1484 adiumenta
1205 1423 1541 1515 retinenda3
1594 1424 1813 1485 deinde
1854 1428 1997 1485 vero
2039 1423 2312 1503 dispiciat
2351 1425 2507 1485 intus
2548 1423 2693 1502 quid
2733 1422 2897 1501 ipsae
2936 1433 3133 1499 partes
3174 1422 3565 1482 habitationis

625 1505 957 1596 postulent3
1015 1502 1095 1564 ita
1134 1503 1314 1564 etiam
1353 1503 1486 1582 pios
1526 1522 1736 1565 omnes
1776 1515 1915 1596 post
1953 1523 2199 1565 omnem
2238 1503 2549 1566 hominum
2588 1502 2940 1564 memoriam
2979 1502 3144 1562 Deus
3180 1500 3562 1579 insonnauit‚

627 1596 692 1645 vt
745 1582 806 1644 in
858 1583 980 1644 hoc
1035 1583 1342 1644 domicilio
1395 1582 1601 1644 mundi
1641 1583 1921 1645 omnibus
1961 1587 2119 1645 bene
2162 1584 2431 1664 cupiant,
2473 1587 2528 1645 δι
2568 1603 2779 1663 pacem
2819 1584 3019 1643 colant
3058 1599 3194 1642 cum
3236 1549 3562 1658 οιιιιιίδαςί

634 1665 835 1755 quoad
890 1663 1017 1724 eius
1070 1663 1196 1725 fieri
1248 1674 1473 1742 potest,
1527 1675 1591 1723 vt
1632 1665 1916 1725 Romanis
1955 1664 2344 1726 scribebatA
2430 1666 2647 1741 stolus;
2689 1683 2820 1741 cap.
2871 1681 2959 1739 13.
3000 1682 3059 1722 v.
3108 1665 3196 1722 18.
3238 1660 3463 1722 deinde
3503 1673 3566 1721 vt

633 1742 746 1822 ipsi
807 1741 1112 1804 Ecclesiae
1175 1755 1311 1804 ante
1370 1742 1573 1804 omnia
1634 1746 1791 1805 bene
1851 1744 2097 1822 cupiant
2146 1762 2414 1806 secunu
2376 1747 2479 1806 um
2518 1745 2738 1805 Deum.
2778 1741 3118 1818 Quinetiam
3156 1743 3319 1801 hunc
3364 1741 3561 1820 ipsum

634 1823 908 1885 ordinem
923 1870 940 1900 7
1000 1840 1182 1900 quem
1235 1821 1412 1884 nobis
1467 1822 1817 1916 praescribit
1869 1827 2121 1902 Psaltes,
2175 1827 2340 1885 Deus
2390 1824 2451 1884 in
2491 1822 2611 1885 suis
2650 1821 3142 1914 promissi0m⁶bus
3186 1839 3336 1899 quas
3377 1839 3562 1882 enun-

628 1903 807 1964 ciauit
845 1903 1226 1980 Abrahamo,
1267 1903 1542 1964 distincte
1583 1902 1868 1982 seruauit,
1907 1923 1984 1964 ne
2016 1923 2378 1982 quemquam
2401 1903 2798 1966 Christianum
2819 1902 3054 1963 taedeat
3070 1901 3214 1962 illud
3233 1903 3563 1980 postulare,

626 1983 793 2076 quod
846 1982 908 2043 in
959 1949 1423 2077 promissionum
1478 2001 1736 2076 numero·
1770 1985 2067 2045 recensuit
2106 1986 2286 2045 Deus.
2359 1983 2634 2044 Dicebat
2653 1983 2812 2044 enim
2851 1981 3108 2060 primum
3150 1981 3228 2041 de
3269 1980 3554 2042 omnibus

626 2063 801 2125 etiarn
844 2065 1088 2142 exteris,
1129 2063 1485 2124 Benedicam
1527 2062 1597 2125 iis
1636 2063 1740 2143 qui
1779 2064 2138 2125 benedicent
2177 2063 2316 2126 tibi:
2358 2075 2566 2157 postea
2604 2066 2748 2125 vero
2770 2063 2846 2124 de
2866 2062 3169 2123 Ecclesiae
3188 2059 3561 2123 Christianae

630 2143 914 2204 membris
954 2143 1205 2205 subiecit
1244 2143 1390 2204 iHud
1428 2146 1708 2223 alterum,
1749 2144 2108 2205 Benedictae
2146 2154 2319 2206 erunt
2358 2163 2417 2204 ιιι
2456 2156 2515 2205 te
2555 2162 2765 2204 omnes
2805 2141 3061 2203 familiae
3081 2152 3293 2203 terrae.
3333 2142 3559 2202 Genes.

638 2243 730 2284 12.
786 2242 845 2300 3.
899 2223 995 2285 De
1047 2222 1325 2284 omnibus
1374 2243 1519 2302 ergo
1573 2190 1939 2303 promiscue,
1990 2224 2168 2318 etiam
2208 2224 2448 2302 exteris,
2501 2225 2581 2285 ab
2621 2221 2889 2284 Ecclesia
2928 2221 3047 2283 Dei
3085 2221 3561 2300 pronunciantur

628 2305 778 2363 haec
800 2303 1018 2395 verba,
1059 2305 1374 2380 tranquilli
1388 2307 1511 2364 sint
1537 2313 1801 2364 amantes
1821 2306 1936 2364 tui:
1954 2303 2194 2382 deipsis
2213 2307 2355 2367 vero
2378 2303 2719 2365 domesticis
2738 2302 3043 2381 sequentia
3062 2301 3381 2363 enunciata
3399 2313 3555 2362 sunt.

708 2385 800 2443 Ac
843 2347 1018 2461 prius
1042 2382 1287 2461 quidem
1330 2403 1436 2463 per
1475 2402 1538 2445 se
1578 2394 1668 2446 est
1706 2382 1982 2446 euidens:
2026 2383 2077 2446 si
2121 2386 2351 2446 tanturn
2390 2383 2536 2446 illud
2577 2386 2961 2445 obseruemus
3002 2382 3324 2444 amantium
3343 2383 3557 2444 Eccle-

628 2464 747 2525 siae
788 2462 910 2525 duo
950 2483 1079 2525 esse
1118 2483 1335 2542 genera
1349 2511 1367 2544 ,
1408 2476 1585 2542 prout
1623 2463 1897 2527 distincte
1935 2469 1974 2525 a
2013 2467 2206 2526 Psalte
2246 2476 2665 2526 enumerantur
2703 2465 2884 2542 paulo
2926 2467 3066 2542 post
3105 2473 3325 2525 octauo
3346 2482 3559 2535 versu,

627 2543 915 2605 dicendo·
900 2590 918 2625 ,
1011 2554 1216 2636 reptet·
1252 2544 1500 2623 fratres
1554 2564 1733 2623 meos,
1778 2547 1855 2605 ἂν
1894 2549 2111 2606 amicos
2153 2566 2333 2626 meos,
2383 2549 2491 2608 διο.
2534 2546 2682 2607 Sunt
2723 2544 2883 2605 enim
2921 2543 2985 2605 hi
3023 2546 3263 2623 fratrest,
3325 2542 3393 2604 id
3433 2555 3558 2620 est,

625 2643 907 2703 germana
1035 2624 1250 2685 clesiae
1288 2624 1586 2704 membra,
1639 2626 1695 2685 δι
1733 2624 1972 2685 iamiam
2014 2645 2086 2686 ex
2124 2628 2284 2687 facto
2322 2626 2402 2686 ad
2442 2646 2574 2687 earn
2613 2624 2963 2703 pertinentia
3003 2623 3062 2684 in
3105 2589 3345 2685 Christo
3391 2626 3559 2701 Iesu,

626 2713 728 2764 aut
767 2704 944 2764 etiam
987 2704 1048 2765 in
1089 2724 1160 2765 ea
1200 2703 1475 2796 degentia
1509 2705 1837 2766 secundum
1877 2707 2133 2766 sormam
2174 2715 2475 2767 externam
2519 2707 2574 2765 δι
2614 2705 2889 2766 ordinem
2929 2703 3349 2782 aspectabilem
3371 2703 3557 2765 illius·
3542 2750 3560 2781 ,

629 2782 713 2844 illi
773 2788 917 2846 vero
958 2783 1162 2864 amici,
1203 2784 1474 2862 quamuis
1517 2795 1682 2847 extra
1726 2785 2055 2847 Ecclesiam
2096 2784 2306 2878 positi,
2345 2785 2457 2878 qui
2488 2805 2602 2846 nec
2643 2785 2899 2847 oderunt
2939 2783 3275 2844 Ecclesiam
3314 2783 3522 2844 animo
3541 2830 3561 2859 ,

625 2882 899 2926 sermone
938 2875 1039 2925 aut
1078 2865 1239 2926 facto
1281 2865 1538 2925 obsunt.
1580 2866 1687 2927 sed
1728 2875 1831 2927 aut
1868 2868 2024 2927 bene
2065 2865 2311 2945 cupiunt
2347 2866 2459 2945 ipsi
2498 2886 2570 2927 ex
2610 2864 2812 2926 animo
2828 2911 2845 2944 ,
2887 2863 3158 2943 quamuis
3194 2861 3305 2941 ipsi
3344 2863 3466 2924 sibi
3493 2865 3559 2925 id

627 2964 751 3005 non
799 2943 1040 3022 cupiant
1092 2944 1269 3024 boni,
1322 2953 1425 3005 aut
1474 2948 1634 3006 certe
1673 2945 1862 3007 amice
1901 2947 2125 3026 ferunt,
2185 2958 2250 3006 vt
2291 2945 2562 3007 Ecclesia
2601 2944 2707 3025 sit,
2746 2954 2926 3024 atque
2965 2943 3278 3023 tranquilla
3315 2943 3435 3005 ςίι·
3478 2945 3558 3006 de

626 3042 750 3100 quo
789 3042 1008 3102 genere
1044 2991 1283 3086 dicebat
1321 3024 1617 3103 ChristuS,
1671 3025 1793 3103 Qui
1833 3045 1955 3086 non
1996 3037 2086 3087 est
2125 3028 2442 3088 aduersum
2483 3045 2623 3105 nOS,
2664 3044 2774 3103 pro
2815 3024 2991 3085 nobis
3034 3037 3141 3087 est.
3179 3026 3328 3085 Luc.
3367 3043 3433 3101 9.
3456 3040 3556 3101 50.

627 3107 743 3164 Pro
776 3104 868 3164 his
908 3123 1053 3182 ergo
1094 3105 1370 3166 omnibus
1408 3104 1676 3167 Ecclesia
1719 3107 2013 3184 postulat,
2073 3117 2137 3167 vt
2175 3105 2317 3184 ipsis
2355 3106 2513 3167 bene
2553 3106 2658 3184 sit,
2698 3109 2754 3167 &
2794 3103 3210 3183 tranquillitate
3248 3104 3555 3182 fruantur,

627 3183 886 3261 denique
925 3184 1343 3247 communibus
1382 3187 1447 3264 (f.
1470 3188 1610 3279 729)
1645 3203 1846 3247 secum
1880 3185 2185 3248 beneficiis
2228 3206 2328 3248 ma
2369 3185 2417 3246 is
2456 3206 2528 3247 ac
2567 3186 2757 3264 magis
2794 3188 3167 3246 cumulentur
3203 3187 3242 3244 a
3262 3183 3556 3245 Domino.

705 3265 974 3325 Alterum
1019 3269 1166 3325 vero
1218 3275 1489 3344 optatum
1545 3265 1604 3326 in
1654 3283 1828 3327 versu
1887 3286 1942 3343 7.
1995 3267 2162 3344 quod
2202 3267 2282 3328 ad
2364 3266 2684 3328 omesticos
2724 3266 3030 3326 Ecclesiae
3069 3262 3356 3343 pertinet,
3399 3265 3558 3326 duas

623 3355 819 3437 partes
859 3344 988 3436 illas
1028 3343 1192 3423 pacis
1231 3346 1535 3408 euidenter
1575 3355 1775 3425 notat,
1825 3348 1902 3409 de
1942 3347 2158 3425 quibus
2199 3351 2336 3408 ante
2376 3345 2778 3407 dicebamus
2761 3366 2822 3406 ιιι
2862 3344 3198 3407 definienda
3235 3362 3410 3422 pace.
3451 3345 3559 3406 Ad

622 3424 834 3486 iustam
889 3423 1047 3485 enim
1106 3426 1162 3485 δι
1200 3444 1402 3487 veram
1442 3446 1652 3505 pacem
1696 3426 2102 3488 desiderantur
2143 3427 2292 3488 duo.
2335 3426 2600 3488 defensio
2640 3430 2679 3486 a
2718 3427 2908 3505 malo,
2949 3429 3004 3487 δι
3045 3427 3344 3486 δοιιοιαιιι
3382 3424 3558 3502 pacis

616 3504 940 3599 perceptio,
978 3507 1074 3566 De
1096 3515 1357 3597 vtroque
1389 3526 1594 3586 preces
1621 3507 2046 3586 concipiendas
2069 3506 2330 3570 ostendit
2347 3509 2567 3568 Psaltes
2585 3506 2782 3568 verbis
2799 3472 3195 3584 paucissimis
3179 3551 3197 3586 ,
3237 3508 3293 3565 δι
3313 3515 3559 3566 seruata

616 3584 744 3663 tijpi
782 3583 967 3663 illius,
1010 3584 1111 3663 qui
1150 3596 1278 3646 tum
1317 3587 1396 3646 ad
1437 3586 1803 3679 figurandam
1848 3588 2177 3648 Ecclesiam
2220 3590 2410 3649 fuerat
2455 3587 2627 3647 datus
2665 3586 2962 3665 allegoria.
3015 3586 3333 3648 Ierusalem
3371 3595 3558 3663 typus

618 3674 740 3726 erat
777 3664 1115 3727 Ecclesiae:
1166 3666 1242 3726 ad
1285 3666 1765 3745 tranquillitatem
1808 3667 1970 3728 vrbis
2013 3667 2166 3728 illius
2205 3668 2328 3728 duo
2368 3668 2518 3727 haec
2557 3668 2793 3728 fuerunt
2832 3684 3020 3746 opus,
3070 3677 3196 3727 tum
3235 3675 3300 3726 vt
3337 3665 3554 3726 aduer-

617 3763 715 3806 sus
753 3747 910 3805 mala
949 3745 1091 3808 foris
1133 3746 1414 3807 minantia
1454 3751 1508 3808 δι
1551 3746 1829 3808 irruentia
1868 3748 2320 3809 circummunita
2358 3759 2509 3808 esset
2549 3749 2720 3827 vrbs,
2761 3757 2889 3807 tum
2931 3756 2994 3807 vt
3033 3745 3187 3807 intus
3215 3746 3553 3807 abundaret

616 3826 812 3889 bonis.
854 3826 1280 3890 Defensionem
1319 3830 1355 3887 a
1395 3830 1553 3888 malo
1595 3829 1892 3891 Propheta
1910 3827 2003 3889 his
2024 3829 2218 3891 verbis
2240 3828 2442 3889 docuit
2464 3828 2887 3891 expetendam·
2928 3827 3022 3888 Sit
3044 3838 3170 3891 nax
3187 3830 3248 3887 in
3269 3837 3549 3891 praemu-
