3923 4875
630 101 901 180 aboleat,
952 89 1383 178 sapientissime
1436 103 1637 164 Deum
1692 104 2067 182 prospexisse
2081 149 2099 178 ,
2151 113 2216 165 vt
2265 120 2422 197 quae
2468 102 2636 164 bona
2685 101 2745 164 in
2801 101 3012 164 ordine
3068 103 3341 164 humano
3403 114 3602 176 sunt,

634 181 847 242 eadem
880 143 963 242 in
1015 181 1284 242 Ecclesia
1338 183 1766 245 obseruentur.
1816 203 1943 245 non
2004 183 2162 246 enim
2201 183 2522 246 reiicienda
2561 202 2720 262 esse,
2763 181 2903 260 quia
2943 183 3206 244 humana
3247 195 3436 265 sunt;
3481 187 3606 246 sed

630 261 770 338 quia
813 262 1019 352 bona,
1074 261 1381 322 retinenda
1432 263 1488 322 δι
1540 263 1869 325 excolenda
1917 267 2149 325 cultura
2197 263 2468 326 salutaris
2519 263 2761 342 gratiae.
2825 263 2976 324 Sunt
3033 281 3180 342 ergo
3232 232 3492 356 Regis,
3539 267 3604 326 δί

630 339 971 421 Principes,
1036 343 1090 402 δι
1150 353 1475 434 potestates
1534 344 1831 406 humanae
1890 343 1953 404 in
2016 345 2319 425 Ecclesia,
2385 346 2440 405 δι
2485 354 2621 406 5ιιιιι
2662 345 2738 404 de
2779 343 3079 421 Ecclesia,
3118 345 3257 404 cum
3303 345 3408 404 eiu

630 423 839 500 capitis
901 424 957 484 δι
1018 423 1289 500 corporis
1347 421 1409 482 in
1470 423 1693 486 vnitate
1745 423 1993 504 Spiritus
2050 445 2166 486 vna
2205 427 2323 486 fide
2367 436 2505 486 sunt
2542 422 2738 485 effecti
2778 424 3114 502 participes.
3178 425 3600 518 Quapropter

630 502 806 564 etiam
849 504 1199 564 hortabatur
1243 503 1607 581 ApostoluS,
1651 515 1714 565 vt
1751 505 2238 598 deprecationes,
2277 526 2518 584 preceS,
2560 503 3024 598 postulationes,
3055 504 3388 582 gratiarum
3438 506 3596 568 acti-

630 603 776 644 ones
827 584 1036 644 fierent
1076 602 1188 662 pro
1230 583 1526 660 Regibus,
1568 549 1623 646 ἐζ
1664 584 1974 664 quibusuis
2015 606 2074 645 ιιι
2119 587 2440 648 eminentia
2481 583 2835 646 constitutis.
2886 604 2934 644 1.
2979 585 3136 646 Tim.
3183 605 3237 645 2.
3286 605 3340 645 1.

714 664 832 726 Sed
886 673 1085 724 tamen
1137 665 1277 725 cum
1330 669 1533 724 domus
1590 666 1855 726 Dauidis
1904 667 2111 726 throni
2145 665 2378 728 disertis
2423 667 2616 726 verbis
2653 667 2774 726 hoc
2812 667 2952 726 loco
2996 667 3420 744 appellantur
3471 666 3594 728 tria

632 743 732 805 illa
785 741 983 822 capita
1040 742 1103 804 in
1161 743 1513 804 memoriam
1564 763 1717 822 opus
1768 756 1858 806 est
1912 745 2221 825 reuocari,
2262 765 2415 824 quae
2454 749 2591 808 ante
2633 744 3036 818 distinximus,
3079 747 3216 804 cum
3256 745 3342 806 de
3383 747 3590 808 domo

630 827 892 886 Iehouae
933 825 990 884 δι
1020 823 1459 900 Hierosolymis
1478 843 1825 904 ageremus:
1866 827 2138 888 Domum
2158 827 2429 888 Dauidus
2448 845 2664 904 nempe
2684 827 3012 888 secundum
3031 837 3277 886 naturae
3299 829 3592 906 modum,

630 906 957 968 secundum
1012 906 1292 984 figuram,
1343 907 1400 965 δι
1450 907 1779 967 secundum
1831 905 2142 967 veritatem
2175 906 2440 1000 intelligi
2490 926 2600 998 pro
2652 905 2881 967 ratione
2934 907 3206 967 locorum
3247 921 3590 984 oportere:

633 987 978 1047 Secundum
1038 995 1311 1046 naturam
1372 984 1691 1062 significari
1752 987 2028 1048 homines
2089 985 2192 1066 qui
2243 1005 2351 1048 suo
2413 986 2622 1048 ordine
2663 985 2982 1048 extiterunt
3023 1006 3094 1046 ex
3133 1005 3205 1046 ea
3243 987 3484 1049 familia
3523 988 3590 1050 in

632 1085 829 1128 rerum
880 1075 1115 1126 natura.
1173 1066 1513 1126 Secundum
1567 1067 1819 1159 figuram
1876 1067 2131 1128 eandem
2171 1067 2452 1128 familiam
2494 1066 2773 1146 intelligi,
2815 1084 2938 1144 qua
2977 1084 3228 1144 regnum
3268 1067 3594 1146 spirituale

633 1145 854 1208 Christi
914 1145 1223 1222 figurauit:
1290 1145 1629 1207 Secundum
1683 1149 1995 1208 veritatem
2057 1167 2188 1209 esse
2247 1146 2394 1208 illud
2456 1147 2654 1226 ipsum
2703 1143 3016 1226 Spirituale
3064 1165 3314 1224 regnum
3331 1193 3352 1226 ,
3406 1149 3592 1226 quod

634 1225 905 1288 Christus
958 1225 1209 1287 Dauidis
1262 1225 1416 1288 filius
1466 1229 1774 1288 aeternum
1812 1227 2112 1306 possidet,
2152 1229 2660 1321 quemadmodem
2699 1229 2944 1307 angelus
2985 1227 3246 1288 dixerat.
3291 1225 3422 1288 Hic
3473 1230 3592 1290 erit

634 1326 915 1385 magnus,
956 1307 1012 1366 δι
1054 1305 1209 1366 filius
1250 1305 1518 1368 altissimi
1558 1308 1905 1388 vocabitur,
1944 1309 2231 1387 dabitque
2273 1308 2329 1369 ei
2369 1309 2666 1369 Dominus
2699 1309 2866 1368 Deus
2885 1307 3094 1370 sedem
3111 1305 3370 1368 Dauidis
3389 1309 3592 1386 patris

631 1387 833 1479 ipsius·
886 1387 1037 1448 Luc.
1096 1408 1145 1448 1.
1198 1405 1297 1464 32.
1350 1389 1458 1448 Est
1518 1399 1719 1448 autem
1758 1407 2009 1468 regnum
2051 1390 2413 1468 temporale,
2455 1389 2863 1466 quodcunque
2905 1388 2968 1447 in
3011 1387 3282 1448 Ecclesia
3323 1391 3382 1450 δι
3423 1388 3592 1450 inter

632 1466 909 1530 homines
950 1468 1214 1528 humano
1256 1467 1466 1528 ordine
1510 1467 1761 1530 instituit
1798 1470 1999 1542 Deus,
2041 1470 2120 1531 ad
2163 1469 2494 1530 custodiam
2541 1467 2736 1530 omnis
2777 1467 2926 1528 boni
2962 1467 3043 1528 ita
3083 1468 3484 1530 constitutum
3525 1480 3594 1530 vt

632 1567 709 1610 ne
750 1547 899 1608 illud
938 1546 1181 1624 quidem
1222 1547 1417 1626 ipsum
1458 1549 1687 1608 bonum
1730 1548 2063 1628 spirituale,
2106 1550 2271 1628 quod
2312 1550 2372 1610 in
2417 1551 2687 1610 Ecclesia
2726 1548 3019 1626 disposuit
3057 1549 3255 1627 Deus,
3307 1549 3590 1611 alienum

630 1631 669 1689 a
709 1646 852 1688 cura
892 1627 1159 1705 ipsorum
1197 1629 1439 1720 Regum
1480 1627 1690 1690 haberi
1730 1640 2023 1707 oporteat.
2063 1631 2218 1690 Nam
2261 1629 2309 1691 si
2350 1631 2615 1691 humano
2661 1629 2872 1690 ordine
2915 1629 2972 1690 δι
3011 1594 3276 1690 instituto
3299 1631 3590 1710 obligan-

634 1720 731 1770 tur
780 1707 857 1768 ad
910 1707 1395 1786 procurationem
1450 1709 1787 1771 communis
1828 1709 2012 1771 boni:
2055 1713 2216 1772 certe
2258 1731 2332 1770 ex
2372 1729 2494 1788 quo
2535 1709 2621 1770 illi
2661 1709 2720 1769 in
2763 1727 2838 1770 eo
2880 1708 3011 1800 ipso
3054 1711 3317 1769 humano
3362 1711 3589 1773 ordine

632 1794 671 1850 a
711 1792 847 1848 Deo
892 1798 1202 1882 praesente
1250 1788 1601 1850 sanctificati
1642 1799 1811 1868 sunt,
1850 1789 2048 1868 reipsa
2087 1791 2429 1869 obligantur
2471 1791 2736 1850 humano
2778 1791 2834 1850 δι
2873 1787 3079 1850 diuino
3119 1788 3248 1849 iure
3286 1789 3478 1850 etiam
3486 1791 3586 1852 ad

634 1872 933 1930 bonorum
976 1867 1365 1947 spiritualium
1406 1871 1911 1962 procurationem,
1954 1890 2080 1931 non
2121 1871 2261 1932 dico
2303 1869 2914 1932 administrationem:
2957 1889 3100 1930 narn
3134 1869 3421 1930 distincta
3442 1883 3592 1932 sunt

629 1949 823 2028 dona,
884 1949 1461 2028 administrationes,
1522 1952 1577 2012 δι
1639 1951 2019 2030 operationes
2085 1951 2368 2030 singulari
2427 1949 2804 2029 prouidentia
2844 1950 2978 2011 Dei.
3034 1950 3425 2028 Quapropter
3465 1971 3588 2012 nec

630 2049 801 2109 reges
842 2029 903 2090 ιιι
942 2029 1489 2092 administrationes
1528 2031 1978 2092 Ecclesiasticas
2018 2031 2286 2092 inuolare
2325 2041 2610 2110 possunt,
2654 2050 2768 2092 nec
2797 2029 3129 2091 administri
3167 2031 3590 2093 Ecclesiastici

630 2111 691 2172 in
733 2111 925 2190 regias
966 2113 1021 2171 δι
1060 2111 1268 2172 ciuiles
1309 2113 1737 2188 humanasque.
1780 2111 2028 2204 singulis
2065 2113 2296 2173 tantum
2339 2121 2428 2172 est
2465 2110 2695 2189 oneris,
2736 2121 2800 2172 vt
2840 2111 3074 2187 furore,
3115 2130 3240 2171 non
3281 2111 3586 2202 sapientia

630 2192 729 2270 agi
766 2191 1079 2252 videantur
1093 2236 1111 2269 ,
1170 2191 1273 2269 qui
1314 2191 1431 2252 alia
1472 2191 1722 2284 insuper
1751 2211 1939 2253 onera
1979 2191 2094 2254 sibi
2137 2190 2370 2271 imponi
2407 2203 2620 2270 petunt
2659 2201 2762 2252 aut
2802 2191 2982 2252 etiam
3024 2191 3199 2252 facile
3237 2192 3586 2272 patiuntur,

636 2288 1014 2350 quacumque
1056 2271 1377 2332 occasione
1418 2281 1521 2332 aut
1560 2270 1760 2350 specie
1801 2273 1865 2335 id
1904 2272 2033 2334 fieri
2074 2292 2250 2352 posse
2289 2271 2646 2350 putauerint.
2688 2272 2783 2332 De
2826 2289 2970 2331 cura
3009 2272 3204 2332 solum
3225 2275 3281 2332 δι
3302 2239 3588 2334 custodia

626 2355 879 2431 loquor,
941 2370 1122 2445 quam
1184 2351 1295 2430 piis
1356 2351 1593 2430 regibus
1652 2351 2138 2431 principibusque
2200 2353 2366 2414 Deus
2407 2372 2644 2446 semper
2684 2351 3096 2414 demandauit:
3139 2371 3264 2412 non
3305 2362 3373 2412 vt
3413 2354 3584 2445 leges

628 2437 820 2496 ferant
862 2431 1148 2495 Ecclesiis
1190 2435 1311 2511 qua
1353 2432 1659 2495 Ecclesiae
1702 2446 1868 2506 sunt,
1909 2433 1973 2495 id
2008 2444 2124 2510 est,
2168 2453 2353 2513 regno
2395 2430 2682 2512 spirituali
2721 2431 2976 2525 Christi,
3018 2431 3120 2512 qui
3164 2451 3318 2495 vnus
3345 2432 3586 2495 anima-

634 2533 765 2575 rum
809 2524 1147 2576 nostrarum
1190 2512 1495 2593 legislator
1534 2524 1654 2593 est,
1694 2514 1803 2575 sed
1842 2524 1905 2575 vt
1943 2517 2108 2594 leges
2147 2516 2186 2574 a
2224 2515 2360 2575 Deo
2401 2518 2550 2575 latas
2588 2533 2694 2593 per
2722 2512 3103 2575 administros
3123 2512 3248 2573 eius
3267 2514 3588 2607 obseruari

632 2606 871 2673 curent,
927 2594 1178 2673 instent,
1234 2594 1290 2653 &
1332 2605 1613 2673 vrgeant,
1656 2594 1880 2673 nequid
1923 2596 2001 2657 de
2043 2596 2207 2656 cultu
2250 2594 2365 2656 Dei
2405 2594 2662 2657 decedat
2740 2593 2900 2655 vnde
2941 2594 3028 2655 ira
3066 2594 3249 2672 ipsius
3287 2594 3348 2655 in
3391 2594 3584 2655 admi-

631 2687 817 2751 stros,
856 2680 1179 2753 regemque
1222 2672 1349 2735 siue
1388 2674 1689 2753 principes
1705 2720 1723 2751 ,
1786 2676 1843 2734 ὅτ
1884 2678 2204 2753 populares
2245 2694 2454 2737 omnes
2471 2640 2852 2737 accendatur.
2895 2676 3038 2735 Hoc
3059 2673 3235 2767 igitur
3255 2693 3587 2736 commune

632 2765 722 2817 est
763 2754 1032 2848 omniurn
1076 2768 1417 2833 temporum
1460 2754 1523 2816 in
1564 2755 1839 2817 Ecclesia
1876 2756 2026 2818 Dei.
2070 2756 2366 2835 singulare
2406 2766 2607 2817 autem
2637 2754 2790 2817 illius
2809 2756 3100 2834 temporis
3121 2752 3230 2814 suit
3247 2754 3586 2817 institutum

630 2836 783 2897 illius
846 2835 1047 2913 regni,
1110 2854 1232 2913 qua
1292 2846 1471 2913 typus
1532 2838 1571 2895 a
1623 2837 1761 2897 Deo
1802 2835 2104 2897 institutus
2143 2846 2262 2915 est,
2302 2855 2425 2913 quo
2472 2836 2772 2915 spirituale
2813 2854 3064 2927 regnum
3110 2833 3330 2897 Christi
3367 2836 3485 2896 suit
3522 2835 3585 2895 ιιι

638 2917 772 2977 rudi
816 2917 1043 2994 populo
1086 2928 1225 2978 ante
1266 2915 1697 2994 plenitudinem
1738 2928 2078 2994 temporum
2119 2917 2560 2978 ad.umbratum
2613 2918 2770 2977 Nam
2813 2914 2989 2977 huius
3029 2916 3159 2993 typi
3196 2916 3585 2994 veritatisque

636 2996 1149 3074 contemplatione
1212 2996 1549 3057 Ecclesiam
1588 2996 1751 3057 illam
1792 3000 2148 3058 confirmare
2189 2995 2249 3057 ιιι
2294 2998 2575 3059 omnibus
2613 3014 2810 3057 rerum
2850 2995 3298 3057 difficultatibus
3340 2996 3396 3055 δι
3441 3015 3583 3057 con-

635 3078 814 3138 solari
854 3079 1125 3139 voluerat
1170 3076 1312 3138 inde
1352 3079 1388 3135 a
1426 3078 1719 3169 principio
1760 3079 1964 3155 Deus,
2009 3076 2360 3139 Abrahamo
2404 3078 2480 3138 de
2531 3096 2602 3137 ea
2641 3077 2863 3155 dicens,
2903 3079 2976 3137 In
3015 3075 3239 3137 semine
3271 3086 3376 3137 tuo
3399 3078 3582 3137 bene·

640 3157 872 3219 dicetur
934 3158 1217 3219 omnibus
1278 3156 1595 3235 gentibus:
1656 3156 1879 3218 Dauidi
1938 3160 2085 3218 vero
2137 3160 2318 3237 longe
2377 3156 2695 3235 gloriosius
2755 3158 2973 3229 multa;
3023 3168 3088 3217 vt
3131 3156 3269 3217 cum
3311 3156 3582 3249 plurimis

643 3239 981 3316 Scripturae
1026 3237 1205 3317 locis,
1268 3248 1395 3297 tum
1438 3239 1589 3299 Psal.
1634 3241 1731 3315 89.
1775 3239 2218 3299 demonstratur
2255 3238 2736 3299 luculentissime.
2779 3236 3023 3297 Etenim
3065 3238 3204 3297 cum
3245 3236 3444 3314 prisca
3482 3236 3586 3297 illa

641 3330 806 3381 aetas
848 3318 1211 3396 quibusdam
1251 3317 1437 3378 veluti
1479 3318 1781 3378 fulmentis
1823 3335 1976 3397 opus
2013 3318 2316 3393 habuerit,
2358 3329 2424 3380 vt
2461 3318 2524 3378 ιιι
2565 3315 2980 3395 expectatione
3019 3316 3240 3377 Christi
3254 3318 3388 3377 Iesu
3410 3318 3583 3377 firma

640 3399 1024 3477 consisteret,
1086 3398 1519 3490 sapientissime
1580 3400 1748 3459 Deus
1790 3398 2166 3476 prouiderat,
2209 3409 2272 3458 vt
2313 3400 2830 3490 quemadmodum
2871 3396 3186 3471 sacerdotij
3211 3440 3230 3475 ,
3278 3396 3366 3457 sic
3403 3396 3586 3457 etiam

644 3480 809 3558 regni
868 3478 1095 3542 aeterni
1155 3477 1312 3539 illius
1372 3480 1789 3539 vmbraculum
1850 3478 2096 3556 aliquod
2156 3482 2210 3539 &
2268 3478 2581 3557 vestigium
2629 3478 2690 3537 ιιι
2730 3478 2907 3538 rebus
2947 3476 3222 3538 humanis
3263 3476 3579 3537 existeret:

642 3579 825 3638 quam
887 3562 967 3621 acl
1020 3580 1145 3620 rem
1204 3558 1394 3619 tribus
1446 3559 1744 3639 Iehudae,
1786 3562 1841 3621 δι
1880 3560 1944 3619 ιιι
1979 3579 2052 3619 ea
2089 3558 2442 3621 nominatim
2487 3561 2702 3619 domus
2740 3558 2993 3619 Dauidis
3032 3559 3223 3619 electa
3263 3567 3371 3617 est.
3414 3557 3580 3632 Qua

643 3651 891 3731 propter
932 3639 1043 3701 etsi
1084 3638 1359 3703 ordinem
1404 3605 1744 3717 politicum
1758 3639 1817 3700 ιιι
1860 3638 2133 3700 Ecclesia
2170 3638 2286 3699 Dei
2325 3641 2504 3731 plane
2525 3648 2767 3716 oportet
2787 3638 3078 3717 existere,
3119 3648 3223 3697 aut
3244 3636 3582 3697 Ecclesiam

644 3740 775 3783 sese
837 3720 897 3780 ιιι
954 3740 1029 3782 eo
1089 3720 1303 3782 ordine
1366 3720 1701 3797 continere,
1764 3719 2026 3797 denique
2066 3721 2318 3780 alterum
2360 3718 2631 3781 ordinem
2673 3718 2840 3779 alteri
2881 3684 3272 3779 coniunctum
3312 3735 3477 3778 esse.
3517 3716 3584 3779 id

643 3814 847 3863 tamen
889 3820 963 3861 ex
999 3803 1275 3862 hocloco
1299 3799 1747 3877 intelligendum
1772 3812 1879 3879 est,
1921 3799 2109 3861 ciuilis
2128 3799 2302 3861 huius
2322 3798 2549 3861 ordinis
2568 3818 2694 3861 non
2715 3810 2840 3859 tam
2859 3801 2927 3878 (f.
2952 3802 3092 3875 721)
3114 3807 3359 3891 propter
3376 3815 3584 3858 neces-

644 3884 877 3945 sitatem
920 3880 1101 3959 ipsius
1143 3880 1511 3942 mentionem
1552 3883 1675 3942 hoc
1714 3882 1853 3943 loco
1894 3883 2112 3941 factam
2116 3886 2331 3973 (quae
2369 3892 2571 3941 tamen
2613 3896 2843 3941 summa
2885 3891 2976 3940 est
3014 3878 3358 3955 necessitas)
3396 3880 3583 3955 quarn

642 3972 889 4043 propter
927 3972 1137 4041 typum
1170 3964 1209 4022 a
1248 3962 1387 4021 Deo
1428 3960 1792 4041 institutum,
1831 3970 1895 4023 vt
1935 3962 2397 4041 promisslonum
2438 3978 2678 4022 suarum
2725 3960 2802 4020 de
2843 3978 3028 4041 regno
3069 3958 3356 4039 spirituali
3393 3967 3582 4019 aeter-

3373 4046 3578 4117 noque
