3923 4875
42 837 49 866 *⁹
42 769 47 798 -“·
42 565 53 702 ν-ῡ-’.α-ι-
42 503 50 542 .-
42 399 59 460 3-
42 317 59 378 -π
42 249 63 296 -
42 173 63 214 -

1556 0 2346 20 ---------------
3302 0 3422 40 ἧδ’

487 130 726 198 infirmo
760 134 963 216 captui
996 143 1208 198 nostro
1246 135 1708 200 accommodam
1747 155 1842 200 res
1882 135 2216 216 spirituales
2255 135 2612 218 accipimus,
2655 138 2972 200 adumbrat
3010 137 3276 202 actiones
3296 156 3431 202 suas

488 215 898 294 corporalibus
936 214 1358 279 instrumentis,
1395 219 1583 278 Pedes
1621 215 1798 309 igitur
1837 221 2066 296 nostri,
2105 217 2382 297 inquiunt
2395 263 2414 299 ,
2455 228 2596 280 sunt
2631 223 2993 282 consistentes
3007 266 3024 300 ,
3046 219 3082 280 i.
3105 231 3432 300 perstamus

488 297 551 358 in
593 296 865 359 Ecclesia
903 295 1053 376 Dei,
1093 297 1169 358 ad
1210 314 1391 374 quam
1411 313 1819 376 peruemmus,
1839 309 1905 359 vt
1926 299 2322 378 praecedente
2345 317 2518 360 versu
2543 299 2650 360 suit
2670 299 3020 378 expositum.
3059 301 3140 362 Et
3157 298 3431 379 quamuis

492 377 749 440 subinde
786 377 991 440 nostra
1029 377 1298 457 ipsorum
1336 377 1675 440 infirmitate
1712 381 1769 440 δι
1810 377 2006 440 aliena
2045 379 2364 442 occasione
2402 382 2682 457 factoque
2716 380 3090 460 impellamur
3103 428 3121 462 ,
3139 383 3199 443 δι
3218 399 3430 461 prope-

494 459 745 520 modum
808 459 889 520 de
944 457 1125 520 beata
1185 457 1287 518 illa
1348 459 1523 538 sede,
1576 469 1865 536 quantum
1922 458 1984 520 in
2037 458 2216 520 nobis
2272 471 2393 540 est,
2443 460 2812 538 deiiciamur,
2852 471 3054 524 tamen
3093 461 3430 542 experimur

486 538 741 600 subinde
781 538 963 600 etiam
1002 557 1115 600 nos
1156 536 1219 598 in
1256 540 1394 600 Deo
1436 539 1493 599 δι
1532 538 1595 600 in
1632 537 1908 601 Ecclesia
1946 539 2074 602 eius
2095 540 2467 621 confirmari,
2487 558 2610 621 quo
2631 540 2880 604 nomine
2898 541 3224 622 gloriamur
3246 542 3424 605 etiam

490 617 552 680 in
594 618 804 680 mediis
842 617 1063 681 nostris
1101 618 1541 682 afflictionibus.

570 700 779 776 Itaque
838 699 901 759 in
958 701 1265 762 locutione
1323 699 1439 761 hat:
1460 745 1477 776 ,
1535 701 1723 762 Pedes
1781 703 1978 762 nostri
2033 703 2434 780 consistentes,
2496 699 2708 762 reuera
2759 704 2894 782 plus
2933 701 3114 784 inest,
3154 704 3338 782 quam
3379 703 3428 764 si

490 776 719 840 dictum
777 779 982 841 fuisset
1042 783 1079 840 e
1128 777 1239 858 piis
1290 779 1665 858 simpliciter,
1715 780 2054 842 Consistunt
2073 783 2254 860 pedes
2293 785 2512 861 nostri,
2553 784 3062 860 quemadmodum
3110 783 3428 846 Hebraeae

490 858 731 939 linguae
790 877 899 922 vsu
964 861 1408 922 demonstratur
1460 861 1695 938 passim.
1758 863 1917 923 Nam
1956 860 2216 939 primum
2257 871 2546 924 testantur
2583 863 2664 940 pij
2707 864 2930 925 factum
2969 881 3172 943 suum,
3210 863 3430 926 deinde

491 940 849 1002 tentationes
904 956 1070 1020 suas,
1110 960 1183 1000 ac
1224 945 1527 1019 postremo
1566 941 1829 1002 studium
1870 960 1996 1020 quo
2037 941 2465 1005 tentationibus
2505 943 2798 1004 obsistunt
2836 943 2900 1005 in
2935 943 3224 1006 Domino·
3280 945 3426 1005 Fac-

488 1029 619 1082 tum
658 1037 831 1082 suum
872 1021 993 1083 hoc
1032 1040 1162 1082 esse
1194 1021 1595 1100 pronunciant
1611 1067 1628 1099 ,
1670 1023 1835 1098 quod
1875 1023 2010 1083 freti
2048 1021 2264 1086 virtute
2303 1023 2564 1086 Iehouae
2611 1022 2740 1102 (qui
2779 1026 3035 1087 formam
3056 1023 3426 1086 essentialem

491 1099 795 1161 Ecclesiae
834 1103 891 1163 δι
932 1101 1217 1162 membris
1256 1101 1412 1164 illius
1456 1101 1607 1163 indit
1646 1100 1894 1180 Spiritus
1934 1101 2026 1164 sui
2070 1102 2638 1179 communicatione)
2678 1123 2742 1166 se
2781 1103 2843 1166 in
2865 1105 3135 1166 Ecclesia
3154 1107 3210 1167 δι
3232 1107 3420 1167 domo

496 1180 612 1242 Dei
651 1181 905 1243 viuentis
938 1180 1279 1261 continent,
1318 1183 1397 1242 ad
1440 1201 1623 1260 quam
1662 1181 1946 1260 singulari
1985 1183 2171 1262 gratia
2212 1182 2364 1246 illius
2403 1183 2635 1277 vocati,
2671 1185 2918 1246 adducti
2936 1230 2954 1263 ,
2993 1187 3050 1246 δι
3081 1184 3430 1264 agglutinati

496 1271 668 1340 sunt,
708 1270 774 1320 vt
812 1260 1049 1323 immoti
1085 1261 1146 1323 in
1190 1281 1261 1322 ea
1298 1263 1615 1342 haereant,
1648 1272 1935 1340 tanquam
1955 1263 2340 1342 superstructi
2360 1265 2596 1326 salutari
2613 1263 2698 1326 illi
2715 1276 2950 1343 petrae,
2971 1265 3138 1326 cuius
3159 1265 3428 1326 Christus

492 1341 667 1402 Matt.
738 1344 827 1402 16.
878 1345 969 1402 18.
1014 1345 1071 1403 δι
1110 1344 1325 1404 Paulus
1376 1363 1427 1404 1.
1471 1343 1615 1406 Cor.
1665 1363 1757 1404 ro.
1794 1363 1855 1419 4.
1912 1343 2326 1406 meminerunt.
2385 1343 2774 1407 Tentationes
2821 1357 2960 1407 sunt
3005 1364 3130 1408 non
3180 1346 3424 1424 quidem

494 1419 724 1484 disertis
762 1421 961 1483 verbis
1003 1441 1349 1500 expressae,
1390 1423 1499 1484 sed
1535 1423 1652 1484 hac
1688 1425 1980 1502 loquendi
2019 1423 2274 1485 formula
2311 1423 2491 1486 tacite
2531 1425 3030 1506 comprehensae,
3070 1427 3236 1505 quod
3268 1425 3424 1488 intus

496 1503 553 1563 δι
595 1501 739 1563 foris
776 1501 839 1562 in
878 1501 1013 1582 pios
1054 1503 1283 1564 irruunt
1321 1502 1485 1565 mille
1523 1503 1940 1581 incommoda,
1980 1505 2196 1583 quibus
2235 1507 2312 1567 ab
2352 1505 2456 1566 illa
2493 1505 2746 1568 statione
2775 1507 3078 1568 deturbari
3097 1515 3341 1586 possent
3359 1506 3420 1568 in

492 1597 673 1659 quam
716 1581 907 1660 gratia
955 1583 1073 1644 Dei
1110 1583 1381 1662 perducti
1420 1593 1585 1660 sunt,
1630 1585 1857 1662 absque
1896 1587 2034 1646 Deo
2075 1596 2272 1647 essent
2315 1584 2550 1647 vindice
2571 1585 2854 1665 ipsorum.
2895 1589 3054 1648 Nam
3092 1598 3156 1649 vt
3193 1585 3424 1648 homini

492 1661 597 1739 qui
654 1672 818 1724 totus
877 1663 1143 1726 infirmus
1203 1675 1321 1741 est,
1371 1663 1551 1726 etiam
1605 1664 1843 1727 infirmo
1894 1665 2152 1758 pedibus
2167 1712 2184 1738 ,
2237 1665 2286 1728 si
2325 1667 2712 1728 aduersentur
2751 1669 2945 1730 solum
2984 1665 3281 1730 lubricum
3320 1677 3426 1730 aut

489 1761 670 1804 arena
724 1745 910 1805 fluens
962 1754 1142 1822 atque
1184 1743 1498 1825 instabilis,
1558 1755 1756 1808 aestus
1796 1747 1980 1825 Solis,
2022 1744 2242 1808 imbres
2257 1791 2274 1826 ,
2313 1748 2646 1825 procellae,
2687 1747 2880 1826 venti,
2921 1748 3126 1810 omnia
3163 1746 3422 1827 denique

492 1821 859 1904 obstiterint,
920 1823 1191 1886 conditio
1252 1823 1376 1886 eius
1434 1824 1497 1886 in
1536 1823 1668 1904 ipso
1728 1836 1819 1886 est
1871 1825 2251 1889 miserabilis:
2303 1827 2387 1888 ita
2435 1826 2569 1906 pios
2584 1872 2603 1908 ,
2652 1828 2800 1889 dum
2851 1827 2954 1889 hic
2993 1838 3162 1908 sunt,
3200 1828 3422 1890 versari

490 1912 727 1966 constat
776 1902 841 1965 in
888 1903 1163 1966 Ecclesia
1212 1902 1329 1966 Dei
1384 1902 1629 1968 infestos
1674 1905 2066 1986 grauissimis,
2107 1905 2663 1983 innumerabilibus,
2705 1927 2777 1970 ac
2819 1907 3232 1971 diuersissimis
3269 1911 3421 1972 cala·

490 1981 823 2064 mitatibus;
862 1984 1147 2048 aduersus
1187 2001 1337 2062 quas
1376 1985 1492 2048 sibi
1530 1985 1644 2065 ipsi
1681 1997 1982 2065 nequeant
2021 1988 2394 2066 prospicere,
2437 1989 2544 2050 sed
2585 1999 2817 2050 tantum
2856 1988 3086 2051 fortiter
3112 1992 3234 2051 fixo
3266 1988 3422 2069 pede

488 2061 553 2125 id
590 2063 707 2126 sibi
745 2073 1007 2126 statuant
1042 2065 1437 2128 laborandum
1452 2111 1471 2145 ,
1506 2085 1585 2128 ne
1626 2067 2060 2128 demoueantur
2098 2069 2174 2130 de
2213 2087 2290 2130 eo
2327 2069 2470 2130 loco
2514 2067 2615 2130 vbi
2655 2071 2928 2132 fruuntur
2956 2069 3289 2148 praesentia
3303 2069 3420 2132 Dei

486 2140 651 2223 ipsos
710 2145 1136 2208 confirmantis.
1195 2146 1363 2208 Hoc.
1424 2166 1487 2208 n.
1552 2146 1667 2208 sibi
1719 2148 1903 2209 verba
1952 2148 2054 2210 illa
2108 2149 2346 2228 volunt,
2399 2151 2587 2211 Pedes
2625 2153 2820 2211 nostri
2849 2159 2992 2212 sunt
3023 2153 3417 2212 consistentes:

488 2222 737 2302 perinde
778 2235 958 2303 atque
1002 2225 1053 2288 si
1090 2224 1387 2308 dicerent3
1422 2226 1659 2305 Impelli
1698 2227 1939 2306 quidem
1987 2227 2366 2290 multifariam
2406 2229 2751 2309 grauissime
2783 2230 3242 2310 saepissimeque
3262 2230 3416 2310 ipso-

490 2319 624 2364 rum
683 2305 898 2383 pedes,
958 2307 1015 2367 81
1074 2305 1321 2384 singulis
1382 2306 1705 2369 momentis
1765 2311 1952 2386 prope
1993 2328 2122 2370 esse
2160 2319 2227 2370 vt
2265 2309 2602 2372 dilabantur
2641 2309 3206 2389 impedimentorum
3245 2311 3417 2373 vehe—

489 2383 741 2447 mentia:
805 2396 1213 2449 verumtamen
1274 2406 1339 2447 se
1395 2387 1595 2449 adhuc
1646 2389 1903 2468 pedibus
1942 2388 2128 2452 firmis
2170 2389 2520 2470 consistere,
2557 2409 2671 2453 nec
2711 2391 2890 2455 rebus
2927 2391 3223 2473 aduersis,
3262 2408 3418 2471 quae

490 2464 771 2527 infestant
811 2465 974 2545 ipsos
991 2512 1011 2546 ,
1050 2470 1145 2529 vel
1184 2468 1264 2529 ad
1303 2479 1679 2531 momentum
1718 2471 1951 2533 cedere.
1992 2470 2110 2533 His
2151 2468 2408 2549 denique
2445 2473 2624 2534 rebus
2665 2472 2897 2534 accedit
2939 2472 3198 2535 studium
3237 2472 3416 2551 illud,

490 2546 657 2623 quod
697 2545 871 2607 tertio
912 2548 1052 2609 loco
1094 2548 1431 2627 posuimus:
1476 2549 1645 2611 cuius
1682 2549 1859 2627 studij
1902 2552 2266 2613 documenta
2304 2552 2426 2614 duo
2468 2562 2632 2632 sunt,
2665 2552 2898 2615 Phrasis
2918 2571 3099 2631 quam
3119 2556 3255 2615 ante
3275 2550 3420 2615 dixi·

486 2642 651 2705 muz,
693 2628 751 2689 δι
790 2637 916 2689 tota
956 2629 1109 2689 haec
1150 2628 1509 2691 enunciatio.
1550 2632 1709 2691 Nam
1750 2629 1959 2693 Phrasi
1999 2634 2096 2694 vel
2135 2631 2442 2694 locutione
2481 2633 2762 2695 Hebraea
2803 2631 3201 2695 constantiam
3248 2650 3416 2695 suam

486 2703 551 2766 in
596 2706 807 2771 labore
866 2707 1183 2787 studioque
1238 2708 1603 2772 consistendi
1658 2710 1819 2791 apud
1872 2713 2200 2773 Dominum
2253 2714 2634 2790 profitentur:
2685 2714 3042 2775 Enunciatio
3092 2718 3236 2775 vero
3290 2724 3418 2775 tota

488 2804 825 2849 sermonem
866 2787 1071 2870 resipit
1108 2789 1421 2851 hominum
1459 2810 1599 2852 vere
1636 2802 2014 2865 sanctorum,
2053 2792 2156 2870 qui
2193 2791 2487 2855 iustificati
2526 2793 2644 2855 fide
2665 2797 2720 2855 &
2741 2794 3258 2873 pacemhabentes
3275 2810 3415 2857 cum

486 2868 623 2929 Deo
664 2866 725 2928 in
764 2868 1029 2951 Christo,
1072 2870 1251 2933 etiam
1290 2868 1411 2931 suis
1454 2871 1940 2949 oppressionibus
1981 2875 2038 2934 δι
2078 2872 2363 2965 angustiis
2401 2872 2760 2953 gloriantur,
2798 2885 2862 2937 vt
2890 2877 3218 2955 Apostolus
3248 2893 3414 2954 prae·

488 2945 727 3009 dicauit.
780 2947 1077 3011 Viderunt
1114 2968 1333 3030 nempe
1372 2962 1613 3014 sanctae
1652 2952 1789 3013 illae
1826 2952 2064 3015 animae
2103 2953 2312 3031 spiritu
2352 2952 2468 3015 Dei
2505 2964 2706 3031 actae,
2741 2954 2804 3015 id
2837 2974 2964 3017 non
3003 2974 3134 3017 esse
3173 2972 3412 3017 suarum

486 3028 739 3105 partium
755 3072 774 3108 ,
810 3040 877 3090 vt
912 3030 1139 3091 alienos
1168 3031 1351 3123 pedes
1389 3034 1803 3107 obseruarent,
1842 3046 1943 3094 aut
1983 3032 2054 3095 iis
2093 3033 2454 3096 offendicula
2493 3033 2811 3097 insidiasue
2850 3046 3170 3115 ponerent:
3207 3048 3413 3098 nonvt

483 3124 623 3188 coe,
660 3112 873 3171 contra
910 3114 1093 3189 quem
1134 3122 1319 3203 pietas
1359 3113 1416 3172 δι
1457 3112 1713 3175 charitas
1752 3111 2088 3177 Christiana
2125 3115 2332 3193 docet,
2367 3118 2645 3193 proterue
2675 3115 2738 3177 in
2755 3116 2988 3195 lapsum
3007 3115 3414 3195 impellerent:

482 3206 609 3251 non
666 3200 733 3251 vt
780 3190 1027 3253 miseros
1082 3202 1261 3253 etiam
1310 3210 1434 3253 non
1475 3192 1903 3285 intelligentes,
1942 3196 2040 3256 vel
2077 3195 2156 3255 ad
2197 3214 2260 3257 se
2297 3214 2426 3258 non
2463 3196 2841 3259 aduertentes
2881 3196 3179 3277 animum,
3217 3215 3408 3275 perse-

484 3278 807 3346 querentur
846 3269 1071 3333 infesti:
1112 3272 1221 3333 sed
1258 3272 1379 3333 hoc
1419 3271 1533 3335 sibi
1569 3276 1769 3353 potius
1806 3275 2135 3336 curandum
2177 3295 2335 3355 esse,
2375 3286 2439 3336 vt
2479 3276 2556 3337 ad
2598 3293 2739 3338 suos
2773 3278 2986 3355 pedes,
3025 3276 3067 3339 i.
3085 3276 3412 3339 institutum

482 3346 639 3411 vitae
670 3352 727 3411 &
744 3350 1267 3415 administrationis
1288 3368 1427 3417 suae
1463 3356 1861 3433 attenderent,
1892 3375 1997 3417 eos
2017 3354 2546 3417 circummunirent
2561 3360 2600 3417 ὲ
2622 3359 2798 3419 rebus
2819 3356 3098 3420 omnibus
3119 3357 3413 3438 aduersis,

482 3429 541 3490 δι
580 3446 645 3491 se
682 3430 747 3492 in
786 3430 951 3493 omni
987 3433 1157 3495 bono
1196 3435 1529 3495 secundum
1569 3436 1767 3497 Deum
1808 3438 1861 3495 δι
1904 3455 2112 3497 coram
2151 3436 2282 3514 ipso
2324 3436 2386 3497 in
2427 3436 2696 3499 Ecclesia
2730 3440 3166 3499 confirmarent.
3210 3439 3410 3515 Quem

481 3508 661 3571 finem
715 3509 765 3571 si
804 3522 1115 3574 actuosum
1155 3512 1275 3573 hoc
1314 3524 1583 3575 nostrum
1625 3517 1891 3577 seculum
1931 3528 2069 3577 ante
2108 3520 2320 3578 oculos
2359 3516 2581 3577 iamdiu
2621 3518 3028 3597 proposuisset
3065 3518 3208 3597 sibi,
3249 3522 3411 3581 certe

480 3596 571 3650 tot
630 3591 875 3653 funestis
934 3592 1103 3655 malis
1163 3592 1387 3655 iamdiu
1441 3596 1724 3657 caruisset
1784 3597 2070 3676 mundus,
2131 3600 2188 3659 δι
2237 3596 2482 3659 feliciter
2529 3596 2802 3660 Ecclesia
2849 3598 3186 3660 increscens
3235 3602 3410 3678 aegre

480 3668 711 3732 fecisset
754 3672 1003 3733 Satanae
1045 3676 1101 3736 δι
1142 3674 1605 3737 sceleratissimis
1644 3676 2002 3739 administris
2044 3676 2190 3741 eiuS.
2229 3678 2324 3739 De
2361 3678 2814 3757 perseuerantiis
2852 3679 3138 3758 diximus;
3177 3679 3295 3739 iam
3331 3679 3410 3739 de

480 3750 671 3842 altero
708 3750 813 3844 illo
854 3770 1035 3894 quiem
1072 3754 1495 3835 proposuimus
1533 3759 1703 3838 loco,
1740 3756 1820 3819 de
1858 3758 2106 3839 finibuS,
2145 3758 2420 3838 inquam,
2453 3762 2510 3821 δι
2531 3758 2794 3821 terminis
2814 3760 2894 3823 ad
2913 3757 3409 3839 perseuerantiam

482 3840 811 3895 constitutis
850 3852 911 3893 vi
952 3852 1177 3897 eamus-

558 3912 609 3971 F
608 3911 735 3974 ines
774 3913 991 3993 quibus
1029 3934 1159 3977 sese
1198 3914 1630 3995 religiosissime
1668 3916 2108 3997 perseuerantia
2148 3929 2486 3981 sanctorum
2529 3918 2824 4000 continet,
2868 3928 3281 4000 proponuntur
3314 3917 3408 3982 his

480 3990 761 4074 vocibus,
816 3998 881 4057 in
918 3999 1125 4077 portis
1164 3998 1302 4061 tuas.
1359 3998 1795 4062 Describuntur
1834 4012 2034 4061 autem
2074 4000 2418 4079 allegorice,
2456 4003 2553 4063 vel
2591 4001 2788 4081 potius
2826 4000 3052 4082 typice,
3091 4018 3405 4143 pnbdiom-

3117 4100 3180 4142 m
3285 4090 3406 4143 tate
