3923 4875
1412 1140 2234 1215 TRACTATUS

1142 1337 1297 1404 DE
1364 1338 1695 1408 VERA
1760 1338 2504 1407 THEOLOGIA.

1569 1773 1621 1834 C
1641 1775 1699 1833 A
1723 1776 1770 1832 P
1790 1775 1847 1832 V
1866 1777 1923 1834 T
1985 1776 2032 1833 Ι.

1506 1955 1605 2014 An
1655 1955 1736 2012 sit
1774 1951 2120 2027 Theo‘logia.

428 2123 691 2183 Drcrvru
731 2123 808 2184 de
849 2121 1211 2202 Theologia‚
1261 2121 1567 2183 communi
1607 2125 1883 2184 thesauro
1924 2121 2160 2184 diuinae
2200 2128 2256 2184 δι
2298 2125 2562 2184 salutaris
2602 2123 2962 2202 Sapientiae,
3015 2125 3271 2202 primurn

347 2205 541 2264 Deum
602 2203 893 2294 optimum
951 2203 1273 2263 maximum
1288 2247 1307 2282 ,
1363 2205 1403 2263 a
1450 2223 1583 2295 'quo
1644 2204 1836 2264 omnis
1896 2204 2192 2282 Sapientia
2251 2207 2307 2264 δι
2356 2203 2600 2265 donatio
2654 2206 2815 2265 bona
2855 2205 3239 2282 proficiscitur
3255 2249 3272 2295 2

348 2299 585 2344 oramus
630 2281 954 2375 supplices,
997 2293 1065 2342 vt
1099 2283 1160 2343 in
1200 2282 1571 2344 sanctissimo
1608 2285 1729 2344 hoc
1766 2291 2118 2362 argumento
2159 2285 2504 2361 praelucere
2543 2281 2816 2360 dignetur
2846 2283 3022 2344 nobis
3050 2285 3273 2344 aeterni

346 2363 589 2443 Spiritus
628 2362 719 2423 sui
756 2363 923 2444 luce,
966 2367 1021 2424 δι
1060 2380 1173 2424 nos
1210 2361 1271 2422 in
1314 2380 1557 2423 omnem
1597 2364 1904 2424 veritatem
1942 2363 2267 2436 deducere,
2303 2382 2378 2424 ex
2407 2364 2797 2442 promissione
2831 2382 2934 2423 sua
2951 2364 3013 2423 in
3035 2361 3272 2424 Christo

343 2446 513 2506 Iesu:
552 2443 787 2504 Deinde
826 2448 1002 2517 vero,
1041 2453 1107 2503 vt
1145 2442 1195 2505 si
1235 2444 1379 2520 quid
1417 2464 1525 2521 per
1562 2443 1677 2505 Dei
1715 2442 2196 2505 benedictionem
2236 2445 2298 2504 in
2315 2446 2432 2504 hac
2471 2462 2648 2503 causa
2667 2444 2986 2505 adferimus
3006 2442 3272 2504 salutaris

343 2528 401 2585 δι
458 2525 636 2603 boni,
698 2523 967 2585 eamdem
1006 2521 1487 2585 benedictionem
1526 2542 1694 2585 suam
1733 2523 2012 2585 omnibus
2051 2523 2122 2585 iis
2160 2525 2262 2602 qui
2299 2523 2770 2584 lucubrationem
2809 2524 2966 2584 hanc
3004 2532 3270 2585 nostram

342 2606 551 2665 lecturi
609 2612 776 2682 sunt,
815 2604 1087 2665 exhibeat
1125 2605 1467 2664 salutarem.
1511 2609 1631 2682 quo
1672 2605 1881 2697 gloria
1896 2603 2077 2683 ipsius
2115 2604 2178 2663 in
2217 2603 2391 2666 nobis
2433 2602 2708 2665 omnibus
2747 2602 3016 2696 stabiliri,
3062 2608 3118 2663 δι
3158 2620 3272 2663 nos

342 2683 405 2744 in
430 2682 564 2763 ipso
598 2684 891 2775 possimus
921 2701 1264 2763 augescere,
1301 2682 1499 2745 donec
1532 2682 2016 2746 assur-texerimus
2049 2684 2110 2744 in
2145 2693 2424 2745 staturam
2456 2684 2617 2744 illam
2635 2682 2848 2744 iustam
2868 2682 2978 2744 viri
2997 2681 3271 2763 perfecti,

344 2766 400 2825 δι
443 2762 741 2857 assequuti
779 2764 1061 2825 fuerimus
1100 2764 1607 2857 complementum
1647 2764 1883 2826 Christi.

422 2842 581 2919 Quia
615 2848 761 2905 vero
798 2843 861 2903 in
902 2842 1069 2907 omni
1107 2862 1171 2903 re
1211 2860 1365 2920 quae
1408 2844 1618 2921 agitur
1638 2844 1895 2935 primurn
1934 2843 2259 2905 videndum
2301 2854 2390 2905 est
2417 2852 2484 2903 vt
2504 2842 2858 2905 definiantur
2877 2861 3057 2903 voces
3075 2858 3272 2905 rerum

340 2928 396 2985 &
435 2942 528 2985 res
564 2922 812 2985 vocibus
853 2923 1239 3016 significatae,
1280 2941 1357 2984 ne
1397 2925 1551 2985 forte
1589 2927 1667 2986 ab
1710 2923 1974 2985 instituto
2016 2923 2265 2984 consilio
2307 2926 2532 2985 temere
2570 2922 2938 3015 discedatur,
2958 2932 3275 3001 vtrumque

342 3002 573 3096 paucis
604 3002 665 3065 in
722 3005 843 3065 hoc
900 3003 1093 3083 capite
1156 3003 1369 3064 facturi
1429 3022 1666 3085 sumus,
1706 3014 2027 3081 antequam
2069 3004 2146 3064 de
2187 3022 2250 3063 re
2291 3002 2420 3082 ipsa
2457 3002 2826 3064 instituamus
2868 3003 3095 3064 dicere.
3135 3022 3278 3063 nam

340 3086 453 3144 hac
512 3082 611 3145 via
668 3083 851 3145 veluti
908 3093 1121 3162 strata,
1182 3086 1238 3143 δι
1296 3085 1595 3161 patefacto
1647 3049 1819 3145 aditu
1874 3083 2200 3144 commodo
2236 3082 2332 3161 {ad
2386 3102 2484 3143 eas
2538 3101 2632 3143 res
2684 3082 2760 3143 de
2813 3084 3026 3160 quibus
3065 3082 3277 3143 dicturi

340 3181 571 3243 sumus,
611 3164 813 3225 omnia
850 3164 1093 3225 Lectori
1134 3164 1315 3241 longe
1356 3163 1727 3256 euidentiora
1769 3166 1898 3225 fore
1937 3162 2313 3225 confidimus,

415 3244 510 3305 De
569 3244 813 3305 nomine
876 3243 1074 3321 itaque
1118 3243 1356 3303 Theolo
1402 3244 1489 3304 'ae
1528 3244 1649 3305 hoc
1692 3245 1878 3305 modo
1918 3241 2254 3303 statuimus·
2327 3242 2501 3302 Thes.
2549 3262 2600 3303 1.
2649 3243 2973 3320 Theologia
3013 3252 3118 3303 aut
3152 3262 3273 3303 ser·

336 3343 553 3383 monem
613 3324 741 3383 Dei
797 3327 1011 3404 tpsius,
1071 3330 1180 3383 aut
1222 3324 1292 3381 de
1400 3326 1662 3384 ininitate
1698 3342 2016 3383 sermonem
2058 3326 2451 3399 rationemque
2491 3324 2816 3401 significat,
2854 3331 2921 3384 vt
2955 3325 3280 3401 Augustmi

332 3412 565 3465 vtamur
604 3404 829 3481 verbis,
871 3406 967 3464 lib.
1013 3408 1071 3465 8.
1112 3405 1181 3462 de
1222 3404 1383 3463 cinit.
1421 3405 1570 3481 Dei,
1611 3413 1735 3482 cap.
1785 3424 1835 3464 r.
1876 3422 1984 3462 nos
2023 3404 2092 3461 de
2109 3404 2440 3494 posteriore
2458 3404 2667 3480 stgnts
2664 3410 2792 3462 cato
2810 3405 3029 3463 dicturi
3057 3424 3271 3464 sumus.

332 3484 567 3561 Duplex
605 3483 780 3563 igitur
824 3493 913 3543 est
952 3484 1124 3544 huius
1166 3482 1423 3543 nominis
1465 3484 1842 3563 significatiO,
1884 3483 1931 3542 si
1972 3481 2049 3541 ad
2092 3492 2337 3559 etymon
2379 3482 2558 3561 ipsius
2591 3482 2990 3563 attendamus;
3027 3495 3271 3561 vtraque

334 3573 571 3641 recepta
610 3562 1045 3624 consuetudine
1084 3562 1372 3623 sermonis
1422 3564 1657 3624 Graeci.
1694 3566 1779 3623 Vt
1820 3564 1980 3625 enirn
2001 3563 2355 3651 θεοπρόπιον
2376 3565 2682 3623 oraculum
2703 3564 2977 3640 estquod
2998 3564 3272 3625 enunciat

332 3645 535 3724 Deus3
590 3646 645 3704 δι
692 3644 1051 3734 oqocqum,
1106 3641 1457 3721 significatio
1512 3660 1691 3720 quam
1731 3644 1895 3703 Deus
1936 3640 2206 3719 exhibet,
2246 3639 2332 3701 sic
2373 3642 2550 3703 etiam
2582 3642 2913 3721 Theologia
2945 3661 3145 3703 sermo
3183 3653 3271 3704 est

336 3740 515 3815 quem
517 3690 719 3784 Deus
755 3722 881 3800 ipse
924 3722 986 3782 in
1028 3724 1204 3783 rebus
1243 3723 1456 3782 creatis
1499 3724 1789 3784 enunciat.
1832 3726 2261 3783 Verumtamen
2303 3724 2486 3784 altera
2525 3723 2626 3783 illa
2663 3723 3011 3814 significatio
3053 3741 3127 3783 ex
3167 3742 3271 3783 vsu

331 3804 517 3896 magis
555 3803 733 3864 fuisse
773 3803 1005 3864 videtur
1054 3820 1289 3881 semper
1330 3804 1619 3864 sermonis
1658 3805 1909 3881 Graeci·
1950 3811 2015 3861 vt
2055 3819 2391 3862 sermonem
2431 3804 2625 3881 ipsum
2667 3803 2769 3879 qui
2809 3802 2885 3863 de
2923 3803 3058 3864 Deo
3089 3821 3270 3863 enun-

328 3884 554 3961 ciatnr,
594 3892 699 3943 aut
737 3882 1029 3943 rationem
1072 3901 1269 3943 rerum
1309 3881 1639 3944 diuinarum
1678 3884 2084 3973 intelligamus
2121 3882 2487 3973 Theologiae
2529 3882 2949 3961 appellatione:
2986 3884 3271 3959 quemad-

330 3963 583 4024 modum
612 3964 789 4024 etiam
829 3962 1183 4024 orthodoxis
1223 3962 1525 4043 Patribus,
1564 3970 1869 4037 Θεοσοφία
1910 3960 2207 4039 Sapientia
2245 3979 2440 4021 rerum
2474 3962 2804 4022 diuinarum
2827 3962 2936 4021 fuit
2955 3964 3271 4039 appellata.

332 4046 536 4121 Atque
588 4044 741 4103 haec
780 4042 1021 4119 quidem
1068 4043 1191 4104 duo
1231 4046 1311 4106 ad
1350 4008 1563 4104 iustam
1602 4045 1891 4104 Naturam
1931 4040 2300 4145 Theologiae
2339 4059 2462 4102 non
2523 4042 2718 4101 solum
2773 4042 3094 4103 conuenire
3136 4062 3272 4120 pos-

335 4132 509 4201 sunt,
546 4122 927 4183 verumetiam
968 4124 1289 4185 conuenire
1328 4142 1436 4202 per
1473 4142 1538 4185 se
1576 4127 1631 4184 δι
1672 4124 1843 4183 simul
1888 4124 2196 4200 ἁχωρίςως
2238 4139 2364 4212 esse
2401 4140 2644 4183 necesse
2675 4129 2780 4182 est.
2822 4122 2944 4182 Sed
2977 4124 3115 4199 quia
3143 4142 3267 4184 non

332 4211 533 4281 potest
570 4202 807 4280 proprie
846 4212 1087 4280 vtraque
1125 4205 1529 4284 interpretatio
1569 4204 1708 4264 huic
1746 4202 1976 4264 nomini
2019 4200 2236 4259 eodem
2277 4201 2338 4261 in
2355 4203 2494 4262 loco
2515 4200 2693 4261 tribui
2714 4205 2769 4262 &
2792 4202 3081 4263 contineri
3100 4202 3160 4263 vi
3179 4206 3269 4279 (vt

328 4284 655 4361 appellant)
695 4282 889 4373 vocis;
936 4285 1323 4361 posteriorem
1362 4284 1851 4363 significationem
1891 4281 2174 4357 deinceps
2201 4278 2553 4371 instituimus
2572 4282 2900 4361 explicare.
2922 4281 3267 4361 praesertim

328 4380 471 4423 cum
512 4364 695 4423 multa
734 4362 911 4424 etiam
948 4364 1181 4425 locutus
1220 4366 1293 4426 sit
1334 4366 1613 4446 antehac,
1648 4373 1749 4424 aut
1786 4362 1951 4442 loqui
1989 4358 2172 4439 possit
2209 4359 2270 4423 in
2292 4373 2592 4445 posterum
2625 4364 2788 4423 Deus
2805 4409 2823 4444 ,
2861 4382 3015 4441 quae
3025 4361 3110 4501 {d
3127 4362 3263 4500 tsub·

2993 4462 3020 4502 s
3085 4462 3120 4500 n
3149 4462 3263 4503 iam
