<?xml version="1.0" encoding="UTF-8"?>
<!DOCTYPE html PUBLIC "-//W3C//DTD XHTML 1.0 Transitional//EN"
    "http://www.w3.org/TR/xhtml1/DTD/xhtml1-transitional.dtd">
<html xmlns="http://www.w3.org/1999/xhtml" xml:lang="en" lang="en">
 <head>
  <title>
</title>
<meta http-equiv="Content-Type" content="text/html;charset=utf-8" />
  <meta name='ocr-system' content='tesseract 3.04.00' />
  <meta name='ocr-capabilities' content='ocr_page ocr_carea ocr_par ocr_line ocrx_word'/>
</head>
<body>
  <div class='ocr_page' id='page_1' title='image "./dfranciscijunii00junigoog_0279.png"; bbox 0 0 3923 4875; ppageno 0'>
   <div class='ocr_carea' id='block_1_1' title="bbox 584 348 2567 414">
    <p class='ocr_par' dir='ltr' id='par_1_1' title="bbox 584 348 2567 414">
     <span class='ocr_line' id='line_1_1' title="bbox 584 348 2567 414; baseline 0 -20"><span class='ocrx_word' id='word_1_1' title='bbox 584 352 694 414; x_wconf 81' lang='lat'>252</span> <span class='ocrx_word' id='word_1_2' title='bbox 1517 349 1846 394; x_wconf 69' lang='lat' dir='ltr'>THESBS</span> <span class='ocrx_word' id='word_1_3' title='bbox 1907 348 2567 394; x_wconf 66' lang='lat' dir='ltr'>rntotoolcat.</span> 
     </span>
    </p>
   </div>
   <div class='ocr_carea' id='block_1_2' title="bbox 569 509 3525 4503">
    <p class='ocr_par' dir='ltr' id='par_1_2' title="bbox 569 509 3509 1231">
     <span class='ocr_line' id='line_1_2' title="bbox 573 509 3507 592; baseline -0.001 -16"><span class='ocrx_word' id='word_1_4' title='bbox 573 524 914 592; x_wconf 90' lang='lat' dir='ltr'>moneatur,</span> <span class='ocrx_word' id='word_1_5' title='bbox 953 515 1174 576; x_wconf 72' lang='lat' dir='ltr'>Matth.</span> <span class='ocrx_word' id='word_1_6' title='bbox 1219 519 1310 575; x_wconf 88' lang='lat'>18.</span> <span class='ocrx_word' id='word_1_7' title='bbox 1358 516 1446 573; x_wconf 85' lang='lat'>16.</span> <span class='ocrx_word' id='word_1_8' title='bbox 1493 512 1659 590; x_wconf 92' lang='lat' dir='ltr'>quod</span> <span class='ocrx_word' id='word_1_9' title='bbox 1693 511 1810 573; x_wconf 88' lang='lat' dir='ltr'>etsi</span> <span class='ocrx_word' id='word_1_10' title='bbox 1847 511 2105 573; x_wconf 88' lang='lat' dir='ltr'>cuiusuis</span> <span class='ocrx_word' id='word_1_11' title='bbox 2144 511 2218 573; x_wconf 89' lang='lat' dir='ltr'>sit</span> <span class='ocrx_word' id='word_1_12' title='bbox 2256 509 2615 588; x_wconf 85' lang='lat' dir='ltr'>Christiani,</span> <span class='ocrx_word' id='word_1_13' title='bbox 2656 512 2964 590; x_wconf 86' lang='lat' dir='ltr'>speciatim</span> <span class='ocrx_word' id='word_1_14' title='bbox 3008 523 3207 574; x_wconf 88' lang='lat' dir='ltr'>tamen</span> <span class='ocrx_word' id='word_1_15' title='bbox 3256 512 3507 592; x_wconf 86' lang='lat' dir='ltr'>dirigere</span> 
     </span>
     <span class='ocr_line' id='line_1_3' title="bbox 569 591 3509 674; baseline -0.001 -18"><span class='ocrx_word' id='word_1_16' title='bbox 569 606 810 674; x_wconf 89' lang='lat' dir='ltr'><strong>oportet</strong></span> <span class='ocrx_word' id='word_1_17' title='bbox 849 595 1260 672; x_wconf 72' lang='lat' dir='ltr'>Presbyteros,</span> <span class='ocrx_word' id='word_1_18' title='bbox 1299 594 1402 671; x_wconf 92' lang='lat' dir='ltr'>qui</span> <span class='ocrx_word' id='word_1_19' title='bbox 1441 591 1746 654; x_wconf 80' lang='lat' dir='ltr'>Ecclesiae</span> <span class='ocrx_word' id='word_1_20' title='bbox 1784 603 2067 671; x_wconf 68' lang='lat' dir='ltr'>praesunt</span> <span class='ocrx_word' id='word_1_21' title='bbox 2105 591 2546 670; x_wconf 81' lang='lat' dir='ltr'><strong>gubernandae.</strong></span> <span class='ocrx_word' id='word_1_22' title='bbox 2586 591 2825 654; x_wconf 87' lang='lat' dir='ltr'>Tertius</span> <span class='ocrx_word' id='word_1_23' title='bbox 2864 593 3085 670; x_wconf 86' lang='lat' dir='ltr'>gradus</span> <span class='ocrx_word' id='word_1_24' title='bbox 3130 604 3249 671; x_wconf 91' lang='lat' dir='ltr'>est,</span> <span class='ocrx_word' id='word_1_25' title='bbox 3310 604 3406 670; x_wconf 82' lang='lat' dir='ltr'>vt,</span> <span class='ocrx_word' id='word_1_26' title='bbox 3458 595 3509 654; x_wconf 89' lang='lat' dir='ltr'>si</span> 
     </span>
     <span class='ocr_line' id='line_1_4' title="bbox 569 671 3501 753; baseline -0.001 -17"><span class='ocrx_word' id='word_1_27' title='bbox 569 677 650 735; x_wconf 90' lang='lat' dir='ltr'>ad</span> <span class='ocrx_word' id='word_1_28' title='bbox 689 676 904 736; x_wconf 86' lang='lat' dir='ltr'>horum</span> <span class='ocrx_word' id='word_1_29' title='bbox 939 691 1182 753; x_wconf 88' lang='lat' dir='ltr'>quoque</span> <span class='ocrx_word' id='word_1_30' title='bbox 1221 672 1692 735; x_wconf 84' lang='lat' dir='ltr'>admonitionem</span> <span class='ocrx_word' id='word_1_31' title='bbox 1722 673 1992 751; x_wconf 84' lang='lat' dir='ltr'>pertinax</span> <span class='ocrx_word' id='word_1_32' title='bbox 2031 676 2087 734; x_wconf 77' lang='lat' dir='ltr'>&amp;c</span> <span class='ocrx_word' id='word_1_33' title='bbox 2120 671 2355 733; x_wconf 89' lang='lat' dir='ltr'>rebellis</span> <span class='ocrx_word' id='word_1_34' title='bbox 2396 671 2599 747; x_wconf 85' lang='lat' dir='ltr'>fuerit,</span> <span class='ocrx_word' id='word_1_35' title='bbox 2640 691 2732 733; x_wconf 85' lang='lat' dir='ltr'>res</span> <span class='ocrx_word' id='word_1_36' title='bbox 2774 671 2855 732; x_wconf 91' lang='lat' dir='ltr'>ad</span> <span class='ocrx_word' id='word_1_37' title='bbox 2896 673 3230 734; x_wconf 78' lang='lat' dir='ltr'>Ecclesiam</span> <span class='ocrx_word' id='word_1_38' title='bbox 3246 718 3264 749; x_wconf 93' lang='lat'>,</span> <span class='ocrx_word' id='word_1_39' title='bbox 3303 673 3365 733; x_wconf 92' lang='lat' dir='ltr'>id</span> <span class='ocrx_word' id='word_1_40' title='bbox 3394 683 3501 752; x_wconf 72' lang='lat' dir='ltr'>est,</span> 
     </span>
     <span class='ocr_line' id='line_1_5' title="bbox 573 751 3505 834; baseline -0 -20"><span class='ocrx_word' id='word_1_41' title='bbox 573 757 1018 834; x_wconf 66' lang='grc' dir='ltr'>πρεσβυτέριον,</span> <span class='ocrx_word' id='word_1_42' title='bbox 1075 753 1404 831; x_wconf 82' lang='lat' dir='ltr'>deferatur,</span> <span class='ocrx_word' id='word_1_43' title='bbox 1463 756 1501 813; x_wconf 78' lang='lat' dir='ltr'>a</span> <span class='ocrx_word' id='word_1_44' title='bbox 1559 771 1683 832; x_wconf 91' lang='lat' dir='ltr'>quo</span> <span class='ocrx_word' id='word_1_45' title='bbox 1743 752 1834 813; x_wconf 90' lang='lat' dir='ltr'>sui</span> <span class='ocrx_word' id='word_1_46' title='bbox 1895 751 2075 829; x_wconf 77' lang='lat' dir='ltr'>officii</span> <span class='ocrx_word' id='word_1_47' title='bbox 2132 753 2584 830; x_wconf 84' lang='lat' dir='ltr'>commonefiat,</span> <span class='ocrx_word' id='word_1_48' title='bbox 2644 753 2863 814; x_wconf 74' lang='lat' dir='ltr'>Matth.</span> <span class='ocrx_word' id='word_1_49' title='bbox 2914 757 3008 830; x_wconf 87' lang='lat'>18,</span> <span class='ocrx_word' id='word_1_50' title='bbox 3054 769 3145 828; x_wconf 85' lang='lat'>17.</span> <span class='ocrx_word' id='word_1_51' title='bbox 3186 763 3505 832; x_wconf 86' lang='lat' dir='ltr'>antequam</span> 
     </span>
     <span class='ocr_line' id='line_1_6' title="bbox 572 825 3501 910; baseline -0 -15"><span class='ocrx_word' id='word_1_52' title='bbox 572 833 734 895; x_wconf 88' lang='lat' dir='ltr'>enim</span> <span class='ocrx_word' id='word_1_53' title='bbox 773 835 852 894; x_wconf 89' lang='lat' dir='ltr'>ad</span> <span class='ocrx_word' id='word_1_54' title='bbox 886 832 1570 896; x_wconf 86' lang='lat' dir='ltr'>excommunicationem</span> <span class='ocrx_word' id='word_1_55' title='bbox 1612 831 1881 894; x_wconf 76' lang='lat' dir='ltr'>veniatur</span> <span class='ocrx_word' id='word_1_56' title='bbox 1895 878 1912 909; x_wconf 91' lang='lat'>,</span> <span class='ocrx_word' id='word_1_57' title='bbox 1949 825 2182 893; x_wconf 78' lang='lat' dir='ltr'>&#39;omnes</span> <span class='ocrx_word' id='word_1_58' title='bbox 2224 831 2353 892; x_wconf 83' lang='lat' dir='ltr'>viae</span> <span class='ocrx_word' id='word_1_59' title='bbox 2392 833 2709 894; x_wconf 81' lang='lat' dir='ltr'>tentandae</span> <span class='ocrx_word' id='word_1_60' title='bbox 2744 843 2907 907; x_wconf 87' lang='lat' dir='ltr'>sunt,</span> <span class='ocrx_word' id='word_1_61' title='bbox 2948 843 3013 892; x_wconf 79' lang='lat' dir='ltr'>vt</span> <span class='ocrx_word' id='word_1_62' title='bbox 3028 877 3046 910; x_wconf 94' lang='lat'>,</span> <span class='ocrx_word' id='word_1_63' title='bbox 3090 833 3138 893; x_wconf 90' lang='lat' dir='ltr'>si</span> <span class='ocrx_word' id='word_1_64' title='bbox 3178 834 3347 894; x_wconf 88' lang='lat' dir='ltr'>saluo</span> <span class='ocrx_word' id='word_1_65' title='bbox 3387 831 3501 894; x_wconf 87' lang='lat' dir='ltr'>Dei</span> 
     </span>
     <span class='ocr_line' id='line_1_7' title="bbox 574 911 3503 992; baseline -0.001 -18"><span class='ocrx_word' id='word_1_66' title='bbox 574 915 762 974; x_wconf 84' lang='lat' dir='ltr'>verbo</span> <span class='ocrx_word' id='word_1_67' title='bbox 815 913 942 974; x_wconf 87' lang='lat' dir='ltr'>fieri</span> <span class='ocrx_word' id='word_1_68' title='bbox 1001 913 1217 992; x_wconf 85' lang='lat' dir='ltr'>possit,</span> <span class='ocrx_word' id='word_1_69' title='bbox 1275 922 1555 992; x_wconf 88' lang='lat' dir='ltr'>peccator</span> <span class='ocrx_word' id='word_1_70' title='bbox 1611 912 1673 973; x_wconf 91' lang='lat' dir='ltr'>in</span> <span class='ocrx_word' id='word_1_71' title='bbox 1731 913 2003 974; x_wconf 88' lang='lat' dir='ltr'>Ecclesia</span> <span class='ocrx_word' id='word_1_72' title='bbox 2042 911 2375 976; x_wconf 84' lang='lat' dir='ltr'>retineatur.</span> <span class='ocrx_word' id='word_1_73' title='bbox 2460 915 2531 972; x_wconf 92' lang='lat' dir='ltr'>In</span> <span class='ocrx_word' id='word_1_74' title='bbox 2570 914 2829 973; x_wconf 65' lang='lat' dir='ltr'>Publicis·</span> <span class='ocrx_word' id='word_1_75' title='bbox 2868 915 3014 973; x_wconf 78' lang='lat' dir='ltr'>vero</span> <span class='ocrx_word' id='word_1_76' title='bbox 3054 911 3315 990; x_wconf 86' lang='lat' dir='ltr'>peccatis</span> <span class='ocrx_word' id='word_1_77' title='bbox 3355 914 3503 972; x_wconf 84' lang='lat' dir='ltr'>haec</span> 
     </span>
     <span class='ocr_line' id='line_1_8' title="bbox 573 991 3503 1073; baseline -0.001 -19"><span class='ocrx_word' id='word_1_78' title='bbox 573 992 843 1073; x_wconf 87' lang='lat' dir='ltr'>gradatio</span> <span class='ocrx_word' id='word_1_79' title='bbox 883 1012 1006 1054; x_wconf 92' lang='lat' dir='ltr'>non</span> <span class='ocrx_word' id='word_1_80' title='bbox 1049 1005 1141 1056; x_wconf 86' lang='lat' dir='ltr'>est</span> <span class='ocrx_word' id='word_1_81' title='bbox 1177 993 1580 1072; x_wconf 88' lang='lat' dir='ltr'>obseruanda,</span> <span class='ocrx_word' id='word_1_82' title='bbox 1621 993 1760 1071; x_wconf 85' lang='lat' dir='ltr'>sed,</span> <span class='ocrx_word' id='word_1_83' title='bbox 1799 991 1939 1071; x_wconf 87' lang='lat' dir='ltr'>quia</span> <span class='ocrx_word' id='word_1_84' title='bbox 1957 1010 2097 1054; x_wconf 90' lang='lat' dir='ltr'>cum</span> <span class='ocrx_word' id='word_1_85' title='bbox 2118 991 2361 1071; x_wconf 90' lang='lat' dir='ltr'>publico</span> <span class='ocrx_word' id='word_1_86' title='bbox 2380 992 2744 1054; x_wconf 82' lang='lat' dir='ltr'>offendiculo</span> <span class='ocrx_word' id='word_1_87' title='bbox 2765 991 3083 1053; x_wconf 89' lang='lat' dir='ltr'>commissa</span> <span class='ocrx_word' id='word_1_88' title='bbox 3101 1002 3268 1071; x_wconf 89' lang='lat' dir='ltr'>sunt,</span> <span class='ocrx_word' id='word_1_89' title='bbox 3308 992 3503 1054; x_wconf 87' lang='lat' dir='ltr'>statim</span> 
     </span>
     <span class='ocr_line' id='line_1_9' title="bbox 571 1071 3501 1152; baseline 0 -18"><span class='ocrx_word' id='word_1_90' title='bbox 571 1075 654 1134; x_wconf 86' lang='lat' dir='ltr'>ad</span> <span class='ocrx_word' id='word_1_91' title='bbox 691 1074 996 1136; x_wconf 81' lang='lat' dir='ltr'>solennem</span> <span class='ocrx_word' id='word_1_92' title='bbox 1036 1073 1342 1135; x_wconf 72' lang='lat' dir='ltr'>Ecclesiae</span> <span class='ocrx_word' id='word_1_93' title='bbox 1381 1073 1818 1152; x_wconf 80' lang='lat' dir='ltr'>correptionem</span> <span class='ocrx_word' id='word_1_94' title='bbox 1855 1091 1932 1134; x_wconf 87' lang='lat' dir='ltr'>ex</span> <span class='ocrx_word' id='word_1_95' title='bbox 1970 1071 2311 1135; x_wconf 87' lang='lat' dir='ltr'>testimonio</span> <span class='ocrx_word' id='word_1_96' title='bbox 2335 1075 2393 1135; x_wconf 77' lang='grc' dir='ltr'>δι</span> <span class='ocrx_word' id='word_1_97' title='bbox 2410 1075 2685 1150; x_wconf 86' lang='lat' dir='ltr'>exemplo</span> <span class='ocrx_word' id='word_1_98' title='bbox 2726 1071 2895 1134; x_wconf 81' lang='lat' dir='ltr'>Pauli</span> <span class='ocrx_word' id='word_1_99' title='bbox 2930 1072 3381 1151; x_wconf 87' lang='lat' dir='ltr'>procedendum</span> <span class='ocrx_word' id='word_1_100' title='bbox 3400 1081 3501 1134; x_wconf 69' lang='lat' dir='ltr'>est.</span> 
     </span>
     <span class='ocr_line' id='line_1_10' title="bbox 582 1155 1514 1231; baseline 0.001 -18"><span class='ocrx_word' id='word_1_101' title='bbox 582 1173 637 1214; x_wconf 92' lang='lat'>1.</span> <span class='ocrx_word' id='word_1_102' title='bbox 684 1155 836 1216; x_wconf 76' lang='lat' dir='ltr'>Tim.</span> <span class='ocrx_word' id='word_1_103' title='bbox 884 1169 940 1231; x_wconf 83' lang='lat'>5.</span> <span class='ocrx_word' id='word_1_104' title='bbox 987 1175 1081 1214; x_wconf 85' lang='lat'>20.</span> <span class='ocrx_word' id='word_1_105' title='bbox 1131 1155 1272 1216; x_wconf 82' lang='lat' dir='ltr'>Gal.</span> <span class='ocrx_word' id='word_1_106' title='bbox 1318 1174 1372 1216; x_wconf 87' lang='grc'><strong>2.</strong></span> <span class='ocrx_word' id='word_1_107' title='bbox 1422 1174 1514 1228; x_wconf 88' lang='lat'>14.</span> 
     </span>
    </p>

    <p class='ocr_par' dir='ltr' id='par_1_3' title="bbox 571 1231 3503 1952">
     <span class='ocr_line' id='line_1_11' title="bbox 653 1231 3499 1313; baseline -0.001 -18"><span class='ocrx_word' id='word_1_108' title='bbox 653 1254 712 1308; x_wconf 88' lang='lat'>4.</span> <span class='ocrx_word' id='word_1_109' title='bbox 791 1237 864 1293; x_wconf 91' lang='lat' dir='ltr'>In</span> <span class='ocrx_word' id='word_1_110' title='bbox 923 1233 1309 1296; x_wconf 90' lang='lat' dir='ltr'>Correctione</span> <span class='ocrx_word' id='word_1_111' title='bbox 1349 1244 1548 1294; x_wconf 84' lang='lat' dir='ltr'>autem</span> <span class='ocrx_word' id='word_1_112' title='bbox 1587 1231 1842 1293; x_wconf 67' lang='lat' dir='ltr'>fraterna</span> <span class='ocrx_word' id='word_1_113' title='bbox 1881 1231 2324 1294; x_wconf 86' lang='lat' dir='ltr'>obseruandum</span> <span class='ocrx_word' id='word_1_114' title='bbox 2364 1242 2485 1306; x_wconf 85' lang='lat' dir='ltr'>est,</span> <span class='ocrx_word' id='word_1_115' title='bbox 2538 1242 2603 1293; x_wconf 88' lang='lat' dir='ltr'>vt</span> <span class='ocrx_word' id='word_1_116' title='bbox 2626 1235 2863 1313; x_wconf 55' lang='lat' dir='ltr'>prima,</span> <span class='ocrx_word' id='word_1_117' title='bbox 2928 1238 3001 1294; x_wconf 80' lang='lat' dir='ltr'>ex&#39;</span> <span class='ocrx_word' id='word_1_118' title='bbox 3042 1231 3326 1294; x_wconf 85' lang='lat' dir='ltr'>charitate</span> <span class='ocrx_word' id='word_1_119' title='bbox 3374 1233 3499 1292; x_wconf 86' lang='lat' dir='ltr'>fiat:</span> 
     </span>
     <span class='ocr_line' id='line_1_12' title="bbox 573 1311 3503 1393; baseline 0 -20"><span class='ocrx_word' id='word_1_120' title='bbox 573 1314 840 1393; x_wconf 82' lang='lat' dir='ltr'>secundo,</span> <span class='ocrx_word' id='word_1_121' title='bbox 881 1313 1356 1376; x_wconf 87' lang='lat' dir='ltr'>circumstantiae</span> <span class='ocrx_word' id='word_1_122' title='bbox 1386 1315 1796 1391; x_wconf 86' lang='lat' dir='ltr'>obseruentur,</span> <span class='ocrx_word' id='word_1_123' title='bbox 1863 1332 1914 1374; x_wconf 91' lang='lat'>1.</span> <span class='ocrx_word' id='word_1_124' title='bbox 1951 1311 2105 1391; x_wconf 84' lang='lat' dir='ltr'>loci,</span> <span class='ocrx_word' id='word_1_125' title='bbox 2146 1330 2222 1372; x_wconf 88' lang='lat' dir='ltr'>ne</span> <span class='ocrx_word' id='word_1_126' title='bbox 2262 1312 2430 1390; x_wconf 91' lang='lat' dir='ltr'>quod</span> <span class='ocrx_word' id='word_1_127' title='bbox 2468 1313 2533 1372; x_wconf 91' lang='lat' dir='ltr'>in</span> <span class='ocrx_word' id='word_1_128' title='bbox 2571 1313 2811 1373; x_wconf 90' lang='lat' dir='ltr'>occulto</span> <span class='ocrx_word' id='word_1_129' title='bbox 2851 1313 3239 1374; x_wconf 87' lang='lat' dir='ltr'>commissum</span> <span class='ocrx_word' id='word_1_130' title='bbox 3276 1323 3399 1386; x_wconf 83' lang='lat' dir='ltr'>est,</span> <span class='ocrx_word' id='word_1_131' title='bbox 3445 1313 3503 1373; x_wconf 89' lang='lat' dir='ltr'>in</span> 
     </span>
     <span class='ocr_line' id='line_1_13' title="bbox 573 1389 3499 1473; baseline -0.001 -21"><span class='ocrx_word' id='word_1_132' title='bbox 573 1392 814 1469; x_wconf 90' lang='lat' dir='ltr'>publico</span> <span class='ocrx_word' id='word_1_133' title='bbox 853 1405 1150 1473; x_wconf 84' lang='lat' dir='ltr'>arguatur.</span> <span class='ocrx_word' id='word_1_134' title='bbox 1195 1415 1248 1456; x_wconf 86' lang='lat'>2.</span> <span class='ocrx_word' id='word_1_135' title='bbox 1287 1392 1600 1473; x_wconf 88' lang='lat' dir='ltr'>temporis,</span> <span class='ocrx_word' id='word_1_136' title='bbox 1639 1391 1822 1471; x_wconf 88' lang='lat' dir='ltr'>idque</span> <span class='ocrx_word' id='word_1_137' title='bbox 1863 1411 1975 1471; x_wconf 89' lang='lat' dir='ltr'>pro</span> <span class='ocrx_word' id='word_1_138' title='bbox 2012 1391 2241 1454; x_wconf 89' lang='lat' dir='ltr'>ratione</span> <span class='ocrx_word' id='word_1_139' title='bbox 2278 1390 2505 1472; x_wconf 83' lang='lat' dir='ltr'>delicti,</span> <span class='ocrx_word' id='word_1_140' title='bbox 2544 1402 2609 1453; x_wconf 87' lang='lat' dir='ltr'>vt</span> <span class='ocrx_word' id='word_1_141' title='bbox 2640 1393 2761 1453; x_wconf 90' lang='lat' dir='ltr'>hoc</span> <span class='ocrx_word' id='word_1_142' title='bbox 2798 1389 2996 1452; x_wconf 89' lang='lat' dir='ltr'>statim</span> <span class='ocrx_word' id='word_1_143' title='bbox 3038 1396 3103 1452; x_wconf 73' lang='grc' dir='ltr'>ἐν</span> <span class='ocrx_word' id='word_1_144' title='bbox 3140 1392 3499 1471; x_wconf 69' lang='grc' dir='ltr'><strong><em>αὐτοφώρῳ,</em></strong></span> 
     </span>
     <span class='ocr_line' id='line_1_14' title="bbox 571 1471 3499 1553; baseline -0.001 -21"><span class='ocrx_word' id='word_1_145' title='bbox 571 1473 718 1535; x_wconf 82' lang='lat' dir='ltr'>illud</span> <span class='ocrx_word' id='word_1_146' title='bbox 763 1483 899 1550; x_wconf 85' lang='lat' dir='ltr'>post</span> <span class='ocrx_word' id='word_1_147' title='bbox 935 1477 1157 1536; x_wconf 83' lang='lat' dir='ltr'>factum</span> <span class='ocrx_word' id='word_1_148' title='bbox 1195 1472 1548 1553; x_wconf 88' lang='lat' dir='ltr'>corripiatur</span> <span class='ocrx_word' id='word_1_149' title='bbox 1562 1519 1579 1553; x_wconf 94' lang='lat'>,</span> <span class='ocrx_word' id='word_1_150' title='bbox 1612 1473 1828 1534; x_wconf 85' lang='lat' dir='ltr'>frustra</span> <span class='ocrx_word' id='word_1_151' title='bbox 1863 1471 2025 1534; x_wconf 89' lang='lat' dir='ltr'>enim</span> <span class='ocrx_word' id='word_1_152' title='bbox 2056 1471 2256 1533; x_wconf 90' lang='lat' dir='ltr'>ebrius</span> <span class='ocrx_word' id='word_1_153' title='bbox 2300 1471 2599 1534; x_wconf 89' lang='lat' dir='ltr'>ebrietatis</span> <span class='ocrx_word' id='word_1_154' title='bbox 2637 1471 3031 1534; x_wconf 86' lang='lat' dir='ltr'>accusabitur.</span> <span class='ocrx_word' id='word_1_155' title='bbox 3073 1491 3130 1548; x_wconf 85' lang='lat'>3.</span> <span class='ocrx_word' id='word_1_156' title='bbox 3175 1489 3499 1548; x_wconf 80' lang='lat' dir='ltr'>personae,</span> 
     </span>
     <span class='ocr_line' id='line_1_15' title="bbox 575 1549 3503 1633; baseline -0.002 -19"><span class='ocrx_word' id='word_1_157' title='bbox 575 1569 729 1630; x_wconf 90' lang='lat' dir='ltr'>quae</span> <span class='ocrx_word' id='word_1_158' title='bbox 765 1553 814 1614; x_wconf 91' lang='lat' dir='ltr'>si</span> <span class='ocrx_word' id='word_1_159' title='bbox 848 1554 1116 1633; x_wconf 88' lang='lat' dir='ltr'>superior</span> <span class='ocrx_word' id='word_1_160' title='bbox 1144 1553 1247 1631; x_wconf 88' lang='lat' dir='ltr'>sit,</span> <span class='ocrx_word' id='word_1_161' title='bbox 1287 1552 1612 1615; x_wconf 90' lang='lat' dir='ltr'>modestius</span> <span class='ocrx_word' id='word_1_162' title='bbox 1625 1597 1644 1632; x_wconf 94' lang='lat'>,</span> <span class='ocrx_word' id='word_1_163' title='bbox 1685 1571 1762 1612; x_wconf 92' lang='lat' dir='ltr'>ne</span> <span class='ocrx_word' id='word_1_164' title='bbox 1799 1553 2133 1613; x_wconf 88' lang='lat' dir='ltr'>collabatur</span> <span class='ocrx_word' id='word_1_165' title='bbox 2170 1551 2429 1613; x_wconf 88' lang='lat' dir='ltr'>hominis</span> <span class='ocrx_word' id='word_1_166' title='bbox 2464 1551 2843 1614; x_wconf 71' lang='lat' dir='ltr'>auctoritatas</span> <span class='ocrx_word' id='word_1_167' title='bbox 2858 1596 2877 1629; x_wconf 91' lang='lat'>,</span> <span class='ocrx_word' id='word_1_168' title='bbox 2939 1554 2996 1613; x_wconf 75' lang='grc' dir='ltr'>δι</span> <span class='ocrx_word' id='word_1_169' title='bbox 3036 1549 3338 1612; x_wconf 84' lang='lat' dir='ltr'>vocationi</span> <span class='ocrx_word' id='word_1_170' title='bbox 3380 1549 3503 1610; x_wconf 89' lang='lat' dir='ltr'>illu·</span> 
     </span>
     <span class='ocr_line' id='line_1_16' title="bbox 575 1630 3503 1715; baseline -0.001 -23"><span class='ocrx_word' id='word_1_171' title='bbox 575 1633 778 1693; x_wconf 89' lang='lat' dir='ltr'>datur:</span> <span class='ocrx_word' id='word_1_172' title='bbox 839 1632 889 1694; x_wconf 90' lang='lat' dir='ltr'>si</span> <span class='ocrx_word' id='word_1_173' title='bbox 929 1633 1197 1715; x_wconf 85' lang='lat' dir='ltr'>inferior,</span> <span class='ocrx_word' id='word_1_174' title='bbox 1257 1633 1450 1695; x_wconf 88' lang='lat' dir='ltr'>acrius</span> <span class='ocrx_word' id='word_1_175' title='bbox 1489 1635 1546 1694; x_wconf 77' lang='grc' dir='ltr'>δι</span> <span class='ocrx_word' id='word_1_176' title='bbox 1585 1632 1827 1694; x_wconf 90' lang='lat' dir='ltr'>liberius</span> <span class='ocrx_word' id='word_1_177' title='bbox 1840 1678 1858 1710; x_wconf 94' lang='lat'>,</span> <span class='ocrx_word' id='word_1_178' title='bbox 1893 1631 2251 1694; x_wconf 86' lang='lat' dir='ltr'>instituenda</span> <span class='ocrx_word' id='word_1_179' title='bbox 2282 1641 2373 1694; x_wconf 92' lang='lat' dir='ltr'>est</span> <span class='ocrx_word' id='word_1_180' title='bbox 2412 1633 2736 1693; x_wconf 89' lang='lat' dir='ltr'>correctio:</span> <span class='ocrx_word' id='word_1_181' title='bbox 2779 1633 2949 1694; x_wconf 70' lang='lat' dir='ltr'>ter-tib</span> <span class='ocrx_word' id='word_1_182' title='bbox 2964 1677 2981 1710; x_wconf 91' lang='lat'>,</span> <span class='ocrx_word' id='word_1_183' title='bbox 3023 1631 3303 1708; x_wconf 88' lang='lat' dir='ltr'>patientia</span> <span class='ocrx_word' id='word_1_184' title='bbox 3342 1630 3503 1690; x_wconf 89' lang='lat' dir='ltr'>adhi-</span> 
     </span>
     <span class='ocr_line' id='line_1_17' title="bbox 577 1708 3502 1794; baseline -0.001 -20"><span class='ocrx_word' id='word_1_185' title='bbox 577 1715 813 1792; x_wconf 89' lang='lat' dir='ltr'>beatur,</span> <span class='ocrx_word' id='word_1_186' title='bbox 872 1715 930 1775; x_wconf 76' lang='grc' dir='ltr'>δι</span> <span class='ocrx_word' id='word_1_187' title='bbox 989 1713 1144 1776; x_wconf 88' lang='lat' dir='ltr'>absit</span> <span class='ocrx_word' id='word_1_188' title='bbox 1200 1711 1638 1794; x_wconf 86' lang='lat' dir='ltr'>praecipitatio:</span> <span class='ocrx_word' id='word_1_189' title='bbox 1694 1715 1910 1790; x_wconf 62' lang='lat' dir='ltr'>quart&amp;</span> <span class='ocrx_word' id='word_1_190' title='bbox 1924 1758 1941 1789; x_wconf 93' lang='lat'>,</span> <span class='ocrx_word' id='word_1_191' title='bbox 2008 1711 2388 1773; x_wconf 85' lang='lat' dir='ltr'>rnediocritas</span> <span class='ocrx_word' id='word_1_192' title='bbox 2424 1721 2693 1774; x_wconf 86' lang='lat' dir='ltr'>seruetur</span> <span class='ocrx_word' id='word_1_193' title='bbox 2706 1759 2725 1792; x_wconf 91' lang='lat'>,</span> <span class='ocrx_word' id='word_1_194' title='bbox 2786 1730 2863 1772; x_wconf 91' lang='lat' dir='ltr'>ne</span> <span class='ocrx_word' id='word_1_195' title='bbox 2902 1722 3003 1772; x_wconf 90' lang='lat' dir='ltr'>aut</span> <span class='ocrx_word' id='word_1_196' title='bbox 3042 1709 3225 1771; x_wconf 65' lang='lat' dir='ltr'>nimia</span> <span class='ocrx_word' id='word_1_197' title='bbox 3264 1708 3502 1770; x_wconf 85' lang='lat' dir='ltr'>lenitate</span> 
     </span>
     <span class='ocr_line' id='line_1_18' title="bbox 579 1789 3503 1873; baseline 0 -21"><span class='ocrx_word' id='word_1_198' title='bbox 579 1791 722 1854; x_wconf 86' lang='lat' dir='ltr'>vitia</span> <span class='ocrx_word' id='word_1_199' title='bbox 778 1794 1122 1873; x_wconf 80' lang='lat' dir='ltr'>foueantur,</span> <span class='ocrx_word' id='word_1_200' title='bbox 1181 1804 1285 1854; x_wconf 89' lang='lat' dir='ltr'>aut</span> <span class='ocrx_word' id='word_1_201' title='bbox 1339 1792 1522 1854; x_wconf 90' lang='lat' dir='ltr'>nimia</span> <span class='ocrx_word' id='word_1_202' title='bbox 1567 1791 1876 1854; x_wconf 82' lang='lat' dir='ltr'>severitate</span> <span class='ocrx_word' id='word_1_203' title='bbox 1925 1791 2197 1853; x_wconf 66' lang='lat' dir='ltr'>homines</span> <span class='ocrx_word' id='word_1_204' title='bbox 2238 1793 2319 1853; x_wconf 89' lang='lat' dir='ltr'>ad</span> <span class='ocrx_word' id='word_1_205' title='bbox 2358 1793 2609 1854; x_wconf 89' lang='lat' dir='ltr'>salutem</span> <span class='ocrx_word' id='word_1_206' title='bbox 2648 1810 2771 1854; x_wconf 91' lang='lat' dir='ltr'>non</span> <span class='ocrx_word' id='word_1_207' title='bbox 2811 1791 3183 1854; x_wconf 88' lang='lat' dir='ltr'>adducantur</span> <span class='ocrx_word' id='word_1_208' title='bbox 3196 1835 3215 1868; x_wconf 86' lang='lat'>,</span> <span class='ocrx_word' id='word_1_209' title='bbox 3281 1789 3388 1850; x_wconf 85' lang='lat' dir='ltr'>sed</span> <span class='ocrx_word' id='word_1_210' title='bbox 3428 1792 3503 1852; x_wconf 88' lang='lat' dir='ltr'>ab</span> 
     </span>
     <span class='ocr_line' id='line_1_19' title="bbox 580 1872 2295 1952; baseline -0.001 -18"><span class='ocrx_word' id='word_1_211' title='bbox 580 1872 652 1934; x_wconf 61' lang='lat' dir='ltr'>ea</span> <span class='ocrx_word' id='word_1_212' title='bbox 691 1873 1080 1935; x_wconf 82' lang='lat' dir='ltr'>abducantur.</span> <span class='ocrx_word' id='word_1_213' title='bbox 1123 1875 1299 1936; x_wconf 85' lang='lat' dir='ltr'>Haec</span> <span class='ocrx_word' id='word_1_214' title='bbox 1341 1875 1410 1933; x_wconf 81' lang='lat' dir='ltr'>de</span> <span class='ocrx_word' id='word_1_215' title='bbox 1439 1873 1642 1950; x_wconf 60' lang='lat' dir='ltr'>prima</span> <span class='ocrx_word' id='word_1_216' title='bbox 1680 1873 2065 1952; x_wconf 66' lang='lat' dir='ltr'>Disciplina-e</span> <span class='ocrx_word' id='word_1_217' title='bbox 2090 1880 2295 1951; x_wconf 84' lang='lat' dir='ltr'>parte.</span> 
     </span>
    </p>

    <p class='ocr_par' dir='ltr' id='par_1_4' title="bbox 574 1950 3509 3308">
     <span class='ocr_line' id='line_1_20' title="bbox 619 1950 3498 2093; baseline -0.001 -79"><span class='ocrx_word' id='word_1_218' title='bbox 619 1969 714 2093; x_wconf 53' lang='grc' dir='ltr'>αἱ.</span> <span class='ocrx_word' id='word_1_219' title='bbox 794 1952 1071 2030; x_wconf 88' lang='lat' dir='ltr'>Sequitur</span> <span class='ocrx_word' id='word_1_220' title='bbox 1109 1957 1318 2032; x_wconf 89' lang='lat' dir='ltr'>altera,</span> <span class='ocrx_word' id='word_1_221' title='bbox 1359 1953 1894 2014; x_wconf 67' lang='lat' dir='ltr'>Excommunicatio</span> <span class='ocrx_word' id='word_1_222' title='bbox 1908 1995 1926 2030; x_wconf 89' lang='lat'>,</span> <span class='ocrx_word' id='word_1_223' title='bbox 1966 1969 2121 2030; x_wconf 90' lang='lat' dir='ltr'>quae</span> <span class='ocrx_word' id='word_1_224' title='bbox 2153 1951 2372 2031; x_wconf 84' lang='lat' dir='ltr'>duplex</span> <span class='ocrx_word' id='word_1_225' title='bbox 2414 1963 2503 2013; x_wconf 91' lang='lat' dir='ltr'>est</span> <span class='ocrx_word' id='word_1_226' title='bbox 2518 1997 2535 2029; x_wconf 90' lang='lat'>,</span> <span class='ocrx_word' id='word_1_227' title='bbox 2577 1951 2771 2012; x_wconf 91' lang='lat' dir='ltr'>minor</span> <span class='ocrx_word' id='word_1_228' title='bbox 2810 1954 2866 2012; x_wconf 72' lang='grc' dir='ltr'>δι</span> <span class='ocrx_word' id='word_1_229' title='bbox 2900 1950 3125 2012; x_wconf 89' lang='lat' dir='ltr'>maior:</span> <span class='ocrx_word' id='word_1_230' title='bbox 3168 1951 3375 2010; x_wconf 77' lang='lat' dir='ltr'>Minor</span> <span class='ocrx_word' id='word_1_231' title='bbox 3394 1961 3498 2029; x_wconf 79' lang='lat' dir='ltr'>est,</span> 
     </span>
     <span class='ocr_line' id='line_1_21' title="bbox 575 2029 3496 2113; baseline 0 -22"><span class='ocrx_word' id='word_1_232' title='bbox 575 2051 618 2110; x_wconf 90' lang='lat' dir='ltr'>q</span> <span class='ocrx_word' id='word_1_233' title='bbox 750 2031 823 2110; x_wconf 82' lang='lat' dir='ltr'>ij,</span> <span class='ocrx_word' id='word_1_234' title='bbox 873 2031 978 2110; x_wconf 90' lang='lat' dir='ltr'>qui</span> <span class='ocrx_word' id='word_1_235' title='bbox 1019 2033 1082 2094; x_wconf 88' lang='lat' dir='ltr'>in</span> <span class='ocrx_word' id='word_1_236' title='bbox 1133 2033 1340 2113; x_wconf 88' lang='lat' dir='ltr'>fidem,</span> <span class='ocrx_word' id='word_1_237' title='bbox 1378 2043 1482 2094; x_wconf 90' lang='lat' dir='ltr'>aut</span> <span class='ocrx_word' id='word_1_238' title='bbox 1519 2034 1716 2094; x_wconf 87' lang='lat' dir='ltr'>bonos</span> <span class='ocrx_word' id='word_1_239' title='bbox 1758 2050 1986 2103; x_wconf 87' lang='lat' dir='ltr'>mores,</span> <span class='ocrx_word' id='word_1_240' title='bbox 2027 2043 2127 2092; x_wconf 87' lang='lat' dir='ltr'>aut</span> <span class='ocrx_word' id='word_1_241' title='bbox 2171 2031 2445 2092; x_wconf 87' lang='lat' dir='ltr'>ordinem</span> <span class='ocrx_word' id='word_1_242' title='bbox 2486 2031 2794 2110; x_wconf 87' lang='lat' dir='ltr'>publicum</span> <span class='ocrx_word' id='word_1_243' title='bbox 2834 2031 3173 2109; x_wconf 87' lang='lat' dir='ltr'>impingunt</span> <span class='ocrx_word' id='word_1_244' title='bbox 3212 2029 3462 2108; x_wconf 88' lang='lat' dir='ltr'>turpiter</span> <span class='ocrx_word' id='word_1_245' title='bbox 3478 2076 3496 2110; x_wconf 93' lang='lat'>,</span> 
     </span>
     <span class='ocr_line' id='line_1_22' title="bbox 577 2109 3495 2189; baseline -0 -17"><span class='ocrx_word' id='word_1_246' title='bbox 577 2112 1197 2189; x_wconf 76' lang='lat' dir='ltr'>excommunicantur,</span> <span class='ocrx_word' id='word_1_247' title='bbox 1235 2132 1358 2174; x_wconf 93' lang='lat' dir='ltr'>non</span> <span class='ocrx_word' id='word_1_248' title='bbox 1399 2123 1462 2173; x_wconf 88' lang='lat' dir='ltr'>vt</span> <span class='ocrx_word' id='word_1_249' title='bbox 1499 2113 1769 2174; x_wconf 89' lang='lat' dir='ltr'>membra</span> <span class='ocrx_word' id='word_1_250' title='bbox 1808 2109 2029 2172; x_wconf 88' lang='lat' dir='ltr'>Christi</span> <span class='ocrx_word' id='word_1_251' title='bbox 2068 2113 2339 2173; x_wconf 73' lang='lat' dir='ltr'>absolute</span> <span class='ocrx_word' id='word_1_252' title='bbox 2373 2111 2599 2173; x_wconf 90' lang='lat' dir='ltr'>censeri</span> <span class='ocrx_word' id='word_1_253' title='bbox 2644 2111 2946 2186; x_wconf 84' lang='lat' dir='ltr'>desinant,</span> <span class='ocrx_word' id='word_1_254' title='bbox 2986 2127 3195 2171; x_wconf 82' lang='lat' dir='ltr'>verum</span> <span class='ocrx_word' id='word_1_255' title='bbox 3236 2109 3315 2170; x_wconf 91' lang='lat' dir='ltr'>ad</span> <span class='ocrx_word' id='word_1_256' title='bbox 3350 2119 3495 2171; x_wconf 87' lang='lat' dir='ltr'>tem-</span> 
     </span>
     <span class='ocr_line' id='line_1_23' title="bbox 576 2188 3499 2270; baseline -0 -18"><span class='ocrx_word' id='word_1_257' title='bbox 576 2207 688 2270; x_wconf 90' lang='lat' dir='ltr'>pus</span> <span class='ocrx_word' id='word_1_258' title='bbox 721 2193 951 2253; x_wconf 79' lang='lat' dir='ltr'>tantum</span> <span class='ocrx_word' id='word_1_259' title='bbox 989 2197 1027 2254; x_wconf 75' lang='lat' dir='ltr'>a</span> <span class='ocrx_word' id='word_1_260' title='bbox 1063 2193 1274 2255; x_wconf 66' lang='lat' dir='ltr'>Coena</span> <span class='ocrx_word' id='word_1_261' title='bbox 1313 2191 1632 2254; x_wconf 65' lang='lat' dir='ltr'>Dominica</span> <span class='ocrx_word' id='word_1_262' title='bbox 1673 2201 1977 2269; x_wconf 84' lang='lat' dir='ltr'>arcentur,</span> <span class='ocrx_word' id='word_1_263' title='bbox 2011 2190 2211 2253; x_wconf 89' lang='lat' dir='ltr'>donec</span> <span class='ocrx_word' id='word_1_264' title='bbox 2254 2208 2463 2254; x_wconf 90' lang='lat' dir='ltr'>eorum</span> <span class='ocrx_word' id='word_1_265' title='bbox 2506 2190 2629 2252; x_wconf 89' lang='lat' dir='ltr'>siue</span> <span class='ocrx_word' id='word_1_266' title='bbox 2672 2191 3065 2269; x_wconf 87' lang='lat' dir='ltr'>poenitentia,</span> <span class='ocrx_word' id='word_1_267' title='bbox 3104 2189 3228 2250; x_wconf 90' lang='lat' dir='ltr'>siue</span> <span class='ocrx_word' id='word_1_268' title='bbox 3272 2188 3419 2251; x_wconf 88' lang='lat' dir='ltr'>fides</span> <span class='ocrx_word' id='word_1_269' title='bbox 3446 2191 3499 2250; x_wconf 78' lang='grc' dir='ltr'>δι</span> 
     </span>
     <span class='ocr_line' id='line_1_24' title="bbox 577 2268 3506 2364; baseline -0.001 -32"><span class='ocrx_word' id='word_1_270' title='bbox 577 2270 842 2332; x_wconf 87' lang='lat' dir='ltr'>officium</span> <span class='ocrx_word' id='word_1_271' title='bbox 881 2273 1180 2335; x_wconf 84' lang='lat' dir='ltr'>sufficiens</span> <span class='ocrx_word' id='word_1_272' title='bbox 1211 2273 1503 2334; x_wconf 88' lang='lat' dir='ltr'>iudicetur</span> <span class='ocrx_word' id='word_1_273' title='bbox 1517 2318 1534 2350; x_wconf 90' lang='lat'>,</span> <span class='ocrx_word' id='word_1_274' title='bbox 1596 2273 1654 2333; x_wconf 77' lang='grc' dir='ltr'>δι</span> <span class='ocrx_word' id='word_1_275' title='bbox 1692 2271 1940 2364; x_wconf 82' lang='lat' dir='ltr'>publico</span> <span class='ocrx_word' id='word_1_276' title='bbox 1981 2271 2265 2332; x_wconf 89' lang='lat' dir='ltr'>scandalo</span> <span class='ocrx_word' id='word_1_277' title='bbox 2297 2271 2627 2332; x_wconf 89' lang='lat' dir='ltr'>remedium</span> <span class='ocrx_word' id='word_1_278' title='bbox 2672 2272 2917 2332; x_wconf 86' lang='lat' dir='ltr'>allatum</span> <span class='ocrx_word' id='word_1_279' title='bbox 2958 2268 3161 2331; x_wconf 81' lang='lat' dir='ltr'>fuerit:</span> <span class='ocrx_word' id='word_1_280' title='bbox 3224 2279 3403 2348; x_wconf 88' lang='lat' dir='ltr'>atque</span> <span class='ocrx_word' id='word_1_281' title='bbox 3444 2269 3506 2330; x_wconf 90' lang='lat' dir='ltr'>hi</span> 
     </span>
     <span class='ocr_line' id='line_1_25' title="bbox 579 2351 3508 2432; baseline -0.001 -20"><span class='ocrx_word' id='word_1_282' title='bbox 579 2355 618 2412; x_wconf 76' lang='lat' dir='ltr'>a</span> <span class='ocrx_word' id='word_1_283' title='bbox 656 2353 973 2414; x_wconf 80' lang='lat' dir='ltr'>Veteribus</span> <span class='ocrx_word' id='word_1_284' title='bbox 1021 2356 1391 2416; x_wconf 83' lang='lat' dir='ltr'>vocabantur</span> <span class='ocrx_word' id='word_1_285' title='bbox 1432 2353 1728 2413; x_wconf 75' lang='lat' dir='ltr'>Abstenti.</span> <span class='ocrx_word' id='word_1_286' title='bbox 1795 2353 2074 2431; x_wconf 75' lang='lat' dir='ltr'>Orprian.</span> <span class='ocrx_word' id='word_1_287' title='bbox 2116 2354 2179 2411; x_wconf 82' lang='lat' dir='ltr'>in</span> <span class='ocrx_word' id='word_1_288' title='bbox 2218 2354 2381 2432; x_wconf 80' lang='lat' dir='ltr'>epist.</span> <span class='ocrx_word' id='word_1_289' title='bbox 2422 2353 2638 2412; x_wconf 84' lang='lat' dir='ltr'>Maior</span> <span class='ocrx_word' id='word_1_290' title='bbox 2678 2351 3184 2412; x_wconf 73' lang='lat' dir='ltr'>excommunicatio</span> <span class='ocrx_word' id='word_1_291' title='bbox 3222 2360 3311 2410; x_wconf 88' lang='lat' dir='ltr'>est</span> <span class='ocrx_word' id='word_1_292' title='bbox 3345 2369 3508 2410; x_wconf 89' lang='lat' dir='ltr'>sacra</span> 
     </span>
     <span class='ocr_line' id='line_1_26' title="bbox 579 2429 3509 2513; baseline 0 -22"><span class='ocrx_word' id='word_1_293' title='bbox 579 2431 932 2510; x_wconf 86' lang='lat' dir='ltr'>Presbyterij</span> <span class='ocrx_word' id='word_1_294' title='bbox 988 2433 1176 2513; x_wconf 93' lang='lat' dir='ltr'>actio,</span> <span class='ocrx_word' id='word_1_295' title='bbox 1236 2433 1356 2512; x_wconf 66' lang='lat' dir='ltr'>qua</span> <span class='ocrx_word' id='word_1_296' title='bbox 1393 2431 1554 2495; x_wconf 85' lang='lat' dir='ltr'>iuxta</span> <span class='ocrx_word' id='word_1_297' title='bbox 1587 2451 1863 2493; x_wconf 89' lang='lat' dir='ltr'>normam</span> <span class='ocrx_word' id='word_1_298' title='bbox 1902 2430 1941 2491; x_wconf 67' lang='lat' dir='ltr'>a</span> <span class='ocrx_word' id='word_1_299' title='bbox 1980 2429 2220 2493; x_wconf 87' lang='lat' dir='ltr'>Christo</span> <span class='ocrx_word' id='word_1_300' title='bbox 2255 2431 2532 2493; x_wconf 87' lang='lat' dir='ltr'>traditam</span> <span class='ocrx_word' id='word_1_301' title='bbox 2572 2433 2749 2493; x_wconf 81' lang='lat' dir='ltr'>frater</span> <span class='ocrx_word' id='word_1_302' title='bbox 2788 2431 2851 2493; x_wconf 90' lang='lat' dir='ltr'>in</span> <span class='ocrx_word' id='word_1_303' title='bbox 2892 2430 3151 2509; x_wconf 83' lang='lat' dir='ltr'>peccatis</span> <span class='ocrx_word' id='word_1_304' title='bbox 3190 2440 3509 2491; x_wconf 80' lang='lat' dir='ltr'>contumax</span> 
     </span>
     <span class='ocr_line' id='line_1_27' title="bbox 583 2509 3509 2593; baseline -0.001 -20"><span class='ocrx_word' id='word_1_305' title='bbox 583 2516 622 2573; x_wconf 77' lang='lat' dir='ltr'>a</span> <span class='ocrx_word' id='word_1_306' title='bbox 675 2513 1099 2575; x_wconf 89' lang='lat' dir='ltr'>communione</span> <span class='ocrx_word' id='word_1_307' title='bbox 1157 2514 1422 2576; x_wconf 84' lang='lat' dir='ltr'>fidelium</span> <span class='ocrx_word' id='word_1_308' title='bbox 1463 2524 1804 2593; x_wconf 83' lang='lat' dir='ltr'>segregatur</span> <span class='ocrx_word' id='word_1_309' title='bbox 1819 2559 1836 2590; x_wconf 96' lang='lat'>,</span> <span class='ocrx_word' id='word_1_310' title='bbox 1897 2516 1952 2573; x_wconf 74' lang='grc' dir='ltr'>δι</span> <span class='ocrx_word' id='word_1_311' title='bbox 1994 2523 2159 2573; x_wconf 84' lang='lat' dir='ltr'>extra</span> <span class='ocrx_word' id='word_1_312' title='bbox 2196 2511 2527 2574; x_wconf 86' lang='lat' dir='ltr'>Ecclesiam</span> <span class='ocrx_word' id='word_1_313' title='bbox 2568 2512 2792 2573; x_wconf 87' lang='lat' dir='ltr'>eiectus</span> <span class='ocrx_word' id='word_1_314' title='bbox 2833 2513 3083 2572; x_wconf 91' lang='lat' dir='ltr'>Satanae</span> <span class='ocrx_word' id='word_1_315' title='bbox 3125 2509 3408 2590; x_wconf 88' lang='lat' dir='ltr'>traditur,</span> <span class='ocrx_word' id='word_1_316' title='bbox 3447 2520 3509 2570; x_wconf 85' lang='lat' dir='ltr'>vt</span> 
     </span>
     <span class='ocr_line' id='line_1_28' title="bbox 583 2591 3505 2672; baseline -0 -20"><span class='ocrx_word' id='word_1_317' title='bbox 583 2591 899 2669; x_wconf 85' lang='lat' dir='ltr'>castigatus</span> <span class='ocrx_word' id='word_1_318' title='bbox 963 2593 1266 2671; x_wconf 85' lang='lat' dir='ltr'>resipiscat</span> <span class='ocrx_word' id='word_1_319' title='bbox 1323 2597 1380 2656; x_wconf 77' lang='grc' dir='ltr'>δι</span> <span class='ocrx_word' id='word_1_320' title='bbox 1432 2592 1835 2672; x_wconf 71' lang='lat' dir='ltr'>resipiscentia</span> <span class='ocrx_word' id='word_1_321' title='bbox 1893 2591 2299 2653; x_wconf 64' lang='lat' dir='ltr'>demonstrata</span> <span class='ocrx_word' id='word_1_322' title='bbox 2356 2591 2699 2671; x_wconf 81' lang='lat' dir='ltr'>recipiatu13</span> <span class='ocrx_word' id='word_1_323' title='bbox 2762 2601 2943 2669; x_wconf 89' lang='lat' dir='ltr'>atque</span> <span class='ocrx_word' id='word_1_324' title='bbox 3000 2592 3123 2651; x_wconf 89' lang='lat' dir='ltr'>hoc</span> <span class='ocrx_word' id='word_1_325' title='bbox 3163 2591 3275 2651; x_wconf 91' lang='lat' dir='ltr'>sub</span> <span class='ocrx_word' id='word_1_326' title='bbox 3317 2593 3395 2651; x_wconf 90' lang='lat' dir='ltr'>V.</span> <span class='ocrx_word' id='word_1_327' title='bbox 3435 2594 3505 2651; x_wconf 93' lang='lat' dir='ltr'>T.</span> 
     </span>
     <span class='ocr_line' id='line_1_29' title="bbox 581 2672 3498 2754; baseline -0.001 -23"><span class='ocrx_word' id='word_1_328' title='bbox 581 2672 689 2733; x_wconf 84' lang='lat' dir='ltr'>fuit</span> <span class='ocrx_word' id='word_1_329' title='bbox 729 2672 996 2733; x_wconf 74' lang='grc' dir='ltr'><strong><em>ἀποσυνᾶ</em></strong></span> <span class='ocrx_word' id='word_1_330' title='bbox 1031 2694 1176 2754; x_wconf 64' lang='lat' dir='ltr'>uror</span> <span class='ocrx_word' id='word_1_331' title='bbox 1234 2680 1560 2754; x_wconf 69' lang='grc' dir='ltr'>γίγνεσθαι.</span> <span class='ocrx_word' id='word_1_332' title='bbox 1621 2674 1794 2733; x_wconf 85' lang='lat' dir='ltr'>Ioan.</span> <span class='ocrx_word' id='word_1_333' title='bbox 1831 2692 1888 2750; x_wconf 85' lang='lat'>9.</span> <span class='ocrx_word' id='word_1_334' title='bbox 1935 2691 2030 2732; x_wconf 84' lang='grc'><strong>22.</strong></span> <span class='ocrx_word' id='word_1_335' title='bbox 2080 2673 2135 2731; x_wconf 89' lang='lat'>&amp;</span> <span class='ocrx_word' id='word_1_336' title='bbox 2195 2692 2287 2733; x_wconf 85' lang='lat'>12.</span> <span class='ocrx_word' id='word_1_337' title='bbox 2339 2692 2436 2747; x_wconf 87' lang='grc'><strong>42.</strong></span> <span class='ocrx_word' id='word_1_338' title='bbox 2489 2673 2545 2732; x_wconf 84' lang='lat'>&amp;</span> <span class='ocrx_word' id='word_1_339' title='bbox 2612 2674 2705 2735; x_wconf 88' lang='lat'>16.</span> <span class='ocrx_word' id='word_1_340' title='bbox 2752 2694 2805 2733; x_wconf 87' lang='grc'><strong>2.</strong></span> <span class='ocrx_word' id='word_1_341' title='bbox 2844 2674 3057 2749; x_wconf 86' lang='lat' dir='ltr'>Itaque</span> <span class='ocrx_word' id='word_1_342' title='bbox 3096 2689 3204 2749; x_wconf 89' lang='lat' dir='ltr'>per</span> <span class='ocrx_word' id='word_1_343' title='bbox 3244 2681 3498 2748; x_wconf 87' lang='lat' dir='ltr'>quatuor</span> 
     </span>
     <span class='ocr_line' id='line_1_30' title="bbox 581 2751 3501 2831; baseline -0.001 -19"><span class='ocrx_word' id='word_1_344' title='bbox 581 2752 799 2829; x_wconf 86' lang='lat' dir='ltr'>gradus</span> <span class='ocrx_word' id='word_1_345' title='bbox 857 2751 921 2812; x_wconf 90' lang='lat' dir='ltr'>in</span> <span class='ocrx_word' id='word_1_346' title='bbox 1033 2754 1249 2815; x_wconf 87' lang='lat' dir='ltr'>eclesia</span> <span class='ocrx_word' id='word_1_347' title='bbox 1309 2761 1508 2813; x_wconf 86' lang='lat' dir='ltr'>vetere</span> <span class='ocrx_word' id='word_1_348' title='bbox 1569 2752 1845 2815; x_wconf 88' lang='lat' dir='ltr'>distincta</span> <span class='ocrx_word' id='word_1_349' title='bbox 1891 2752 2001 2813; x_wconf 86' lang='lat' dir='ltr'>suit</span> <span class='ocrx_word' id='word_1_350' title='bbox 2040 2752 2613 2831; x_wconf 86' lang='lat' dir='ltr'>excommunicatio,</span> <span class='ocrx_word' id='word_1_351' title='bbox 2700 2770 2915 2813; x_wconf 90' lang='lat' dir='ltr'>uorum</span> <span class='ocrx_word' id='word_1_352' title='bbox 2952 2751 3201 2829; x_wconf 82' lang='lat' dir='ltr'>primus,</span> <span class='ocrx_word' id='word_1_353' title='bbox 3243 2754 3501 2818; x_wconf 76' lang='grc' dir='ltr'><strong><em>σὺςασις</em></strong></span> 
     </span>
     <span class='ocr_line' id='line_1_31' title="bbox 581 2827 3505 2912; baseline -0.001 -20"><span class='ocrx_word' id='word_1_354' title='bbox 581 2832 876 2893; x_wconf 77' lang='lat' dir='ltr'>secundus</span> <span class='ocrx_word' id='word_1_355' title='bbox 919 2833 1288 2906; x_wconf 58' lang='grc' dir='ltr'>ὑπόπτους,</span> <span class='ocrx_word' id='word_1_356' title='bbox 1332 2832 1534 2893; x_wconf 82' lang='lat' dir='ltr'>tertius</span> <span class='ocrx_word' id='word_1_357' title='bbox 1573 2833 1856 2911; x_wconf 75' lang='grc' dir='ltr'>ἀκρόασις</span> <span class='ocrx_word' id='word_1_358' title='bbox 1872 2878 1887 2909; x_wconf 94' lang='lat'>,</span> <span class='ocrx_word' id='word_1_359' title='bbox 1929 2843 2201 2909; x_wconf 84' lang='lat' dir='ltr'>quartus:</span> <span class='ocrx_word' id='word_1_360' title='bbox 2245 2834 2604 2912; x_wconf 66' lang='grc' dir='ltr'>πρόκλόυσις</span> <span class='ocrx_word' id='word_1_361' title='bbox 2688 2832 2969 2893; x_wconf 83' lang='lat' dir='ltr'>icebatur.</span> <span class='ocrx_word' id='word_1_362' title='bbox 3004 2830 3103 2892; x_wconf 88' lang='lat' dir='ltr'>Sic</span> <span class='ocrx_word' id='word_1_363' title='bbox 3124 2827 3284 2889; x_wconf 80' lang='lat' dir='ltr'>enim</span> <span class='ocrx_word' id='word_1_364' title='bbox 3304 2828 3505 2889; x_wconf 83' lang='lat' dir='ltr'>distin-</span> 
     </span>
     <span class='ocr_line' id='line_1_32' title="bbox 579 2910 3505 2991; baseline -0.001 -19"><span class='ocrx_word' id='word_1_365' title='bbox 579 2922 768 2990; x_wconf 88' lang='lat' dir='ltr'>guunt</span> <span class='ocrx_word' id='word_1_366' title='bbox 799 2929 1089 2988; x_wconf 89' lang='lat' dir='ltr'>canones,</span> <span class='ocrx_word' id='word_1_367' title='bbox 1129 2912 1210 2989; x_wconf 68' lang='lat' dir='ltr'>in}</span> <span class='ocrx_word' id='word_1_368' title='bbox 1228 2910 1443 2991; x_wconf 89' lang='lat' dir='ltr'>quibus</span> <span class='ocrx_word' id='word_1_369' title='bbox 1471 2914 1880 2987; x_wconf 72' lang='grc' dir='ltr'>συνιςάμονοι,</span> <span class='ocrx_word' id='word_1_370' title='bbox 1905 2912 2403 2989; x_wconf 49' lang='lat' dir='ltr'>§maniaverat-,¹5</span> <span class='ocrx_word' id='word_1_371' title='bbox 2434 2914 2865 2990; x_wconf 71' lang='grc' dir='ltr'>γονυκλινοντες</span> <span class='ocrx_word' id='word_1_372' title='bbox 2885 2910 3139 2987; x_wconf 86' lang='lat' dir='ltr'>Concilij</span> <span class='ocrx_word' id='word_1_373' title='bbox 3162 2910 3505 2971; x_wconf 88' lang='lat' dir='ltr'>Caesarien-</span> 
     </span>
     <span class='ocr_line' id='line_1_33' title="bbox 579 2988 3509 3071; baseline -0.001 -20"><span class='ocrx_word' id='word_1_374' title='bbox 579 2991 658 3052; x_wconf 88' lang='lat' dir='ltr'>sis</span> <span class='ocrx_word' id='word_1_375' title='bbox 699 3010 832 3053; x_wconf 89' lang='lat' dir='ltr'>can.</span> <span class='ocrx_word' id='word_1_376' title='bbox 875 3008 968 3069; x_wconf 85' lang='grc'><strong>25.</strong></span> <span class='ocrx_word' id='word_1_377' title='bbox 1007 2992 1396 3071; x_wconf 73' lang='grc' dir='ltr'>ἀκροώμενοι,</span> <span class='ocrx_word' id='word_1_378' title='bbox 1435 2994 1492 3053; x_wconf 85' lang='lat'>&amp;</span> <span class='ocrx_word' id='word_1_379' title='bbox 1533 2994 1943 3071; x_wconf 70' lang='grc' dir='ltr'>προκλαίονιες</span> <span class='ocrx_word' id='word_1_380' title='bbox 1985 2990 2399 3069; x_wconf 49' lang='lat' dir='ltr'>appellantur:</span> <span class='ocrx_word' id='word_1_381' title='bbox 2452 2989 2630 3051; x_wconf 85' lang='lat' dir='ltr'>Primi</span> <span class='ocrx_word' id='word_1_382' title='bbox 2670 2990 2745 3050; x_wconf 89' lang='lat' dir='ltr'>ad</span> <span class='ocrx_word' id='word_1_383' title='bbox 2792 2990 3119 3069; x_wconf 85' lang='lat' dir='ltr'>minorem,</span> <span class='ocrx_word' id='word_1_384' title='bbox 3172 2989 3389 3049; x_wconf 79' lang='lat' dir='ltr'>caeteri</span> <span class='ocrx_word' id='word_1_385' title='bbox 3430 2988 3509 3049; x_wconf 90' lang='lat' dir='ltr'>ad</span> 
     </span>
     <span class='ocr_line' id='line_1_34' title="bbox 577 3067 3502 3149; baseline -0.001 -18"><span class='ocrx_word' id='word_1_386' title='bbox 577 3072 864 3132; x_wconf 89' lang='lat' dir='ltr'>maiorem</span> <span class='ocrx_word' id='word_1_387' title='bbox 903 3070 1584 3132; x_wconf 81' lang='lat' dir='ltr'>excommunicationem</span> <span class='ocrx_word' id='word_1_388' title='bbox 1623 3067 1938 3146; x_wconf 85' lang='lat' dir='ltr'>pertinent.</span> <span class='ocrx_word' id='word_1_389' title='bbox 1985 3070 2108 3131; x_wconf 90' lang='lat' dir='ltr'>Hic</span> <span class='ocrx_word' id='word_1_390' title='bbox 2148 3070 2453 3148; x_wconf 79' lang='lat' dir='ltr'>sequentia</span> <span class='ocrx_word' id='word_1_391' title='bbox 2492 3081 2746 3148; x_wconf 90' lang='lat' dir='ltr'>quatuor</span> <span class='ocrx_word' id='word_1_392' title='bbox 2786 3071 2987 3149; x_wconf 69' lang='lat' dir='ltr'>capim</span> <span class='ocrx_word' id='word_1_393' title='bbox 3026 3068 3344 3149; x_wconf 76' lang='lat' dir='ltr'>praecipue</span> <span class='ocrx_word' id='word_1_394' title='bbox 3366 3079 3502 3128; x_wconf 90' lang='lat' dir='ltr'>sunt</span> 
     </span>
     <span class='ocr_line' id='line_1_35' title="bbox 575 3146 3509 3229; baseline -0.002 -17"><span class='ocrx_word' id='word_1_395' title='bbox 575 3150 945 3229; x_wconf 84' lang='lat' dir='ltr'>explicanda.</span> <span class='ocrx_word' id='word_1_396' title='bbox 997 3169 1046 3208; x_wconf 91' lang='lat'>1.</span> <span class='ocrx_word' id='word_1_397' title='bbox 1091 3150 1256 3210; x_wconf 85' lang='lat' dir='ltr'>cuius</span> <span class='ocrx_word' id='word_1_398' title='bbox 1287 3151 1364 3212; x_wconf 87' lang='lat' dir='ltr'>sit</span> <span class='ocrx_word' id='word_1_399' title='bbox 1391 3146 1926 3211; x_wconf 84' lang='lat' dir='ltr'>excommunicare.</span> <span class='ocrx_word' id='word_1_400' title='bbox 1953 3170 2007 3211; x_wconf 85' lang='lat'>2.</span> <span class='ocrx_word' id='word_1_401' title='bbox 2029 3149 2271 3228; x_wconf 88' lang='lat' dir='ltr'>quinam</span> <span class='ocrx_word' id='word_1_402' title='bbox 2294 3150 2874 3212; x_wconf 86' lang='lat' dir='ltr'>excommunicandi.</span> <span class='ocrx_word' id='word_1_403' title='bbox 2897 3171 2956 3228; x_wconf 86' lang='lat'>3.</span> <span class='ocrx_word' id='word_1_404' title='bbox 2978 3152 3061 3212; x_wconf 91' lang='lat' dir='ltr'>ob</span> <span class='ocrx_word' id='word_1_405' title='bbox 3084 3166 3230 3229; x_wconf 89' lang='lat' dir='ltr'>quas</span> <span class='ocrx_word' id='word_1_406' title='bbox 3254 3166 3509 3209; x_wconf 84' lang='lat' dir='ltr'>caussas.</span> 
     </span>
     <span class='ocr_line' id='line_1_36' title="bbox 574 3228 2066 3308; baseline -0.001 -17"><span class='ocrx_word' id='word_1_407' title='bbox 574 3252 634 3306; x_wconf 88' lang='lat'>4.</span> <span class='ocrx_word' id='word_1_408' title='bbox 673 3234 710 3291; x_wconf 79' lang='lat' dir='ltr'>a</span> <span class='ocrx_word' id='word_1_409' title='bbox 743 3248 862 3308; x_wconf 87' lang='lat' dir='ltr'>qua</span> <span class='ocrx_word' id='word_1_410' title='bbox 899 3228 1324 3291; x_wconf 88' lang='lat' dir='ltr'>communione</span> <span class='ocrx_word' id='word_1_411' title='bbox 1363 3232 1470 3291; x_wconf 86' lang='lat' dir='ltr'>fiat</span> <span class='ocrx_word' id='word_1_412' title='bbox 1509 3228 2066 3291; x_wconf 76' lang='lat' dir='ltr'>excommunicatio·</span> 
     </span>
    </p>

    <p class='ocr_par' dir='ltr' id='par_1_5' title="bbox 573 3306 3525 4429">
     <span class='ocr_line' id='line_1_37' title="bbox 655 3306 3503 3387; baseline -0.001 -16"><span class='ocrx_word' id='word_1_413' title='bbox 655 3311 714 3371; x_wconf 91' lang='grc'><strong>6.</strong></span> <span class='ocrx_word' id='word_1_414' title='bbox 794 3312 844 3370; x_wconf 94' lang='grc' dir='ltr'><strong>Ι.</strong></span> <span class='ocrx_word' id='word_1_415' title='bbox 885 3312 1154 3371; x_wconf 81' lang='lat' dir='ltr'>Potestas</span> <span class='ocrx_word' id='word_1_416' title='bbox 1194 3306 1772 3371; x_wconf 88' lang='lat' dir='ltr'>Excommunicandi</span> <span class='ocrx_word' id='word_1_417' title='bbox 1813 3329 1887 3370; x_wconf 88' lang='lat' dir='ltr'>ex</span> <span class='ocrx_word' id='word_1_418' title='bbox 1926 3310 2273 3371; x_wconf 89' lang='lat' dir='ltr'>auctoritate</span> <span class='ocrx_word' id='word_1_419' title='bbox 2314 3308 2534 3372; x_wconf 90' lang='lat' dir='ltr'>Christi</span> <span class='ocrx_word' id='word_1_420' title='bbox 2575 3310 2655 3371; x_wconf 90' lang='lat' dir='ltr'>ad</span> <span class='ocrx_word' id='word_1_421' title='bbox 2694 3310 3025 3372; x_wconf 86' lang='lat' dir='ltr'>Ecclesiam</span> <span class='ocrx_word' id='word_1_422' title='bbox 3066 3308 3318 3387; x_wconf 88' lang='lat' dir='ltr'>pertinet</span> <span class='ocrx_word' id='word_1_423' title='bbox 3338 3315 3503 3368; x_wconf 78' lang='lat' dir='ltr'>eam·</span> 
     </span>
     <span class='ocr_line' id='line_1_38' title="bbox 580 3386 3513 3481; baseline -0.001 -30"><span class='ocrx_word' id='word_1_424' title='bbox 580 3408 698 3467; x_wconf 91' lang='lat' dir='ltr'>que</span> <span class='ocrx_word' id='word_1_425' title='bbox 756 3408 990 3481; x_wconf 80' lang='lat' dir='ltr'>veram,</span> <span class='ocrx_word' id='word_1_426' title='bbox 1038 3392 1095 3451; x_wconf 78' lang='grc' dir='ltr'>δι</span> <span class='ocrx_word' id='word_1_427' title='bbox 1148 3392 1186 3449; x_wconf 78' lang='lat' dir='ltr'>a</span> <span class='ocrx_word' id='word_1_428' title='bbox 1247 3388 1623 3468; x_wconf 88' lang='lat' dir='ltr'>Presbyterio</span> <span class='ocrx_word' id='word_1_429' title='bbox 1662 3386 1940 3450; x_wconf 82' lang='lat' dir='ltr'>vniuerso</span> <span class='ocrx_word' id='word_1_430' title='bbox 1982 3389 2241 3481; x_wconf 76' lang='lat' dir='ltr'>legitime</span> <span class='ocrx_word' id='word_1_431' title='bbox 2282 3392 2472 3451; x_wconf 90' lang='lat' dir='ltr'>electo</span> <span class='ocrx_word' id='word_1_432' title='bbox 2514 3394 2663 3466; x_wconf 87' lang='lat' dir='ltr'>(non</span> <span class='ocrx_word' id='word_1_433' title='bbox 2696 3400 2897 3452; x_wconf 86' lang='lat' dir='ltr'>autem</span> <span class='ocrx_word' id='word_1_434' title='bbox 2942 3392 3021 3452; x_wconf 88' lang='lat' dir='ltr'>ab</span> <span class='ocrx_word' id='word_1_435' title='bbox 3063 3407 3186 3449; x_wconf 87' lang='lat' dir='ltr'>vno</span> <span class='ocrx_word' id='word_1_436' title='bbox 3228 3389 3361 3448; x_wconf 91' lang='lat' dir='ltr'>solo</span> <span class='ocrx_word' id='word_1_437' title='bbox 3402 3404 3513 3465; x_wconf 91' lang='lat' dir='ltr'>pro</span> 
     </span>
     <span class='ocr_line' id='line_1_39' title="bbox 579 3466 3506 3549; baseline -0.001 -20"><span class='ocrx_word' id='word_1_438' title='bbox 579 3470 760 3548; x_wconf 87' lang='lat' dir='ltr'>ipsius</span> <span class='ocrx_word' id='word_1_439' title='bbox 819 3468 1084 3543; x_wconf 83' lang='lat' dir='ltr'>abitno).</span> <span class='ocrx_word' id='word_1_440' title='bbox 1117 3471 1448 3531; x_wconf 89' lang='lat' dir='ltr'>exercenda</span> <span class='ocrx_word' id='word_1_441' title='bbox 1507 3471 1566 3529; x_wconf 88' lang='lat'>&amp;</span> <span class='ocrx_word' id='word_1_442' title='bbox 1611 3468 1674 3527; x_wconf 84' lang='lat' dir='ltr'>in</span> <span class='ocrx_word' id='word_1_443' title='bbox 1713 3480 2178 3549; x_wconf 79' lang='lat' dir='ltr'>congregatione</span> <span class='ocrx_word' id='word_1_444' title='bbox 2216 3470 2423 3548; x_wconf 89' lang='lat' dir='ltr'>populi</span> <span class='ocrx_word' id='word_1_445' title='bbox 2464 3469 2877 3531; x_wconf 88' lang='lat' dir='ltr'>denuncianda</span> <span class='ocrx_word' id='word_1_446' title='bbox 2918 3480 3043 3548; x_wconf 88' lang='lat' dir='ltr'>est,</span> <span class='ocrx_word' id='word_1_447' title='bbox 3100 3478 3167 3530; x_wconf 85' lang='lat' dir='ltr'>vt</span> <span class='ocrx_word' id='word_1_448' title='bbox 3206 3485 3346 3529; x_wconf 89' lang='lat' dir='ltr'>cum</span> <span class='ocrx_word' id='word_1_449' title='bbox 3382 3466 3506 3528; x_wconf 88' lang='lat' dir='ltr'>eius</span> 
     </span>
     <span class='ocr_line' id='line_1_40' title="bbox 582 3546 3511 3629; baseline -0.002 -18"><span class='ocrx_word' id='word_1_450' title='bbox 582 3566 874 3611; x_wconf 86' lang='lat' dir='ltr'>consensu</span> <span class='ocrx_word' id='word_1_451' title='bbox 936 3546 1060 3609; x_wconf 88' lang='lat' dir='ltr'>siue</span> <span class='ocrx_word' id='word_1_452' title='bbox 1121 3548 1304 3611; x_wconf 90' lang='lat' dir='ltr'>tacito</span> <span class='ocrx_word' id='word_1_453' title='bbox 1365 3550 1491 3611; x_wconf 92' lang='lat' dir='ltr'>siue</span> <span class='ocrx_word' id='word_1_454' title='bbox 1549 3566 1832 3627; x_wconf 84' lang='lat' dir='ltr'>expresso</span> <span class='ocrx_word' id='word_1_455' title='bbox 1891 3550 1994 3610; x_wconf 83' lang='lat' dir='ltr'>fiat</span> <span class='ocrx_word' id='word_1_456' title='bbox 2008 3596 2025 3627; x_wconf 92' lang='lat'>,</span> <span class='ocrx_word' id='word_1_457' title='bbox 2084 3568 2225 3610; x_wconf 89' lang='lat' dir='ltr'>nam</span> <span class='ocrx_word' id='word_1_458' title='bbox 2284 3554 2374 3627; x_wconf 88' lang='lat' dir='ltr'>(vt</span> <span class='ocrx_word' id='word_1_459' title='bbox 2412 3550 2573 3610; x_wconf 78' lang='lat' dir='ltr'>recte</span> <span class='ocrx_word' id='word_1_460' title='bbox 2611 3551 2738 3611; x_wconf 92' lang='lat' dir='ltr'>Leo</span> <span class='ocrx_word' id='word_1_461' title='bbox 2786 3550 2969 3629; x_wconf 88' lang='lat' dir='ltr'>Papa)</span> <span class='ocrx_word' id='word_1_462' title='bbox 3009 3568 3159 3627; x_wconf 81' lang='lat' dir='ltr'>quae</span> <span class='ocrx_word' id='word_1_463' title='bbox 3198 3550 3287 3608; x_wconf 83' lang='lat' dir='ltr'>ad</span> <span class='ocrx_word' id='word_1_464' title='bbox 3322 3566 3511 3607; x_wconf 80' lang='lat' dir='ltr'>omnes</span> 
     </span>
     <span class='ocr_line' id='line_1_41' title="bbox 573 3628 3517 3709; baseline -0.001 -18"><span class='ocrx_word' id='word_1_465' title='bbox 573 3632 902 3708; x_wconf 78' lang='lat' dir='ltr'>pertinent,</span> <span class='ocrx_word' id='word_1_466' title='bbox 941 3648 1068 3688; x_wconf 83' lang='lat' dir='ltr'>cum</span> <span class='ocrx_word' id='word_1_467' title='bbox 1109 3647 1388 3690; x_wconf 82' lang='lat' dir='ltr'>consensu</span> <span class='ocrx_word' id='word_1_468' title='bbox 1430 3631 1682 3691; x_wconf 78' lang='lat' dir='ltr'>omnium</span> <span class='ocrx_word' id='word_1_469' title='bbox 1707 3631 1864 3706; x_wconf 80' lang='lat' dir='ltr'>fieri</span> <span class='ocrx_word' id='word_1_470' title='bbox 1897 3630 2127 3691; x_wconf 82' lang='lat' dir='ltr'>debent:</span> <span class='ocrx_word' id='word_1_471' title='bbox 2170 3630 2329 3691; x_wconf 85' lang='lat' dir='ltr'>vnde</span> <span class='ocrx_word' id='word_1_472' title='bbox 2351 3628 2735 3707; x_wconf 91' lang='lat' dir='ltr'>consequitur</span> <span class='ocrx_word' id='word_1_473' title='bbox 2752 3675 2769 3709; x_wconf 86' lang='lat'>,</span> <span class='ocrx_word' id='word_1_474' title='bbox 2811 3629 3264 3691; x_wconf 87' lang='lat' dir='ltr'>Pontificiorum</span> <span class='ocrx_word' id='word_1_475' title='bbox 3283 3646 3517 3689; x_wconf 87' lang='lat' dir='ltr'>excom-</span> 
     </span>
     <span class='ocr_line' id='line_1_42' title="bbox 587 3707 3520 3787; baseline -0.001 -17"><span class='ocrx_word' id='word_1_476' title='bbox 587 3707 1018 3770; x_wconf 88' lang='lat' dir='ltr'>municationes</span> <span class='ocrx_word' id='word_1_477' title='bbox 1055 3726 1185 3769; x_wconf 90' lang='lat' dir='ltr'>esse</span> <span class='ocrx_word' id='word_1_478' title='bbox 1225 3708 1358 3787; x_wconf 88' lang='lat' dir='ltr'>ipso</span> <span class='ocrx_word' id='word_1_479' title='bbox 1398 3708 1524 3771; x_wconf 93' lang='lat' dir='ltr'>iure</span> <span class='ocrx_word' id='word_1_480' title='bbox 1566 3708 1778 3771; x_wconf 87' lang='lat' dir='ltr'>nullas.</span> <span class='ocrx_word' id='word_1_481' title='bbox 1821 3710 2049 3771; x_wconf 76' lang='lat' dir='ltr'>Matth.</span> <span class='ocrx_word' id='word_1_482' title='bbox 2098 3712 2187 3770; x_wconf 91' lang='lat'>18.</span> <span class='ocrx_word' id='word_1_483' title='bbox 2240 3712 2330 3770; x_wconf 88' lang='lat'>18.</span> <span class='ocrx_word' id='word_1_484' title='bbox 2411 3711 2492 3770; x_wconf 88' lang='lat'>11.</span> <span class='ocrx_word' id='word_1_485' title='bbox 2534 3708 3111 3770; x_wconf 88' lang='lat' dir='ltr'>Excommunicandi</span> <span class='ocrx_word' id='word_1_486' title='bbox 3150 3718 3351 3769; x_wconf 89' lang='lat' dir='ltr'>autem</span> <span class='ocrx_word' id='word_1_487' title='bbox 3382 3716 3520 3768; x_wconf 86' lang='lat' dir='ltr'>sunt</span> 
     </span>
     <span class='ocr_line' id='line_1_43' title="bbox 583 3788 3519 3869; baseline -0.001 -19"><span class='ocrx_word' id='word_1_488' title='bbox 583 3790 696 3851; x_wconf 90' lang='lat' dir='ltr'>soli</span> <span class='ocrx_word' id='word_1_489' title='bbox 734 3789 792 3849; x_wconf 76' lang='grc' dir='ltr'>δι</span> <span class='ocrx_word' id='word_1_490' title='bbox 823 3806 1034 3850; x_wconf 84' lang='lat' dir='ltr'>omnes</span> <span class='ocrx_word' id='word_1_491' title='bbox 1071 3788 1111 3864; x_wconf 83' lang='lat' dir='ltr'>ij</span> <span class='ocrx_word' id='word_1_492' title='bbox 1125 3834 1142 3863; x_wconf 89' lang='lat'>,</span> <span class='ocrx_word' id='word_1_493' title='bbox 1186 3790 1320 3867; x_wconf 89' lang='lat' dir='ltr'>qui,</span> <span class='ocrx_word' id='word_1_494' title='bbox 1361 3792 1502 3851; x_wconf 76' lang='lat' dir='ltr'>cum</span> <span class='ocrx_word' id='word_1_495' title='bbox 1539 3791 1746 3850; x_wconf 85' lang='lat' dir='ltr'>fratres</span> <span class='ocrx_word' id='word_1_496' title='bbox 1780 3800 2197 3867; x_wconf 88' lang='lat' dir='ltr'>nuncupantur</span> <span class='ocrx_word' id='word_1_497' title='bbox 2210 3835 2228 3869; x_wconf 93' lang='lat'>,</span> <span class='ocrx_word' id='word_1_498' title='bbox 2267 3789 2331 3849; x_wconf 89' lang='lat' dir='ltr'>in</span> <span class='ocrx_word' id='word_1_499' title='bbox 2370 3788 2631 3867; x_wconf 87' lang='lat' dir='ltr'>peccatis</span> <span class='ocrx_word' id='word_1_500' title='bbox 2670 3799 2806 3850; x_wconf 88' lang='lat' dir='ltr'>sunt</span> <span class='ocrx_word' id='word_1_501' title='bbox 2844 3801 3258 3851; x_wconf 89' lang='lat' dir='ltr'>contumaces:</span> <span class='ocrx_word' id='word_1_502' title='bbox 3294 3788 3519 3848; x_wconf 68' lang='lat' dir='ltr'>March.</span> 
     </span>
     <span class='ocr_line' id='line_1_44' title="bbox 595 3865 3523 3961; baseline -0.001 -32"><span class='ocrx_word' id='word_1_503' title='bbox 595 3872 686 3931; x_wconf 89' lang='lat'>18.</span> <span class='ocrx_word' id='word_1_504' title='bbox 730 3884 820 3961; x_wconf 76' lang='lat'>15.</span> <span class='ocrx_word' id='word_1_505' title='bbox 877 3865 1002 3929; x_wconf 90' lang='lat' dir='ltr'>Soli</span> <span class='ocrx_word' id='word_1_506' title='bbox 1056 3867 1297 3946; x_wconf 87' lang='lat' dir='ltr'>quidem</span> <span class='ocrx_word' id='word_1_507' title='bbox 1355 3872 1587 3948; x_wconf 74' lang='lat' dir='ltr'>{rau-es,</span> <span class='ocrx_word' id='word_1_508' title='bbox 1628 3868 1768 3947; x_wconf 87' lang='lat' dir='ltr'>quia</span> <span class='ocrx_word' id='word_1_509' title='bbox 1805 3868 1883 3929; x_wconf 90' lang='lat' dir='ltr'>de</span> <span class='ocrx_word' id='word_1_510' title='bbox 1923 3868 2212 3930; x_wconf 85' lang='lat' dir='ltr'>extraneis</span> <span class='ocrx_word' id='word_1_511' title='bbox 2252 3888 2376 3931; x_wconf 88' lang='lat' dir='ltr'>non</span> <span class='ocrx_word' id='word_1_512' title='bbox 2414 3868 2636 3930; x_wconf 90' lang='lat' dir='ltr'>iudicat</span> <span class='ocrx_word' id='word_1_513' title='bbox 2678 3868 2977 3947; x_wconf 88' lang='lat' dir='ltr'>Ecclesia,</span> <span class='ocrx_word' id='word_1_514' title='bbox 3029 3888 3079 3929; x_wconf 92' lang='lat'>1.</span> <span class='ocrx_word' id='word_1_515' title='bbox 3126 3868 3265 3927; x_wconf 84' lang='lat' dir='ltr'>Cor.</span> <span class='ocrx_word' id='word_1_516' title='bbox 3315 3881 3371 3944; x_wconf 84' lang='lat'>5.</span> <span class='ocrx_word' id='word_1_517' title='bbox 3420 3886 3523 3946; x_wconf 86' lang='lat'>12,</span> 
     </span>
     <span class='ocr_line' id='line_1_45' title="bbox 586 3946 3517 4029; baseline -0.001 -18"><span class='ocrx_word' id='word_1_518' title='bbox 586 3952 642 4011; x_wconf 78' lang='grc' dir='ltr'>δι</span> <span class='ocrx_word' id='word_1_519' title='bbox 681 3966 786 4027; x_wconf 86' lang='lat' dir='ltr'>qm</span> <span class='ocrx_word' id='word_1_520' title='bbox 821 3948 884 4008; x_wconf 91' lang='lat' dir='ltr'>in</span> <span class='ocrx_word' id='word_1_521' title='bbox 921 3946 1346 4009; x_wconf 88' lang='lat' dir='ltr'>communione</span> <span class='ocrx_word' id='word_1_522' title='bbox 1385 3968 1512 4011; x_wconf 91' lang='lat' dir='ltr'>non</span> <span class='ocrx_word' id='word_1_523' title='bbox 1551 3959 1688 4010; x_wconf 89' lang='lat' dir='ltr'>sunt</span> <span class='ocrx_word' id='word_1_524' title='bbox 1701 3995 1718 4029; x_wconf 94' lang='lat'>,</span> <span class='ocrx_word' id='word_1_525' title='bbox 1760 3959 1922 4011; x_wconf 87' lang='lat' dir='ltr'>extra</span> <span class='ocrx_word' id='word_1_526' title='bbox 1961 3968 2095 4011; x_wconf 88' lang='lat' dir='ltr'>eam</span> <span class='ocrx_word' id='word_1_527' title='bbox 2124 3948 2257 4009; x_wconf 91' lang='lat' dir='ltr'>eiici</span> <span class='ocrx_word' id='word_1_528' title='bbox 2289 3968 2414 4011; x_wconf 92' lang='lat' dir='ltr'>non</span> <span class='ocrx_word' id='word_1_529' title='bbox 2444 3959 2725 4027; x_wconf 86' lang='lat' dir='ltr'>possunt:</span> <span class='ocrx_word' id='word_1_530' title='bbox 2768 3949 2893 4010; x_wconf 90' lang='lat' dir='ltr'>Soli</span> <span class='ocrx_word' id='word_1_531' title='bbox 2911 3948 3091 4010; x_wconf 88' lang='lat' dir='ltr'>etiam</span> <span class='ocrx_word' id='word_1_532' title='bbox 3110 3956 3517 4025; x_wconf 72' lang='lat' dir='ltr'>contumaceS,</span> 
     </span>
     <span class='ocr_line' id='line_1_46' title="bbox 581 4026 3519 4110; baseline -0.001 -21"><span class='ocrx_word' id='word_1_533' title='bbox 581 4047 708 4089; x_wconf 91' lang='lat' dir='ltr'>non</span> <span class='ocrx_word' id='word_1_534' title='bbox 771 4026 868 4104; x_wconf 85' lang='lat' dir='ltr'>alij</span> <span class='ocrx_word' id='word_1_535' title='bbox 924 4046 1036 4108; x_wconf 90' lang='lat' dir='ltr'>pro</span> <span class='ocrx_word' id='word_1_536' title='bbox 1094 4027 1236 4106; x_wconf 88' lang='lat' dir='ltr'>ipsis</span> <span class='ocrx_word' id='word_1_537' title='bbox 1286 4039 1388 4090; x_wconf 89' lang='lat' dir='ltr'>aut</span> <span class='ocrx_word' id='word_1_538' title='bbox 1436 4047 1577 4089; x_wconf 89' lang='lat' dir='ltr'>cum</span> <span class='ocrx_word' id='word_1_539' title='bbox 1618 4028 1784 4109; x_wconf 76' lang='lat' dir='ltr'>ipsiS,</span> <span class='ocrx_word' id='word_1_540' title='bbox 1829 4048 1971 4090; x_wconf 87' lang='lat' dir='ltr'>narn</span> <span class='ocrx_word' id='word_1_541' title='bbox 2013 4032 2404 4107; x_wconf 81' lang='lat' dir='ltr'>vnusquisque</span> <span class='ocrx_word' id='word_1_542' title='bbox 2444 4048 2613 4089; x_wconf 80' lang='lat' dir='ltr'>suum</span> <span class='ocrx_word' id='word_1_543' title='bbox 2653 4049 2799 4091; x_wconf 83' lang='lat' dir='ltr'>onus</span> <span class='ocrx_word' id='word_1_544' title='bbox 2825 4030 3135 4110; x_wconf 80' lang='lat' dir='ltr'>portabit:</span> <span class='ocrx_word' id='word_1_545' title='bbox 3184 4026 3324 4087; x_wconf 85' lang='lat' dir='ltr'>Gal.</span> <span class='ocrx_word' id='word_1_546' title='bbox 3364 4029 3423 4088; x_wconf 92' lang='grc'><strong>6.</strong></span> <span class='ocrx_word' id='word_1_547' title='bbox 3466 4042 3519 4105; x_wconf 85' lang='grc'><strong>5.</strong></span> 
     </span>
     <span class='ocr_line' id='line_1_47' title="bbox 585 4106 3525 4191; baseline -0.001 -22"><span class='ocrx_word' id='word_1_548' title='bbox 585 4107 710 4169; x_wconf 88' lang='lat' dir='ltr'>iure</span> <span class='ocrx_word' id='word_1_549' title='bbox 772 4108 948 4186; x_wconf 86' lang='lat' dir='ltr'>igitur</span> <span class='ocrx_word' id='word_1_550' title='bbox 998 4108 1362 4187; x_wconf 83' lang='lat' dir='ltr'>Augustinus</span> <span class='ocrx_word' id='word_1_551' title='bbox 1409 4110 1602 4191; x_wconf 80' lang='lat' dir='ltr'>Epist.</span> <span class='ocrx_word' id='word_1_552' title='bbox 1651 4126 1705 4185; x_wconf 87' lang='lat'>7.</span> <span class='ocrx_word' id='word_1_553' title='bbox 1748 4125 1804 4188; x_wconf 85' lang='lat'>5.</span> <span class='ocrx_word' id='word_1_554' title='bbox 1846 4108 2152 4170; x_wconf 84' lang='lat' dir='ltr'>Auxilium</span> <span class='ocrx_word' id='word_1_555' title='bbox 2191 4109 2490 4187; x_wconf 89' lang='lat' dir='ltr'>quendam</span> <span class='ocrx_word' id='word_1_556' title='bbox 2529 4109 2898 4188; x_wconf 88' lang='lat' dir='ltr'>Episcopum</span> <span class='ocrx_word' id='word_1_557' title='bbox 2939 4106 3319 4187; x_wconf 89' lang='lat' dir='ltr'>reprehendit</span> <span class='ocrx_word' id='word_1_558' title='bbox 3360 4106 3525 4183; x_wconf 90' lang='lat' dir='ltr'>quod</span> 
     </span>
     <span class='ocr_line' id='line_1_48' title="bbox 583 4186 3521 4268; baseline -0.001 -19"><span class='ocrx_word' id='word_1_559' title='bbox 583 4187 667 4250; x_wconf 94' lang='lat' dir='ltr'>ob</span> <span class='ocrx_word' id='word_1_560' title='bbox 721 4186 1064 4249; x_wconf 81' lang='lat' dir='ltr'>classiciani</span> <span class='ocrx_word' id='word_1_561' title='bbox 1119 4200 1435 4267; x_wconf 90' lang='lat' dir='ltr'>peccatum</span> <span class='ocrx_word' id='word_1_562' title='bbox 1497 4200 1684 4251; x_wconf 90' lang='lat' dir='ltr'>totam</span> <span class='ocrx_word' id='word_1_563' title='bbox 1745 4188 1926 4268; x_wconf 88' lang='lat' dir='ltr'>ipsius</span> <span class='ocrx_word' id='word_1_564' title='bbox 1985 4188 2266 4250; x_wconf 81' lang='lat' dir='ltr'>familiam</span> <span class='ocrx_word' id='word_1_565' title='bbox 2317 4190 2919 4251; x_wconf 86' lang='lat' dir='ltr'>excommunicasset:</span> <span class='ocrx_word' id='word_1_566' title='bbox 2964 4189 3193 4249; x_wconf 89' lang='lat' dir='ltr'>Omnes</span> <span class='ocrx_word' id='word_1_567' title='bbox 3234 4190 3381 4248; x_wconf 80' lang='lat' dir='ltr'>vero</span> <span class='ocrx_word' id='word_1_568' title='bbox 3398 4232 3413 4258; x_wconf 90' lang='lat'>,</span> <span class='ocrx_word' id='word_1_569' title='bbox 3456 4196 3521 4247; x_wconf 78' lang='lat' dir='ltr'>vt</span> 
     </span>
     <span class='ocr_line' id='line_1_49' title="bbox 585 4266 3520 4348; baseline -0.001 -20"><span class='ocrx_word' id='word_1_570' title='bbox 585 4286 766 4329; x_wconf 89' lang='lat' dir='ltr'>nemo</span> <span class='ocrx_word' id='word_1_571' title='bbox 814 4267 1220 4346; x_wconf 89' lang='lat' dir='ltr'>cuiuscunque</span> <span class='ocrx_word' id='word_1_572' title='bbox 1283 4280 1468 4331; x_wconf 88' lang='lat' dir='ltr'>status</span> <span class='ocrx_word' id='word_1_573' title='bbox 1508 4280 1611 4331; x_wconf 89' lang='lat' dir='ltr'>aut</span> <span class='ocrx_word' id='word_1_574' title='bbox 1651 4268 2013 4331; x_wconf 87' lang='lat' dir='ltr'>conditionis</span> <span class='ocrx_word' id='word_1_575' title='bbox 2028 4315 2046 4348; x_wconf 91' lang='lat'>,</span> <span class='ocrx_word' id='word_1_576' title='bbox 2105 4267 2553 4331; x_wconf 84' lang='lat' dir='ltr'>Ecclesiasticae</span> <span class='ocrx_word' id='word_1_577' title='bbox 2594 4279 2695 4329; x_wconf 91' lang='lat' dir='ltr'>aut</span> <span class='ocrx_word' id='word_1_578' title='bbox 2735 4267 3019 4330; x_wconf 89' lang='lat' dir='ltr'>Politicae</span> <span class='ocrx_word' id='word_1_579' title='bbox 3063 4266 3380 4345; x_wconf 85' lang='lat' dir='ltr'>superioris</span> <span class='ocrx_word' id='word_1_580' title='bbox 3420 4276 3520 4327; x_wconf 89' lang='lat' dir='ltr'>aut</span> 
     </span>
     <span class='ocr_line' id='line_1_50' title="bbox 587 4344 3517 4429; baseline -0.001 -22"><span class='ocrx_word' id='word_1_581' title='bbox 587 4344 880 4409; x_wconf 81' lang='lat' dir='ltr'>inferioris</span> <span class='ocrx_word' id='word_1_582' title='bbox 894 4392 912 4425; x_wconf 90' lang='lat'>,</span> <span class='ocrx_word' id='word_1_583' title='bbox 973 4368 1037 4409; x_wconf 89' lang='lat' dir='ltr'>se</span> <span class='ocrx_word' id='word_1_584' title='bbox 1096 4348 1480 4411; x_wconf 82' lang='lat' dir='ltr'>eximendum</span> <span class='ocrx_word' id='word_1_585' title='bbox 1524 4360 1724 4429; x_wconf 91' lang='lat' dir='ltr'>putet,</span> <span class='ocrx_word' id='word_1_586' title='bbox 1783 4368 1898 4411; x_wconf 93' lang='lat' dir='ltr'>nec</span> <span class='ocrx_word' id='word_1_587' title='bbox 1941 4349 2098 4410; x_wconf 89' lang='lat' dir='ltr'>enim</span> <span class='ocrx_word' id='word_1_588' title='bbox 2138 4348 2516 4429; x_wconf 86' lang='lat' dir='ltr'>Magistratus</span> <span class='ocrx_word' id='word_1_589' title='bbox 2556 4348 2893 4411; x_wconf 90' lang='lat' dir='ltr'>auctoritati</span> <span class='ocrx_word' id='word_1_590' title='bbox 2934 4347 3122 4425; x_wconf 89' lang='lat' dir='ltr'>magis</span> <span class='ocrx_word' id='word_1_591' title='bbox 3164 4346 3483 4425; x_wconf 83' lang='lat' dir='ltr'>derogatur</span> <span class='ocrx_word' id='word_1_592' title='bbox 3500 4392 3517 4419; x_wconf 91' lang='lat'>,</span> 
     </span>
    </p>

    <p class='ocr_par' dir='ltr' id='par_1_6' title="bbox 3343 4444 3521 4503">
     <span class='ocr_line' id='line_1_51' title="bbox 3343 4444 3521 4503; baseline -0.011 -16"><span class='ocrx_word' id='word_1_593' title='bbox 3343 4444 3521 4503; x_wconf 90' lang='lat' dir='ltr'>quam</span> 
     </span>
    </p>
   </div>
   <div class='ocr_carea' id='block_1_3' title="bbox 3872 2950 3876 3815">
    <p class='ocr_par' dir='ltr' id='par_1_7' title="bbox 3872 2950 3876 3815">
     <span class='ocr_line' id='line_1_52' title="bbox 3872 2950 3876 3815; baseline 0 0"><span class='ocrx_word' id='word_1_594' title='bbox 3872 2950 3876 3815; x_wconf 95' lang='lat' dir='ltr'> </span> 
     </span>
    </p>
   </div>
  </div>
 </body>
</html>
