3923 4875
670 328 789 392 ⁴4⁰
1722 324 2134 378 transiet
2193 328 2408 378 §aas
2467 328 2510 379 ι.

664 492 882 571 cipiurn
924 509 1243 554 commune
1282 492 1575 571 vtrimque
1612 490 1980 572 agnoscitur,
2021 514 2094 554 ex
2134 510 2258 573 quo
2299 494 2376 556 de
2415 492 2712 574 religionis
2753 504 2992 555 nostrae
3033 490 3304 555 veritate
3347 492 3638 555 conferre

665 574 990 654 possimuS,
1032 574 1088 634 δι
1128 572 1520 634 instrumento
1562 574 1865 633 communi
1901 574 1997 650 alij
2039 574 2186 635 alios
2224 574 2526 635 instruere.

740 654 859 713 Sed
908 662 1107 713 tamen
1160 652 1287 713 fieri
1340 672 1465 713 non
1515 662 1740 733 potest,
1792 664 1857 714 vt
1908 653 2012 731 qui
2063 652 2426 733 Scripturam
2479 664 2712 733 tenent,
2767 653 2948 714 iidem
3005 672 3134 713 non
3185 665 3462 715 teneant
3503 672 3630 714 rem

664 732 1029 811 Scripturae,
1069 734 1273 793 saltem
1316 733 1513 811 aliqua
1552 751 1628 793 ex
1662 744 1832 813 parte
1872 733 2082 813 ipsius:
2123 735 2278 794 Nam
2322 733 2370 795 si
2411 734 2513 812 qui
2555 744 2616 795 vt
2654 734 2858 794 Iudaei
2899 733 3215 795 tenuerint
3257 754 3447 811 eam,
3491 734 3534 811 ij
3555 752 3630 794 ne

664 812 1027 891 Scripturam
1082 813 1323 891 quidem
1376 812 1656 893 retinent,
1716 816 1850 873 curn
1907 813 2052 873 nihil
2101 814 2391 875 retineant
2439 814 2580 875 eius.
2636 814 2720 873 Vt
2759 832 2905 891 ergo
2947 812 3028 873 de
3065 813 3142 873 iis
3185 814 3490 875 dieamus
3526 812 3628 892 qui

666 892 1027 970 Scripturam
1068 896 1205 953 curn
1246 894 1425 953 rebus
1465 892 1752 971 scriptura
1790 894 2072 972 expositis
2109 892 2395 972 retinent,
2432 896 2652 972 gradus
2683 894 2898 953 borum
2921 904 3059 953 sunt
3078 893 3429 955 innumeri,
3467 896 3622 955 Nam

664 984 953 1049 quantum
994 972 1365 1033 interuallum
1405 984 1495 1033 est
1532 976 1570 1033 a
1610 974 1977 1051 perfectione
2016 972 2188 1035 huius
2231 974 2439 1053 officiJ‘,
2481 991 2667 1052 vsque
2706 974 2784 1033 ad
2815 970 3105 1033 extimum
3127 973 3624 1051 imperfectionis

662 1054 946 1131 gradum,
986 1054 1090 1131 qui
1128 1054 1436 1113 vniuersae
1475 1051 1817 1113 alienationi
1854 1056 1892 1113 a
1930 1055 2064 1113 Deo
2105 1064 2192 1115 est
2232 1054 2565 1134 proximus,
2603 1062 2802 1115 tantus
2821 1070 3108 1113 numerus
3129 1056 3454 1133 graduum
3476 1074 3618 1115 con·

666 1132 827 1193 stitui
880 1143 1076 1211 potest
1126 1134 1187 1193 in
1240 1132 1309 1193 iis
1360 1132 1484 1193 siue
1524 1133 1897 1211 hominibus,
1948 1132 2073 1193 siue
2115 1133 2428 1212 Ecclesiis,
2468 1137 2506 1193 a
2545 1133 2761 1211 quibus
2803 1132 3110 1211 Scriptura
3147 1152 3301 1195 cum
3349 1154 3426 1193 re
3465 1135 3616 1213 scip·

662 1224 829 1273 turae
870 1212 1171 1273 retinetur.
1210 1214 1358 1273 Sunt
1398 1222 1595 1273 autem
1638 1214 1696 1274 hi
1734 1215 1950 1292 gradus
1991 1214 2164 1290 plane
2205 1213 2691 1293 innumerabiles,
2732 1214 2870 1273 cum
2912 1215 3033 1273 hoc
3073 1213 3152 1274 ab
3175 1213 3312 1293 his,
3363 1215 3522 1274 illud
3539 1216 3614 1274 ab

664 1292 808 1371 illis,
847 1294 1007 1372 plus,
1048 1294 1267 1371 minus,
1308 1292 1614 1370 explicite,
1654 1294 1929 1370 confuse,
1971 1297 2148 1373 pure,
2187 1293 2417 1372 impure
2457 1304 2740 1353 teneatur.
2801 1292 2923 1353 Sed
2963 1293 3106 1369 quia
3143 1312 3282 1353 non
3329 1306 3434 1354 est
3473 1314 3614 1355 oon-

660 1373 769 1449 silij
812 1374 1031 1452 nostri,
1072 1384 1134 1433 vt
1172 1372 1391 1451 gradus
1432 1373 1565 1432 illos
1606 1372 2104 1451 peruestigernus,
2145 1374 2270 1433 duo
2309 1390 2540 1434 summa
2579 1392 2796 1451 genera
2835 1374 3034 1433 solum
3054 1373 3612 1453 destringemusad

663 1452 991 1513 institutum
1044 1454 1163 1513 hoc
1213 1453 1592 1531 pertinentia3
1646 1452 2133 1531 quandoquidem
2173 1451 2273 1513 hic
2316 1456 2394 1513 de
2433 1453 2544 1513 illis
2583 1454 2812 1513 tantum
2851 1453 3160 1513 laboratur
3201 1454 3313 1531 qui
3357 1466 3616 1533 propter

666 1533 967 1593 defectum
1018 1532 1277 1610 aliquem
1318 1550 1441 1593 non
1484 1532 1755 1592 videntur
1788 1532 2050 1593 habendi
2087 1533 2148 1593 in
2188 1532 2492 1593 Ecclesiae
2531 1550 2801 1592 numero.
2839 1534 2997 1592 Nam
3040 1532 3318 1609 alioquin
3363 1544 3616 1595 constat

664 1612 961 1673 neminem
1000 1612 1303 1681 hominem
1344 1624 1445 1673 aut
1486 1612 1815 1672 Ecclesiam
1856 1630 1984 1673 esse
2023 1612 2086 1673 in
2124 1612 2312 1689 terriS,
2345 1630 2500 1690 quae
2518 1614 2778 1691 perfecte
2799 1611 3234 1689 perfectionem
3257 1614 3613 1692 scripturae

663 1710 802 1753 cum
852 1708 1047 1753 rerum
1096 1691 1398 1771 Scriptura
1451 1694 2012 1770 comprehensarum
2063 1692 2424 1771 perfectione
2476 1703 2706 1773 teneat3
2761 1692 2868 1752 sed
2909 1691 3168 1769 aliquam
3212 1693 3609 1755 tolerabilem

662 1771 816 1833 inter
874 1772 1143 1833 homines
1197 1770 1681 1833 constitutionem
1737 1772 2041 1833 Ecclesiae
2082 1772 2509 1851 perfectionem
2549 1774 2812 1832 humano
2851 1790 3133 1833 sermone
3169 1774 3512 1852 appellari,
3555 1776 3610 1834 ἃ

660 1868 767 1912 eos
821 1851 941 1912 dici
992 1853 1069 1912 ab
1109 1853 1407 1929 Apostolo
1450 1854 1739 1930 perfectos
1758 1898 1775 1929 ,
1816 1852 1918 1930 qui
1960 1854 2038 1913 ad
2081 1852 2342 1929 aliquem
2381 1870 2567 1930 vsque
2605 1851 2857 1931 gradum
2897 1870 3008 1929 per
3047 1852 3160 1913 Dei
3199 1853 3470 1931 gratiam
3515 1874 3606 1914 as-

662 1932 988 1992 cenderint.
1036 1952 1087 1992 1.
1126 1932 1267 1993 Cor.
1314 1952 1367 1992 2.
1416 1952 1467 1993 1.
1508 1930 1721 2010 Philip.
1762 1950 1819 2009 3.
1870 1947 1961 2010 15.
2003 1932 2228 1993 Eorum
2268 1931 2446 2011 igitur
2485 1950 2740 2010 quorum
2778 1931 3151 2011 imperfectio
3191 1932 3341 1993 facit
3383 1946 3454 1994 vt
3491 1936 3608 1994 Ec-

663 2011 903 2071 clesiam
946 2011 1061 2072 Dei
1098 2012 1317 2073 habere
1357 2030 1539 2091 penes
1580 2032 1644 2073 se
1686 2012 1927 2073 minime
1965 2012 2278 2073 videantur
2291 2057 2310 2091 ,
2353 2024 2622 2089 respectu
2659 2011 2814 2071 illius
2851 2012 3082 2072 formae
3103 2021 3398 2074 externae
3417 2031 3606 2091 quam

664 2092 1023 2169 Scripturam
1062 2110 1291 2152 sacram
1333 2094 1731 2171 appellamus,
1772 2094 1895 2153 duo
1935 2101 2072 2153 sunt
2111 2110 2366 2171 genera:
2407 2092 2561 2153 Nam
2602 2090 2698 2168 alij
2739 2091 3108 2169 scripturam
3149 2095 3206 2153 &
3247 2111 3386 2153 rem
3417 2094 3606 2172 scrip-

662 2181 828 2232 turae
882 2171 939 2230 in
994 2172 1379 2232 fundamento
1425 2182 1655 2253 tenent3
1704 2171 1799 2249 alij
1854 2171 2216 2250 scripturam
2267 2172 2354 2232 sic
2391 2180 2620 2251 tenent,
2661 2180 2724 2231 vt
2765 2174 2804 2231 a
2843 2172 3238 2232 fundamento
3277 2172 3606 2233 discedant

667 2251 1026 2331 longissime.
1070 2252 1544 2312 Fundamentum
1582 2253 1978 2331 appellamus,
2017 2251 2142 2312 siue
2181 2255 2268 2329 (vt
2307 2253 2636 2329 loquuntur
2669 2253 2874 2329 vulge)
2915 2252 3200 2312 articulos
3241 2254 3602 2313 tundamen-

666 2333 813 2392 tales
853 2331 1019 2409 fidei,
1059 2350 1165 2392 eos
1204 2332 1331 2392 sine
1372 2332 1591 2409 quibus
1630 2333 1779 2393 fides
1818 2332 2151 2393 Christiana
2189 2340 2464 2393 constare
2503 2350 2626 2391 non
2667 2340 2887 2411 potest3
2930 2330 3268 2392 cuiusmodi
3295 2342 3446 2393 sunt
3464 2334 3603 2393 arti-

664 2411 781 2472 culi
820 2410 894 2472 de
935 2412 1069 2473 Deo
1087 2458 1103 2490 ,
1144 2411 1248 2490 qui
1284 2412 1735 2472 fundamentum
1775 2424 1865 2474 est
1902 2412 2104 2474 salutis
2143 2422 2382 2473 nostrae
2419 2410 2840 2490 obiectumque
2875 2411 3018 2473 fidei
3039 2412 3441 2474 immutabile.
3480 2414 3604 2490 Qui

664 2510 809 2570 ergo
850 2491 1208 2570 Scripturam
1251 2494 1306 2553 δι
1346 2493 1796 2552 fundamentum
1834 2493 1982 2553 illud
2021 2494 2272 2553 salutare
2310 2502 2542 2570 tenent,
2581 2491 2851 2570 quamuis
2891 2491 2956 2551 in
2997 2493 3176 2552 rebus
3193 2493 3456 2572 sing-ulis
3477 2513 3600 2554 nou

661 2574 851 2648 aeque
894 2571 971 2632 sit
1011 2573 1302 2651 explicata
1339 2571 1577 2634 illorum
1618 2573 1797 2651 fides,
1852 2583 2051 2633 tamen
2094 2591 2168 2632 ex
2205 2573 2399 2633 forma
2440 2582 2682 2632 externa
2719 2589 2897 2650 quam
2939 2571 3239 2650 impressit
3277 2573 3488 2650 DeuS,
3539 2574 3601 2632 in

661 2651 931 2712 Ecclesia
983 2653 1099 2713 Dei
1149 2651 1411 2712 habendi
1468 2663 1623 2714 sunt.
1678 2655 1833 2712 Nam
1889 2669 2044 2730 quae
2099 2651 2248 2711 ratio
2303 2663 2392 2714 est
2442 2651 2504 2712 in
2557 2655 2862 2731 membrO,
2915 2653 3170 2714 eandem
3227 2651 3292 2712 in
3333 2671 3602 2730 corpore

664 2749 905 2809 quoque
944 2731 1247 2793 Ecclesiae
1288 2741 1523 2824 oportet
1564 2731 1891 2793 obseruari.
1932 2730 2190 2792 Membri
2230 2731 2291 2791 in
2335 2732 2451 2792 fide
2473 2730 2693 2792 infirmi
2723 2730 3102 2810 miseremur,
3141 2735 3343 2793 recte:
3387 2733 3602 2810 quidni

666 2811 844 2872 etiam
894 2811 1161 2890 corporis
1210 2831 1286 2872 ex
1324 2811 1660 2872 infirmitate
1698 2809 2058 2873 laborantis?
2110 2812 2272 2871 Dum
2311 2811 2510 2872 anima
2549 2821 2638 2872 est
2675 2810 2736 2871 in
2779 2829 2883 2889 e0,
2926 2810 3110 2872 viuit:
3172 2811 3322 2871 dum
3365 2812 3597 2890 aliquid

664 2902 755 2952 est
808 2892 995 2970 vitae,
1046 2892 1245 2952 anima
1298 2903 1385 2953 est
1434 2891 1495 2951 in
1537 2909 1631 2952 eo.
1694 2891 1817 2968 Qui
1858 2895 2002 2952 vere
2042 2894 2080 2950 a
2119 2893 2508 2951 fundamento
2548 2893 2790 2970 absunt,
2829 2891 2884 2950 δι
2927 2889 3006 2951 de
3043 2889 3212 2951 litera
3251 2892 3602 2970 Scripturae

665 2973 727 3032 in
768 2991 945 3033 carne
986 2971 1338 3051 gloriantur,
1380 2971 1418 3047 ij
1459 2975 1619 3032 certe
1657 2972 1924 3032 Ecclesia
1965 2971 2183 3032 Christi
2221 2969 2426 3032 haberi
2466 2989 2590 3031 non
2629 2982 2896 3050 possunt.
2953 2970 3074 3031 Sed
3103 2987 3339 3031 rursum
3383 2971 3450 3031 in
3495 2972 3598 3032 illo

664 3070 883 3130 genere
934 3053 1119 3112 multa
1164 3051 1411 3112 veniunt
1459 3051 1849 3112 obseruanda.
1906 3050 2092 3111 Verbi
2143 3049 2368 3130 gratia:
2425 3051 2486 3112 Si
2537 3049 2574 3127 ij
2631 3049 2734 3128 qui
2785 3049 3236 3110 fundamentum
3297 3051 3598 3128 retinent,

668 3131 859 3208 ipsum
910 3149 1123 3209 purum
1174 3141 1277 3192 aut
1326 3131 1685 3210 impuratum
1736 3131 2020 3192 retinent:
2071 3129 2122 3191 si
2163 3131 2550 3211 impuratum,
2589 3139 2812 3207 quanta
2849 3129 3188 3208 impuritate
3229 3129 3602 3208 imputetur:

668 3211 731 3272 Si
790 3211 1128 3290 impuritate
1188 3227 1451 3290 summa,
1504 3223 1699 3271 vtrum
1754 3214 1955 3289 aperte
1993 3209 2320 3288 imputetur
2357 3211 2436 3272 ab
2473 3209 2642 3289 ipsiS,
2681 3229 2756 3270 an
2795 3213 2942 3270 vere
2981 3211 3061 3270 ab
3101 3209 3172 3270 iis
3207 3209 3315 3287 qui
3357 3221 3598 3271 eontra·

667 3291 871 3351 dicunt
928 3291 1264 3352 reuincatur
1325 3310 1397 3351 ex
1455 3301 1856 3367 consequente
1916 3289 2241 3369 impuritas.
2301 3291 2456 3349 Nam
2509 3289 2568 3350 in
2623 3289 2713 3350 his
2762 3291 2940 3350 rebus
2988 3307 3208 3369 magno
3263 3291 3499 3351 iudicio
3539 3292 3599 3350 in

668 3370 1041 3451 hominibus,
1097 3389 1310 3462 magna
1351 3370 1635 3449 religione
1674 3389 1827 3448 opus
1866 3381 1956 3430 est
1970 3396 1986 3442 ;
2027 3389 2104 3430 ne
2143 3369 2288 3429 illud
2331 3369 2524 3447 ipsum
2565 3369 2923 3430 beneficium
2938 3413 2957 3442 ,
3000 3371 3601 3448 quantulumcunque

671 3461 761 3511 est
798 3451 964 3528 quod
1004 3455 1042 3511 a
1082 3451 1321 3511 Christo
1361 3453 1497 3511 Iesu
1537 3460 1927 3528 perceperunt
1940 3496 1958 3530 ,
1998 3449 2439 3528 importunitate
2480 3452 2535 3511 δι
2573 3449 2890 3510 acerbitate
2931 3461 3136 3510 nostra
3173 3449 3450 3510 intereat.

752 3532 951 3608 Atque
1008 3531 1229 3590 vtinam
1282 3529 1380 3590 hic
1440 3531 1657 3591 modus
1708 3529 2008 3591 charitatis
2063 3530 2444 3606 veritatisque
2493 3529 2646 3590 inter
2697 3528 3067 3591 Christianos
3105 3530 3196 3591 his
3233 3531 3604 3592 calamitosis

669 3611 1037 3689 temporibus
1078 3609 1386 3671 obseruari
1424 3621 1656 3688 posset:
1694 3609 1917 3670 vtinam
1960 3609 2285 3670 sententiae
2323 3609 2702 3688 importunae
2791 3609 2973 3670 animi
3009 3609 3237 3689 infesti,
3287 3629 3602 3672 sermones

673 3690 925 3751 aculeati
938 3736 956 3769 ,
1004 3689 1270 3750 actiones
1323 3709 1567 3768 asperae
1617 3700 1795 3768 atque
1834 3691 2211 3751 vehementes
2251 3693 2289 3749 a
2329 3689 2677 3750 Christianis
2713 3653 3061 3750 bominibus
3099 3690 3276 3750 toties
3315 3692 3604 3752 abessent

682 3769 1022 3850 longissime
1038 3817 1055 3848 ,
1094 3769 1325 3848 quoties
1366 3787 1503 3830 cum
1536 3770 1603 3831 iis
1644 3769 1747 3848 qui
1786 3769 1947 3830 aliud
1985 3769 2243 3829 sentiunt
2259 3815 2276 3846 ,
2316 3771 2588 3830 conferre
2629 3769 2910 3848 cogitant.
2951 3771 3112 3830 Nam
3153 3769 3299 3847 quid
3317 3767 3604 3849 agimus?

672 3850 819 3928 quid
871 3850 1199 3930 cogitamus
1212 3894 1230 3924 ,
1284 3850 1573 3928 obsecre,
1636 3851 1776 3910 cum
1828 3865 2170 3911 sermonum
2224 3849 2520 3911 eiusmodi
2565 3850 2976 3910 habendorum
3029 3850 3366 3911 necessaria
3421 3851 3605 3911 nobis

672 3931 919 3990 offertur
966 3925 1245 3991 occasio?
1294 3929 1561 4008 plerique
1614 3948 1823 3990 omnes
1872 3929 1933 3989 in
1989 3946 2064 3989 eo
2121 3945 2354 4006 sumus,
2405 3939 2469 3989 vt
2521 3930 2906 3990 ostendamus
2945 3928 3097 3989 nihil
3137 3930 3316 3990 nobis
3355 3931 3608 4008 plaeere

671 4027 848 4088 posse
887 4012 1071 4090 quam
1100 4010 1266 4088 quod
1298 4013 1335 4069 a
1374 4009 1551 4072 nobis
1592 4009 1916 4089 cogitatur,
1971 4007 2186 4069 dicitur
2199 4055 2216 4086 ,
2253 4019 2584 4086 praestatur
2598 4053 2616 4086 ,
2655 4007 2718 4069 in
2755 4009 3410 4071 communicationibus
3451 4011 3606 4072 eius—

675 4089 871 4170 modi3
913 4092 1065 4151 adee
1106 4090 1365 4151 suauiter
1408 4107 1523 4151 nos
1559 4089 1721 4168 ipsos
1753 4089 1927 4150 nobis
1957 4088 2327 4149 admetimur.
2349 4091 2561 4166 Itaque
2579 4087 2938 4166 praeiudicia
2955 4089 3278 4150 nobiscum
3299 4090 3612 4152 fflerirnus

675 4168 753 4228 de
792 4167 865 4228 iis
904 4171 1246 4231 hominibus
1286 4169 1639 4247 quibuscum
1674 4171 1968 4248 agendum
2000 4178 2087 4228 est
2103 4213 2120 4247 ,
2162 4169 2240 4228 de
2281 4169 2656 4230 sermonibus
2695 4169 2958 4248 ipsorum
2999 4168 3398 4250 detrahimus,
3417 4171 3611 4252 indig-

676 4247 917 4310 nitatem
960 4267 1243 4328 augemus
1279 4249 1729 4328 quibuscunque
1762 4249 1957 4310 modis
1997 4265 2339 4327 possumus,
2375 4249 2636 4309 absurda
2673 4249 3137 4327 accumulamus,
3173 4251 3402 4327 quibus
3423 4255 3614 4331 magis

678 4327 1077 4389 deterreamus
1114 4329 1275 4407 ipsos
1288 4375 1305 4407 ,
1347 4334 1525 4406 quam
1566 4328 1928 4390 adducamus
1969 4329 2046 4389 ad
2087 4327 2390 4389 veritatem
2429 4329 2646 4390 Christi
2659 4373 2678 4408 ,
2711 4347 2822 4408 pro
2855 4347 2930 4389 eo
2949 4330 3116 4406 quod
3137 4347 3363 4391 manus
3379 4333 3614 4412 erigen-

3525 4413 3614 4474 dis
