<?xml version="1.0" encoding="UTF-8"?>
<!DOCTYPE html PUBLIC "-//W3C//DTD XHTML 1.0 Transitional//EN"
    "http://www.w3.org/TR/xhtml1/DTD/xhtml1-transitional.dtd">
<html xmlns="http://www.w3.org/1999/xhtml" xml:lang="en" lang="en">
 <head>
  <title>
</title>
<meta http-equiv="Content-Type" content="text/html;charset=utf-8" />
  <meta name='ocr-system' content='tesseract 3.04.00' />
  <meta name='ocr-capabilities' content='ocr_page ocr_carea ocr_par ocr_line ocrx_word'/>
</head>
<body>
  <div class='ocr_page' id='page_1' title='image "./dfranciscijunii00junigoog_0250.png"; bbox 0 0 3923 4875; ppageno 0'>
   <div class='ocr_carea' id='block_1_1' title="bbox 1383 365 3351 436">
    <p class='ocr_par' dir='ltr' id='par_1_1' title="bbox 1383 365 3351 436">
     <span class='ocr_line' id='line_1_1' title="bbox 1383 365 3351 436; baseline 0.002 -25"><span class='ocrx_word' id='word_1_1' title='bbox 1383 365 1714 412; x_wconf 69' lang='lat' dir='ltr'>russas</span> <span class='ocrx_word' id='word_1_2' title='bbox 1774 367 2423 414; x_wconf 68' lang='grc' dir='ltr'>ΤηιοιοοιοΑε.</span> <span class='ocrx_word' id='word_1_3' title='bbox 3242 371 3351 436; x_wconf 78' lang='lat'>223</span> 
     </span>
    </p>
   </div>
   <div class='ocr_carea' id='block_1_2' title="bbox 443 527 3356 1150">
    <p class='ocr_par' dir='ltr' id='par_1_2' title="bbox 443 527 3356 1150">
     <span class='ocr_line' id='line_1_2' title="bbox 459 527 3356 611; baseline 0.001 -21"><span class='ocrx_word' id='word_1_4' title='bbox 459 532 610 590; x_wconf 90' lang='lat' dir='ltr'>stola</span> <span class='ocrx_word' id='word_1_5' title='bbox 669 529 892 607; x_wconf 87' lang='lat' dir='ltr'>gloriae</span> <span class='ocrx_word' id='word_1_6' title='bbox 947 527 1109 608; x_wconf 89' lang='lat' dir='ltr'>ipsos</span> <span class='ocrx_word' id='word_1_7' title='bbox 1162 527 1396 590; x_wconf 84' lang='lat' dir='ltr'>induet:</span> <span class='ocrx_word' id='word_1_8' title='bbox 1431 529 1622 606; x_wconf 80' lang='lat' dir='ltr'>impiis</span> <span class='ocrx_word' id='word_1_9' title='bbox 1661 539 1856 590; x_wconf 90' lang='lat' dir='ltr'>autem</span> <span class='ocrx_word' id='word_1_10' title='bbox 1898 531 1958 590; x_wconf 87' lang='lat' dir='ltr'>in</span> <span class='ocrx_word' id='word_1_11' title='bbox 1994 531 2113 589; x_wconf 90' lang='lat' dir='ltr'>hoc</span> <span class='ocrx_word' id='word_1_12' title='bbox 2154 530 2377 591; x_wconf 88' lang='lat' dir='ltr'>mundo</span> <span class='ocrx_word' id='word_1_13' title='bbox 2419 531 2743 592; x_wconf 86' lang='lat' dir='ltr'>furentibus</span> <span class='ocrx_word' id='word_1_14' title='bbox 2782 549 3069 592; x_wconf 89' lang='lat' dir='ltr'>summam</span> <span class='ocrx_word' id='word_1_15' title='bbox 3112 533 3356 611; x_wconf 84' lang='lat' dir='ltr'>ignomi-</span> 
     </span>
     <span class='ocr_line' id='line_1_3' title="bbox 451 609 3356 690; baseline 0.001 -20"><span class='ocrx_word' id='word_1_16' title='bbox 451 611 610 670; x_wconf 84' lang='lat' dir='ltr'>niam</span> <span class='ocrx_word' id='word_1_17' title='bbox 665 611 891 686; x_wconf 87' lang='lat' dir='ltr'>inuret,</span> <span class='ocrx_word' id='word_1_18' title='bbox 932 609 1172 670; x_wconf 80' lang='lat' dir='ltr'>delicias</span> <span class='ocrx_word' id='word_1_19' title='bbox 1211 629 1418 670; x_wconf 85' lang='lat' dir='ltr'>eorum</span> <span class='ocrx_word' id='word_1_20' title='bbox 1457 610 1514 670; x_wconf 87' lang='lat' dir='ltr'>in</span> <span class='ocrx_word' id='word_1_21' title='bbox 1559 611 1910 674; x_wconf 86' lang='lat' dir='ltr'>cruciatum.</span> <span class='ocrx_word' id='word_1_22' title='bbox 1953 611 2132 670; x_wconf 86' lang='lat' dir='ltr'>risum</span> <span class='ocrx_word' id='word_1_23' title='bbox 2174 610 2229 670; x_wconf 88' lang='lat' dir='ltr'>in</span> <span class='ocrx_word' id='word_1_24' title='bbox 2276 611 2591 670; x_wconf 83' lang='lat' dir='ltr'>stridorem</span> <span class='ocrx_word' id='word_1_25' title='bbox 2634 612 2898 672; x_wconf 89' lang='lat' dir='ltr'>dentium</span> <span class='ocrx_word' id='word_1_26' title='bbox 2938 617 3356 690; x_wconf 78' lang='lat' dir='ltr'>permutando,</span> 
     </span>
     <span class='ocr_line' id='line_1_4' title="bbox 534 689 3355 770; baseline 0.002 -22"><span class='ocrx_word' id='word_1_27' title='bbox 534 711 626 750; x_wconf 86' lang='lat'>12.</span> <span class='ocrx_word' id='word_1_28' title='bbox 711 693 1075 750; x_wconf 82' lang='lat' dir='ltr'><em>Postremum</em></span> <span class='ocrx_word' id='word_1_29' title='bbox 1137 689 1432 764; x_wconf 85' lang='lat' dir='ltr'>medium,</span> <span class='ocrx_word' id='word_1_30' title='bbox 1493 702 1581 749; x_wconf 91' lang='lat' dir='ltr'>est</span> <span class='ocrx_word' id='word_1_31' title='bbox 1630 701 1823 750; x_wconf 88' lang='lat' dir='ltr'>rectus</span> <span class='ocrx_word' id='word_1_32' title='bbox 1882 692 2179 751; x_wconf 90' lang='lat' dir='ltr'>bonorum</span> <span class='ocrx_word' id='word_1_33' title='bbox 2238 689 2593 750; x_wconf 85' lang='lat' dir='ltr'>terrestrium</span> <span class='ocrx_word' id='word_1_34' title='bbox 2654 709 2819 770; x_wconf 85' lang='lat' dir='ltr'>vsus,</span> <span class='ocrx_word' id='word_1_35' title='bbox 2875 711 2997 768; x_wconf 86' lang='lat' dir='ltr'>qno</span> <span class='ocrx_word' id='word_1_36' title='bbox 3038 694 3103 752; x_wconf 88' lang='lat' dir='ltr'>fit</span> <span class='ocrx_word' id='word_1_37' title='bbox 3141 705 3205 753; x_wconf 86' lang='lat' dir='ltr'>vt</span> <span class='ocrx_word' id='word_1_38' title='bbox 3238 695 3355 754; x_wconf 92' lang='lat' dir='ltr'>hoc</span> 
     </span>
     <span class='ocr_line' id='line_1_5' title="bbox 447 769 3354 846; baseline 0.001 -16"><span class='ocrx_word' id='word_1_39' title='bbox 447 770 673 830; x_wconf 86' lang='lat' dir='ltr'>mundo</span> <span class='ocrx_word' id='word_1_40' title='bbox 711 783 944 831; x_wconf 85' lang='lat' dir='ltr'>vtamur</span> <span class='ocrx_word' id='word_1_41' title='bbox 985 781 1263 846; x_wconf 85' lang='lat' dir='ltr'><strong>tanquam</strong></span> <span class='ocrx_word' id='word_1_42' title='bbox 1309 788 1428 829; x_wconf 92' lang='lat' dir='ltr'>non</span> <span class='ocrx_word' id='word_1_43' title='bbox 1472 781 1729 846; x_wconf 86' lang='lat' dir='ltr'>vtentes,</span> <span class='ocrx_word' id='word_1_44' title='bbox 1773 774 2029 830; x_wconf 82' lang='lat' dir='ltr'>fruentes</span> <span class='ocrx_word' id='word_1_45' title='bbox 2070 771 2311 846; x_wconf 89' lang='lat' dir='ltr'>quidem</span> <span class='ocrx_word' id='word_1_46' title='bbox 2355 769 2528 830; x_wconf 87' lang='lat' dir='ltr'>bonis</span> <span class='ocrx_word' id='word_1_47' title='bbox 2568 774 2603 829; x_wconf 74' lang='lat' dir='ltr'>a</span> <span class='ocrx_word' id='word_1_48' title='bbox 2638 773 2771 830; x_wconf 92' lang='lat' dir='ltr'>Deo</span> <span class='ocrx_word' id='word_1_49' title='bbox 2792 773 3089 832; x_wconf 85' lang='lat' dir='ltr'>concessis</span> <span class='ocrx_word' id='word_1_50' title='bbox 3122 775 3199 832; x_wconf 88' lang='lat' dir='ltr'>ad</span> <span class='ocrx_word' id='word_1_51' title='bbox 3227 793 3354 833; x_wconf 90' lang='lat' dir='ltr'>cor-</span> 
     </span>
     <span class='ocr_line' id='line_1_6' title="bbox 445 849 3350 929; baseline 0 -19"><span class='ocrx_word' id='word_1_52' title='bbox 445 849 606 928; x_wconf 86' lang='lat' dir='ltr'>poris</span> <span class='ocrx_word' id='word_1_53' title='bbox 667 850 1154 911; x_wconf 83' lang='lat' dir='ltr'>sustentationem</span> <span class='ocrx_word' id='word_1_54' title='bbox 1197 853 1250 910; x_wconf 88' lang='lat'>&amp;</span> <span class='ocrx_word' id='word_1_55' title='bbox 1291 849 1747 926; x_wconf 76' lang='lat' dir='ltr'>recreationem,</span> <span class='ocrx_word' id='word_1_56' title='bbox 1781 851 1887 911; x_wconf 90' lang='lat' dir='ltr'>sed</span> <span class='ocrx_word' id='word_1_57' title='bbox 1929 861 2325 928; x_wconf 86' lang='lat' dir='ltr'>temperanter</span> <span class='ocrx_word' id='word_1_58' title='bbox 2364 853 2417 909; x_wconf 78' lang='lat'>81</span> <span class='ocrx_word' id='word_1_59' title='bbox 2460 867 2597 910; x_wconf 89' lang='lat' dir='ltr'>cum</span> <span class='ocrx_word' id='word_1_60' title='bbox 2640 850 2955 929; x_wconf 89' lang='lat' dir='ltr'>gratiarum</span> <span class='ocrx_word' id='word_1_61' title='bbox 3003 852 3252 913; x_wconf 88' lang='lat' dir='ltr'>actione.</span> <span class='ocrx_word' id='word_1_62' title='bbox 3300 875 3350 912; x_wconf 88' lang='lat'>2.</span> 
     </span>
     <span class='ocr_line' id='line_1_7' title="bbox 443 929 3351 1010; baseline 0.001 -21"><span class='ocrx_word' id='word_1_63' title='bbox 443 943 506 989; x_wconf 85' lang='lat' dir='ltr'>vt</span> <span class='ocrx_word' id='word_1_64' title='bbox 537 933 864 991; x_wconf 87' lang='lat' dir='ltr'>eorundem</span> <span class='ocrx_word' id='word_1_65' title='bbox 905 929 1212 1006; x_wconf 86' lang='lat' dir='ltr'>penuriam</span> <span class='ocrx_word' id='word_1_66' title='bbox 1254 931 1485 1006; x_wconf 77' lang='lat' dir='ltr'>placide</span> <span class='ocrx_word' id='word_1_67' title='bbox 1519 930 1800 998; x_wconf 82' lang='lat' dir='ltr'>feramus,</span> <span class='ocrx_word' id='word_1_68' title='bbox 1841 931 2235 1008; x_wconf 80' lang='lat' dir='ltr'>proximoque</span> <span class='ocrx_word' id='word_1_69' title='bbox 2272 931 2467 1008; x_wconf 84' lang='lat' dir='ltr'>egenti</span> <span class='ocrx_word' id='word_1_70' title='bbox 2506 929 2823 991; x_wconf 81' lang='lat' dir='ltr'>liberaliter</span> <span class='ocrx_word' id='word_1_71' title='bbox 2844 951 2915 991; x_wconf 87' lang='lat' dir='ltr'>ea</span> <span class='ocrx_word' id='word_1_72' title='bbox 2934 932 3351 1010; x_wconf 85' lang='lat' dir='ltr'>impertiamur,</span> 
     </span>
     <span class='ocr_line' id='line_1_8' title="bbox 444 1009 3355 1090; baseline 0.001 -21"><span class='ocrx_word' id='word_1_73' title='bbox 444 1031 516 1070; x_wconf 89' lang='lat' dir='ltr'>ac</span> <span class='ocrx_word' id='word_1_74' title='bbox 576 1011 829 1089; x_wconf 90' lang='lat' dir='ltr'>denique</span> <span class='ocrx_word' id='word_1_75' title='bbox 869 1011 1022 1070; x_wconf 88' lang='lat' dir='ltr'>intra</span> <span class='ocrx_word' id='word_1_76' title='bbox 1062 1021 1248 1069; x_wconf 84' lang='lat' dir='ltr'>metas</span> <span class='ocrx_word' id='word_1_77' title='bbox 1289 1010 1616 1070; x_wconf 85' lang='lat' dir='ltr'>vocationis</span> <span class='ocrx_word' id='word_1_78' title='bbox 1647 1012 2056 1071; x_wconf 85' lang='lat' dir='ltr'>contineamur</span> <span class='ocrx_word' id='word_1_79' title='bbox 2079 1057 2096 1086; x_wconf 91' lang='lat'>,</span> <span class='ocrx_word' id='word_1_80' title='bbox 2140 1031 2373 1089; x_wconf 84' lang='lat' dir='ltr'>semper</span> <span class='ocrx_word' id='word_1_81' title='bbox 2412 1009 2739 1086; x_wconf 84' lang='lat' dir='ltr'>cogitantes</span> <span class='ocrx_word' id='word_1_82' title='bbox 2779 1023 3017 1072; x_wconf 88' lang='lat' dir='ltr'>nostrae</span> <span class='ocrx_word' id='word_1_83' title='bbox 3062 1014 3355 1090; x_wconf 89' lang='lat' dir='ltr'>dispensa-</span> 
     </span>
     <span class='ocr_line' id='line_1_9' title="bbox 445 1090 3177 1150; baseline -0.001 0"><span class='ocrx_word' id='word_1_84' title='bbox 445 1091 627 1150; x_wconf 88' lang='lat' dir='ltr'>tionis</span> <span class='ocrx_word' id='word_1_85' title='bbox 666 1090 958 1150; x_wconf 88' lang='lat' dir='ltr'>rationem</span> <span class='ocrx_word' id='word_1_86' title='bbox 1002 1109 1129 1150; x_wconf 87' lang='lat' dir='ltr'>esse</span> <span class='ocrx_word' id='word_1_87' title='bbox 1169 1090 1534 1150; x_wconf 87' lang='lat' dir='ltr'>reddendam</span> <span class='ocrx_word' id='word_1_88' title='bbox 1574 1092 1728 1150; x_wconf 80' lang='lat' dir='ltr'>Deo,</span> <span class='ocrx_word' id='word_1_89' title='bbox 3166 1107 3177 1122; x_wconf 84' lang='lat'><strong>·</strong></span> 
     </span>
    </p>
   </div>
   <div class='ocr_carea' id='block_1_3' title="bbox 1610 1309 2198 1354">
    <p class='ocr_par' dir='ltr' id='par_1_3' title="bbox 1610 1309 2198 1354">
     <span class='ocr_line' id='line_1_10' title="bbox 1610 1309 2198 1354; baseline 0 0"><span class='ocrx_word' id='word_1_90' title='bbox 1610 1309 2198 1354; x_wconf 78' lang='lat' dir='ltr'>COROLLARIA.</span> 
     </span>
    </p>
   </div>
   <div class='ocr_carea' id='block_1_4' title="bbox 449 1473 3368 2039">
    <p class='ocr_par' dir='ltr' id='par_1_4' title="bbox 449 1473 3367 1874">
     <span class='ocr_line' id='line_1_11' title="bbox 539 1473 3363 1558; baseline 0.004 -26"><span class='ocrx_word' id='word_1_91' title='bbox 539 1493 585 1532; x_wconf 91' lang='lat'>1.</span> <span class='ocrx_word' id='word_1_92' title='bbox 629 1475 708 1532; x_wconf 89' lang='lat' dir='ltr'>Et</span> <span class='ocrx_word' id='word_1_93' title='bbox 769 1473 818 1534; x_wconf 91' lang='lat' dir='ltr'>si</span> <span class='ocrx_word' id='word_1_94' title='bbox 877 1473 1080 1534; x_wconf 89' lang='lat' dir='ltr'>fideles</span> <span class='ocrx_word' id='word_1_95' title='bbox 1141 1473 1427 1552; x_wconf 90' lang='lat' dir='ltr'>incipiunt</span> <span class='ocrx_word' id='word_1_96' title='bbox 1467 1475 1602 1534; x_wconf 93' lang='lat' dir='ltr'>Deo</span> <span class='ocrx_word' id='word_1_97' title='bbox 1642 1494 1872 1534; x_wconf 88' lang='lat' dir='ltr'>morem</span> <span class='ocrx_word' id='word_1_98' title='bbox 1912 1494 2146 1552; x_wconf 78' lang='lat' dir='ltr'>gerere,</span> <span class='ocrx_word' id='word_1_99' title='bbox 2186 1477 2241 1535; x_wconf 73' lang='grc' dir='ltr'>δι</span> <span class='ocrx_word' id='word_1_100' title='bbox 2282 1476 2651 1553; x_wconf 88' lang='lat' dir='ltr'>propositum</span> <span class='ocrx_word' id='word_1_101' title='bbox 2692 1479 2749 1538; x_wconf 88' lang='lat' dir='ltr'>ei</span> <span class='ocrx_word' id='word_1_102' title='bbox 2787 1479 3240 1558; x_wconf 88' lang='lat' dir='ltr'>obtemperandi</span> <span class='ocrx_word' id='word_1_103' title='bbox 3278 1502 3363 1543; x_wconf 90' lang='lat' dir='ltr'>se-</span> 
     </span>
     <span class='ocr_line' id='line_1_12' title="bbox 451 1553 3366 1638; baseline 0.003 -26"><span class='ocrx_word' id='word_1_104' title='bbox 451 1555 716 1613; x_wconf 88' lang='lat' dir='ltr'>cundum</span> <span class='ocrx_word' id='word_1_105' title='bbox 779 1553 980 1614; x_wconf 88' lang='lat' dir='ltr'>omnia</span> <span class='ocrx_word' id='word_1_106' title='bbox 1039 1553 1164 1614; x_wconf 90' lang='lat' dir='ltr'>eius</span> <span class='ocrx_word' id='word_1_107' title='bbox 1215 1565 1530 1632; x_wconf 87' lang='lat' dir='ltr'>praecepta</span> <span class='ocrx_word' id='word_1_108' title='bbox 1589 1556 1837 1629; x_wconf 78' lang='lat' dir='ltr'>habent3</span> <span class='ocrx_word' id='word_1_109' title='bbox 1873 1565 2069 1615; x_wconf 88' lang='lat' dir='ltr'>tamen</span> <span class='ocrx_word' id='word_1_110' title='bbox 2112 1557 2249 1632; x_wconf 89' lang='lat' dir='ltr'>quia</span> <span class='ocrx_word' id='word_1_111' title='bbox 2290 1575 2402 1616; x_wconf 90' lang='lat' dir='ltr'>nec</span> <span class='ocrx_word' id='word_1_112' title='bbox 2442 1560 2701 1633; x_wconf 81' lang='lat' dir='ltr'>perfecte</span> <span class='ocrx_word' id='word_1_113' title='bbox 2741 1561 2935 1620; x_wconf 88' lang='lat' dir='ltr'>Deum</span> <span class='ocrx_word' id='word_1_114' title='bbox 2974 1579 3366 1638; x_wconf 84' lang='lat' dir='ltr'>cognoscere,</span> 
     </span>
     <span class='ocr_line' id='line_1_13' title="bbox 449 1633 3367 1720; baseline 0.003 -28"><span class='ocrx_word' id='word_1_115' title='bbox 449 1653 564 1694; x_wconf 88' lang='lat' dir='ltr'>nee</span> <span class='ocrx_word' id='word_1_116' title='bbox 603 1633 984 1694; x_wconf 86' lang='lat' dir='ltr'>obedientam</span> <span class='ocrx_word' id='word_1_117' title='bbox 1025 1651 1203 1711; x_wconf 86' lang='lat' dir='ltr'>quam</span> <span class='ocrx_word' id='word_1_118' title='bbox 1246 1636 1339 1694; x_wconf 84' lang='lat' dir='ltr'>lex</span> <span class='ocrx_word' id='word_1_119' title='bbox 1380 1633 1620 1712; x_wconf 87' lang='lat' dir='ltr'>requirit</span> <span class='ocrx_word' id='word_1_120' title='bbox 1659 1646 1956 1712; x_wconf 88' lang='lat' dir='ltr'>praestare</span> <span class='ocrx_word' id='word_1_121' title='bbox 1996 1647 2275 1712; x_wconf 88' lang='lat' dir='ltr'>possunt,</span> <span class='ocrx_word' id='word_1_122' title='bbox 2314 1656 2420 1696; x_wconf 90' lang='lat' dir='ltr'>eos</span> <span class='ocrx_word' id='word_1_123' title='bbox 2464 1638 2699 1714; x_wconf 85' lang='lat' dir='ltr'>assequi</span> <span class='ocrx_word' id='word_1_124' title='bbox 2740 1639 2893 1699; x_wconf 85' lang='lat' dir='ltr'>vitae</span> <span class='ocrx_word' id='word_1_125' title='bbox 2926 1641 3367 1720; x_wconf 78' lang='lat' dir='ltr'>perfectionem,</span> 
     </span>
     <span class='ocr_line' id='line_1_14' title="bbox 451 1713 3363 1795; baseline 0.002 -21"><span class='ocrx_word' id='word_1_126' title='bbox 451 1715 595 1774; x_wconf 91' lang='lat' dir='ltr'>dum</span> <span class='ocrx_word' id='word_1_127' title='bbox 662 1713 759 1772; x_wconf 77' lang='lat' dir='ltr'>hic</span> <span class='ocrx_word' id='word_1_128' title='bbox 801 1714 1041 1789; x_wconf 84' lang='lat' dir='ltr'>viuunt,</span> <span class='ocrx_word' id='word_1_129' title='bbox 1084 1733 1364 1792; x_wconf 85' lang='lat' dir='ltr'>negamus</span> <span class='ocrx_word' id='word_1_130' title='bbox 1383 1761 1400 1792; x_wconf 91' lang='lat'>,</span> <span class='ocrx_word' id='word_1_131' title='bbox 1441 1727 1650 1774; x_wconf 87' lang='lat' dir='ltr'>contra</span> <span class='ocrx_word' id='word_1_132' title='bbox 1689 1714 2035 1775; x_wconf 90' lang='lat' dir='ltr'>Pontificios</span> <span class='ocrx_word' id='word_1_133' title='bbox 2078 1717 2131 1774; x_wconf 75' lang='grc' dir='ltr'>δι</span> <span class='ocrx_word' id='word_1_134' title='bbox 2172 1716 2623 1795; x_wconf 85' lang='lat' dir='ltr'>Anabaptistas,</span> <span class='ocrx_word' id='word_1_135' title='bbox 2658 1728 2890 1795; x_wconf 87' lang='lat' dir='ltr'>patrum</span> <span class='ocrx_word' id='word_1_136' title='bbox 2932 1737 3175 1780; x_wconf 90' lang='lat' dir='ltr'>suorum</span> <span class='ocrx_word' id='word_1_137' title='bbox 3216 1723 3363 1781; x_wconf 89' lang='lat' dir='ltr'>Pha-</span> 
     </span>
     <span class='ocr_line' id='line_1_15' title="bbox 453 1792 2132 1874; baseline 0.002 -22"><span class='ocrx_word' id='word_1_138' title='bbox 453 1793 775 1854; x_wconf 86' lang='lat' dir='ltr'>risaeorum</span> <span class='ocrx_word' id='word_1_139' title='bbox 817 1795 872 1853; x_wconf 72' lang='grc' dir='ltr'>δε</span> <span class='ocrx_word' id='word_1_140' title='bbox 915 1792 1362 1872; x_wconf 87' lang='lat' dir='ltr'>Pelagianorem</span> <span class='ocrx_word' id='word_1_141' title='bbox 1407 1793 1650 1874; x_wconf 87' lang='lat' dir='ltr'>vestigia</span> <span class='ocrx_word' id='word_1_142' title='bbox 1690 1805 2132 1872; x_wconf 79' lang='lat' dir='ltr'>persequentes,</span> 
     </span>
    </p>

    <p class='ocr_par' dir='ltr' id='par_1_5' title="bbox 455 1874 3368 2039">
     <span class='ocr_line' id='line_1_16' title="bbox 533 1874 3365 1956; baseline 0.003 -24"><span class='ocrx_word' id='word_1_143' title='bbox 533 1894 586 1933; x_wconf 89' lang='lat'>2.</span> <span class='ocrx_word' id='word_1_144' title='bbox 669 1874 894 1934; x_wconf 73' lang='lat' dir='ltr'>Contra</span> <span class='ocrx_word' id='word_1_145' title='bbox 956 1879 1133 1952; x_wconf 72' lang='lat' dir='ltr'>vero,</span> <span class='ocrx_word' id='word_1_146' title='bbox 1193 1876 1462 1950; x_wconf 85' lang='lat' dir='ltr'>quamuis</span> <span class='ocrx_word' id='word_1_147' title='bbox 1525 1875 1644 1934; x_wconf 88' lang='lat' dir='ltr'>vita</span> <span class='ocrx_word' id='word_1_148' title='bbox 1689 1875 1788 1935; x_wconf 86' lang='lat' dir='ltr'>illa</span> <span class='ocrx_word' id='word_1_149' title='bbox 1821 1894 1943 1935; x_wconf 89' lang='lat' dir='ltr'>non</span> <span class='ocrx_word' id='word_1_150' title='bbox 1985 1894 2217 1951; x_wconf 90' lang='lat' dir='ltr'>semper</span> <span class='ocrx_word' id='word_1_151' title='bbox 2258 1875 2317 1936; x_wconf 87' lang='lat' dir='ltr'>in</span> <span class='ocrx_word' id='word_1_152' title='bbox 2359 1877 2442 1936; x_wconf 92' lang='lat' dir='ltr'>eis</span> <span class='ocrx_word' id='word_1_153' title='bbox 2480 1889 2795 1955; x_wconf 81' lang='lat' dir='ltr'>appareat,</span> <span class='ocrx_word' id='word_1_154' title='bbox 2837 1879 2895 1938; x_wconf 72' lang='grc' dir='ltr'>δι</span> <span class='ocrx_word' id='word_1_155' title='bbox 2936 1897 3365 1956; x_wconf 87' lang='lat' dir='ltr'>nonnunquam</span> 
     </span>
     <span class='ocr_line' id='line_1_17' title="bbox 455 1953 3368 2039; baseline 0.002 -27"><span class='ocrx_word' id='word_1_156' title='bbox 455 1953 514 2012; x_wconf 92' lang='lat' dir='ltr'>in</span> <span class='ocrx_word' id='word_1_157' title='bbox 577 1965 824 2031; x_wconf 85' lang='lat' dir='ltr'>peccata</span> <span class='ocrx_word' id='word_1_158' title='bbox 880 1954 1154 2032; x_wconf 89' lang='lat' dir='ltr'>grauiora</span> <span class='ocrx_word' id='word_1_159' title='bbox 1194 1954 1486 2014; x_wconf 87' lang='lat' dir='ltr'>incidant:</span> <span class='ocrx_word' id='word_1_160' title='bbox 1525 1955 1649 2016; x_wconf 89' lang='lat' dir='ltr'>fieri</span> <span class='ocrx_word' id='word_1_161' title='bbox 1689 1973 1995 2032; x_wconf 88' lang='lat' dir='ltr'>nunquam</span> <span class='ocrx_word' id='word_1_162' title='bbox 2037 1973 2211 2032; x_wconf 88' lang='lat' dir='ltr'>posse</span> <span class='ocrx_word' id='word_1_163' title='bbox 2252 1958 2697 2034; x_wconf 78' lang='lat' dir='ltr'>contendimuS,</span> <span class='ocrx_word' id='word_1_164' title='bbox 2740 1970 2801 2018; x_wconf 89' lang='lat' dir='ltr'>vt</span> <span class='ocrx_word' id='word_1_165' title='bbox 2844 1977 3052 2018; x_wconf 89' lang='lat' dir='ltr'>eorum</span> <span class='ocrx_word' id='word_1_166' title='bbox 3092 1959 3235 2019; x_wconf 82' lang='lat' dir='ltr'>folia</span> <span class='ocrx_word' id='word_1_167' title='bbox 3266 1979 3368 2039; x_wconf 91' lang='lat' dir='ltr'>pe-</span> 
     </span>
    </p>
   </div>
   <div class='ocr_carea' id='block_1_5' title="bbox 445 2035 3367 2174">
    <p class='ocr_par' dir='ltr' id='par_1_6' title="bbox 445 2035 3367 2174">
     <span class='ocr_line' id='line_1_18' title="bbox 445 2035 3367 2174; baseline 0.003 -81"><span class='ocrx_word' id='word_1_168' title='bbox 445 2035 602 2094; x_wconf 89' lang='lat' dir='ltr'>nitus</span> <span class='ocrx_word' id='word_1_169' title='bbox 617 2045 1018 2174; x_wconf 49' lang='lat' dir='ltr'>Ie2x2lrescant,</span> <span class='ocrx_word' id='word_1_170' title='bbox 1057 2035 1196 2111; x_wconf 90' lang='lat' dir='ltr'>quia</span> <span class='ocrx_word' id='word_1_171' title='bbox 1235 2036 1545 2096; x_wconf 89' lang='lat' dir='ltr'>humorem</span> <span class='ocrx_word' id='word_1_172' title='bbox 1587 2055 1821 2113; x_wconf 88' lang='lat' dir='ltr'>semper</span> <span class='ocrx_word' id='word_1_173' title='bbox 1859 2035 2111 2096; x_wconf 89' lang='lat' dir='ltr'>retinent</span> <span class='ocrx_word' id='word_1_174' title='bbox 2150 2036 2207 2095; x_wconf 90' lang='lat' dir='ltr'>in</span> <span class='ocrx_word' id='word_1_175' title='bbox 2252 2037 2447 2096; x_wconf 87' lang='lat' dir='ltr'>radice</span> <span class='ocrx_word' id='word_1_176' title='bbox 2464 2083 2480 2112; x_wconf 91' lang='lat'>,</span> <span class='ocrx_word' id='word_1_177' title='bbox 2502 2055 2653 2114; x_wconf 90' lang='lat' dir='ltr'>quae</span> <span class='ocrx_word' id='word_1_178' title='bbox 2690 2040 2945 2099; x_wconf 87' lang='lat' dir='ltr'>fructum</span> <span class='ocrx_word' id='word_1_179' title='bbox 2967 2041 3079 2099; x_wconf 87' lang='lat' dir='ltr'>sert</span> <span class='ocrx_word' id='word_1_180' title='bbox 3099 2050 3367 2118; x_wconf 89' lang='lat' dir='ltr'>tempore</span> 
     </span>
     <span class='ocr_line' id='line_1_19' title="bbox 446 2131 884 2174; baseline 0.005 -2"><span class='ocrx_word' id='word_1_181' title='bbox 446 2131 577 2173; x_wconf 79' lang='lat' dir='ltr'>suo,</span> <span class='ocrx_word' id='word_1_182' title='bbox 673 2134 703 2173; x_wconf 87' lang='lat' dir='ltr'>s</span> <span class='ocrx_word' id='word_1_183' title='bbox 771 2161 784 2174; x_wconf 94' lang='lat'>.</span> <span class='ocrx_word' id='word_1_184' title='bbox 835 2135 884 2174; x_wconf 91' lang='lat'>1.</span> 
     </span>
    </p>
   </div>
   <div class='ocr_carea' id='block_1_6' title="bbox 1706 2344 2073 2354">
    <p class='ocr_par' dir='ltr' id='par_1_7' title="bbox 1706 2344 2073 2354">
     <span class='ocr_line' id='line_1_20' title="bbox 1706 2344 2073 2354; baseline 0.003 -1"><span class='ocrx_word' id='word_1_185' title='bbox 1706 2344 2073 2354; x_wconf 42' lang='lat' dir='ltr'>——nss—</span> 
     </span>
    </p>
   </div>
   <div class='ocr_carea' id='block_1_7' title="bbox 907 2534 2895 2597">
    <p class='ocr_par' dir='ltr' id='par_1_8' title="bbox 907 2534 2895 2597">
     <span class='ocr_line' id='line_1_21' title="bbox 907 2534 2895 2597; baseline 0.002 -5"><span class='ocrx_word' id='word_1_186' title='bbox 907 2534 1247 2593; x_wconf 89' lang='lat' dir='ltr'>XXXVIII.</span> <span class='ocrx_word' id='word_1_187' title='bbox 1328 2534 1459 2593; x_wconf 92' lang='lat' dir='ltr'>DE</span> <span class='ocrx_word' id='word_1_188' title='bbox 1519 2536 2136 2595; x_wconf 89' lang='lat' dir='ltr'><strong>LIBERTATE</strong></span> <span class='ocrx_word' id='word_1_189' title='bbox 2198 2536 2895 2597; x_wconf 86' lang='lat' dir='ltr'>CHRISTIANA.</span> 
     </span>
    </p>
   </div>
   <div class='ocr_carea' id='block_1_8' title="bbox 450 2710 3363 3257">
    <p class='ocr_par' dir='ltr' id='par_1_9' title="bbox 450 2710 3363 3257">
     <span class='ocr_line' id='line_1_22' title="bbox 551 2710 3359 2801; baseline 0.001 -23"><span class='ocrx_word' id='word_1_190' title='bbox 551 2710 766 2791; x_wconf 85' lang='lat' dir='ltr'>Quum</span> <span class='ocrx_word' id='word_1_191' title='bbox 815 2716 988 2779; x_wconf 88' lang='lat' dir='ltr'>iusti</span> <span class='ocrx_word' id='word_1_192' title='bbox 977 2715 1367 2801; x_wconf 82' lang='lat' dir='ltr'>ficationem</span> <span class='ocrx_word' id='word_1_193' title='bbox 1413 2714 1706 2779; x_wconf 80' lang='lat' dir='ltr'>hominis</span> <span class='ocrx_word' id='word_1_194' title='bbox 1755 2737 1974 2779; x_wconf 88' lang='lat' dir='ltr'>coram</span> <span class='ocrx_word' id='word_1_195' title='bbox 2014 2716 2157 2779; x_wconf 83' lang='lat' dir='ltr'>Deo</span> <span class='ocrx_word' id='word_1_196' title='bbox 2181 2714 2555 2779; x_wconf 88' lang='lat' dir='ltr'>Christiana</span> <span class='ocrx_word' id='word_1_197' title='bbox 2594 2718 2856 2781; x_wconf 88' lang='lat' dir='ltr'>libertas</span> <span class='ocrx_word' id='word_1_198' title='bbox 2888 2727 3326 2801; x_wconf 83' lang='lat' dir='ltr'>consequatur</span> <span class='ocrx_word' id='word_1_199' title='bbox 3346 2768 3359 2793; x_wconf 87' lang='lat'>‚</span> 
     </span>
     <span class='ocr_line' id='line_1_23' title="bbox 452 2805 3361 2889; baseline 0.001 -20"><span class='ocrx_word' id='word_1_200' title='bbox 452 2805 643 2889; x_wconf 84' lang='lat' dir='ltr'>eo‘que</span> <span class='ocrx_word' id='word_1_201' title='bbox 704 2806 863 2871; x_wconf 76' lang='lat' dir='ltr'>staec</span> <span class='ocrx_word' id='word_1_202' title='bbox 920 2808 1118 2871; x_wconf 88' lang='lat' dir='ltr'>illius</span> <span class='ocrx_word' id='word_1_203' title='bbox 1166 2807 1263 2870; x_wconf 83' lang='lat' dir='ltr'>sit</span> <span class='ocrx_word' id='word_1_204' title='bbox 1310 2807 1656 2888; x_wconf 78' lang='lat' dir='ltr'>appendix</span> <span class='ocrx_word' id='word_1_205' title='bbox 1677 2858 1690 2884; x_wconf 92' lang='lat'>,</span> <span class='ocrx_word' id='word_1_206' title='bbox 1744 2807 1905 2870; x_wconf 81' lang='lat' dir='ltr'>ordo</span> <span class='ocrx_word' id='word_1_207' title='bbox 1944 2806 2287 2889; x_wconf 80' lang='lat' dir='ltr'>postulat,</span> <span class='ocrx_word' id='word_1_208' title='bbox 2337 2817 2444 2883; x_wconf 89' lang='lat' dir='ltr'>vt,</span> <span class='ocrx_word' id='word_1_209' title='bbox 2494 2807 2627 2871; x_wconf 67' lang='lat' dir='ltr'>illd</span> <span class='ocrx_word' id='word_1_210' title='bbox 2670 2812 3242 2887; x_wconf 74' lang='grc' dir='ltr'><strong><em>κατασκευαςικαῗς</em></strong></span> <span class='ocrx_word' id='word_1_211' title='bbox 3292 2811 3361 2873; x_wconf 68' lang='grc' dir='ltr'>ἐν</span> 
     </span>
     <span class='ocr_line' id='line_1_24' title="bbox 450 2894 3361 2981; baseline 0 -18"><span class='ocrx_word' id='word_1_212' title='bbox 450 2894 986 2977; x_wconf 71' lang='grc' dir='ltr'><em>ἄνασκευαςικῶς</em></span> <span class='ocrx_word' id='word_1_213' title='bbox 1047 2898 1510 2981; x_wconf 82' lang='lat' dir='ltr'>superioribus</span> <span class='ocrx_word' id='word_1_214' title='bbox 1572 2898 2139 2981; x_wconf 75' lang='lat' dir='ltr'>disputationibus</span> <span class='ocrx_word' id='word_1_215' title='bbox 2190 2899 2547 2981; x_wconf 72' lang='lat' dir='ltr'>proposita</span> <span class='ocrx_word' id='word_1_216' title='bbox 2567 2949 2581 2973; x_wconf 90' lang='lat'>,</span> <span class='ocrx_word' id='word_1_217' title='bbox 2606 2926 2611 2934; x_wconf 92' lang='lat'><strong>·</strong></span> <span class='ocrx_word' id='word_1_218' title='bbox 2640 2898 2703 2975; x_wconf 86' lang='lat' dir='ltr'>(s.</span> <span class='ocrx_word' id='word_1_219' title='bbox 2764 2901 2961 2979; x_wconf 87' lang='lat'>1695)</span> <span class='ocrx_word' id='word_1_220' title='bbox 3022 2900 3119 2962; x_wconf 82' lang='lat' dir='ltr'>ad</span> <span class='ocrx_word' id='word_1_221' title='bbox 3157 2900 3361 2964; x_wconf 73' lang='lat' dir='ltr'>leuius</span> 
     </span>
     <span class='ocr_line' id='line_1_25' title="bbox 451 2986 3363 3072; baseline 0.001 -23"><span class='ocrx_word' id='word_1_222' title='bbox 451 2986 966 3068; x_wconf 79' lang='lat' dir='ltr'>explicationem</span> <span class='ocrx_word' id='word_1_223' title='bbox 1011 2990 1307 3051; x_wconf 65' lang='lat' dir='ltr'>maximi·</span> <span class='ocrx_word' id='word_1_224' title='bbox 1349 3010 1426 3052; x_wconf 88' lang='lat' dir='ltr'>sa</span> <span class='ocrx_word' id='word_1_225' title='bbox 1435 2990 1722 3053; x_wconf 86' lang='lat' dir='ltr'>lutarem</span> <span class='ocrx_word' id='word_1_226' title='bbox 1768 2992 1837 3054; x_wconf 68' lang='grc' dir='ltr'>ἐν</span> <span class='ocrx_word' id='word_1_227' title='bbox 1883 2992 2323 3053; x_wconf 75' lang='lat' dir='ltr'>necessariam</span> <span class='ocrx_word' id='word_1_228' title='bbox 2376 3000 2832 3061; x_wconf 85' lang='lat' dir='ltr'>trauscamus;</span> <span class='ocrx_word' id='word_1_229' title='bbox 2879 2992 2947 3053; x_wconf 85' lang='lat'><em>&amp;</em></span> <span class='ocrx_word' id='word_1_230' title='bbox 2965 3039 2981 3065; x_wconf 89' lang='lat'>‚</span> <span class='ocrx_word' id='word_1_231' title='bbox 3030 3011 3363 3072; x_wconf 80' lang='lat' dir='ltr'>quousque</span> 
     </span>
     <span class='ocr_line' id='line_1_26' title="bbox 452 3078 3361 3164; baseline 0.002 -24"><span class='ocrx_word' id='word_1_232' title='bbox 452 3098 524 3141; x_wconf 84' lang='lat' dir='ltr'>se</span> <span class='ocrx_word' id='word_1_233' title='bbox 589 3078 906 3143; x_wconf 80' lang='lat' dir='ltr'>extendat</span> <span class='ocrx_word' id='word_1_234' title='bbox 919 3128 932 3155; x_wconf 90' lang='lat'>,</span> <span class='ocrx_word' id='word_1_235' title='bbox 996 3079 1239 3162; x_wconf 77' lang='lat' dir='ltr'>quidve</span> <span class='ocrx_word' id='word_1_236' title='bbox 1301 3082 1656 3157; x_wconf 82' lang='lat' dir='ltr'>contineat,</span> <span class='ocrx_word' id='word_1_237' title='bbox 1732 3082 2081 3147; x_wconf 82' lang='lat' dir='ltr'>videamus</span> <span class='ocrx_word' id='word_1_238' title='bbox 2094 3104 2115 3143; x_wconf 91' lang='grc'>.·</span> <span class='ocrx_word' id='word_1_239' title='bbox 2182 3103 2263 3144; x_wconf 82' lang='lat' dir='ltr'>ne</span> <span class='ocrx_word' id='word_1_240' title='bbox 2320 3081 2579 3145; x_wconf 84' lang='lat' dir='ltr'>incauti</span> <span class='ocrx_word' id='word_1_241' title='bbox 2634 3081 2731 3143; x_wconf 84' lang='lat' dir='ltr'>ad</span> <span class='ocrx_word' id='word_1_242' title='bbox 2784 3082 3085 3164; x_wconf 72' lang='lat' dir='ltr'>effrenem</span> <span class='ocrx_word' id='word_1_243' title='bbox 3133 3082 3361 3145; x_wconf 86' lang='lat' dir='ltr'>carnis</span> 
     </span>
     <span class='ocr_line' id='line_1_27' title="bbox 456 3169 2739 3257; baseline 0.001 -26"><span class='ocrx_word' id='word_1_244' title='bbox 456 3169 798 3233; x_wconf 81' lang='lat' dir='ltr'>licentiam</span> <span class='ocrx_word' id='word_1_245' title='bbox 845 3172 914 3235; x_wconf 65' lang='grc' dir='ltr'><em>ἃ</em></span> <span class='ocrx_word' id='word_1_246' title='bbox 943 3170 1261 3252; x_wconf 84' lang='lat' dir='ltr'>fratrum</span> <span class='ocrx_word' id='word_1_247' title='bbox 1309 3171 1742 3257; x_wconf 86' lang='lat' dir='ltr'>infirmorum</span> <span class='ocrx_word' id='word_1_248' title='bbox 1789 3173 2195 3237; x_wconf 73' lang='lat' dir='ltr'>mersionem</span> <span class='ocrx_word' id='word_1_249' title='bbox 2243 3190 2321 3235; x_wconf 82' lang='lat' dir='ltr'>ea</span> <span class='ocrx_word' id='word_1_250' title='bbox 2364 3172 2739 3236; x_wconf 82' lang='lat' dir='ltr'>abutamur.</span> 
     </span>
    </p>
   </div>
   <div class='ocr_carea' id='block_1_9' title="bbox 1685 3384 2115 3443">
    <p class='ocr_par' dir='ltr' id='par_1_10' title="bbox 1685 3384 2115 3443">
     <span class='ocr_line' id='line_1_28' title="bbox 1685 3384 2115 3443; baseline 0.005 -2"><span class='ocrx_word' id='word_1_251' title='bbox 1685 3384 2007 3443; x_wconf 67' lang='lat' dir='ltr'>Tnnsm</span> <span class='ocrx_word' id='word_1_252' title='bbox 2065 3385 2115 3443; x_wconf 91' lang='grc' dir='ltr'>Ι.</span> 
     </span>
    </p>
   </div>
   <div class='ocr_carea' id='block_1_10' title="bbox 451 3557 3371 4510">
    <p class='ocr_par' dir='ltr' id='par_1_11' title="bbox 452 3557 3371 3955">
     <span class='ocr_line' id='line_1_29' title="bbox 549 3557 3368 3637; baseline 0.001 -22"><span class='ocrx_word' id='word_1_253' title='bbox 549 3558 858 3615; x_wconf 66' lang='grc' dir='ltr'>ῙΛΒκιιἸ-Αε</span> <span class='ocrx_word' id='word_1_254' title='bbox 921 3557 1252 3618; x_wconf 86' lang='lat' dir='ltr'>Christiana</span> <span class='ocrx_word' id='word_1_255' title='bbox 1311 3569 1398 3617; x_wconf 89' lang='lat' dir='ltr'>est</span> <span class='ocrx_word' id='word_1_256' title='bbox 1439 3558 1690 3637; x_wconf 87' lang='lat' dir='ltr'>gratuita</span> <span class='ocrx_word' id='word_1_257' title='bbox 1727 3560 1782 3618; x_wconf 73' lang='grc' dir='ltr'>δι</span> <span class='ocrx_word' id='word_1_258' title='bbox 1825 3559 2139 3637; x_wconf 88' lang='lat' dir='ltr'>spiritualis</span> <span class='ocrx_word' id='word_1_259' title='bbox 2178 3563 2321 3619; x_wconf 78' lang='lat' dir='ltr'>vere</span> <span class='ocrx_word' id='word_1_260' title='bbox 2353 3559 2611 3619; x_wconf 86' lang='lat' dir='ltr'>fidelium</span> <span class='ocrx_word' id='word_1_261' title='bbox 2655 3559 3065 3635; x_wconf 77' lang='lat' dir='ltr'>manumissio,</span> <span class='ocrx_word' id='word_1_262' title='bbox 3106 3558 3225 3635; x_wconf 68' lang='lat' dir='ltr'>qua</span> <span class='ocrx_word' id='word_1_263' title='bbox 3264 3578 3368 3636; x_wconf 90' lang='lat' dir='ltr'>per</span> 
     </span>
     <span class='ocr_line' id='line_1_30' title="bbox 465 3636 3371 3717; baseline 0.001 -21"><span class='ocrx_word' id='word_1_264' title='bbox 465 3636 766 3697; x_wconf 83' lang='lat' dir='ltr'>Christum</span> <span class='ocrx_word' id='word_1_265' title='bbox 810 3640 848 3696; x_wconf 74' lang='lat' dir='ltr'>a</span> <span class='ocrx_word' id='word_1_266' title='bbox 891 3638 1307 3697; x_wconf 76' lang='lat' dir='ltr'>maledictione</span> <span class='ocrx_word' id='word_1_267' title='bbox 1349 3640 1524 3716; x_wconf 83' lang='lat' dir='ltr'>legis,</span> <span class='ocrx_word' id='word_1_268' title='bbox 1567 3638 1843 3699; x_wconf 88' lang='lat' dir='ltr'>seruitute</span> <span class='ocrx_word' id='word_1_269' title='bbox 1885 3640 2115 3717; x_wconf 82' lang='lat' dir='ltr'>peccati</span> <span class='ocrx_word' id='word_1_270' title='bbox 2156 3641 2211 3699; x_wconf 73' lang='grc' dir='ltr'>δι</span> <span class='ocrx_word' id='word_1_271' title='bbox 2252 3640 2527 3717; x_wconf 87' lang='lat' dir='ltr'>legalium</span> <span class='ocrx_word' id='word_1_272' title='bbox 2570 3640 3033 3699; x_wconf 86' lang='lat' dir='ltr'>ceremoniarum</span> <span class='ocrx_word' id='word_1_273' title='bbox 3055 3645 3371 3716; x_wconf 78' lang='lat' dir='ltr'>rerumque</span> 
     </span>
     <span class='ocr_line' id='line_1_31' title="bbox 459 3717 3369 3797; baseline 0.001 -21"><span class='ocrx_word' id='word_1_274' title='bbox 459 3736 565 3794; x_wconf 90' lang='lat' dir='ltr'>per</span> <span class='ocrx_word' id='word_1_275' title='bbox 609 3736 674 3776; x_wconf 90' lang='lat' dir='ltr'>se</span> <span class='ocrx_word' id='word_1_276' title='bbox 719 3717 1171 3779; x_wconf 78' lang='lat' dir='ltr'>indifferentium</span> <span class='ocrx_word' id='word_1_277' title='bbox 1215 3717 1354 3796; x_wconf 81' lang='lat' dir='ltr'>iugo</span> <span class='ocrx_word' id='word_1_278' title='bbox 1395 3719 1600 3779; x_wconf 81' lang='lat' dir='ltr'>asserti</span> <span class='ocrx_word' id='word_1_279' title='bbox 1641 3720 1696 3779; x_wconf 70' lang='grc' dir='ltr'>δι</span> <span class='ocrx_word' id='word_1_280' title='bbox 1739 3720 1954 3797; x_wconf 89' lang='lat' dir='ltr'>Spiritu</span> <span class='ocrx_word' id='word_1_281' title='bbox 1997 3731 2205 3779; x_wconf 89' lang='lat' dir='ltr'>sancto</span> <span class='ocrx_word' id='word_1_282' title='bbox 2249 3720 2450 3781; x_wconf 86' lang='lat' dir='ltr'>donati</span> <span class='ocrx_word' id='word_1_283' title='bbox 2492 3733 2655 3795; x_wconf 87' lang='lat' dir='ltr'>sunt,</span> <span class='ocrx_word' id='word_1_284' title='bbox 2711 3732 2773 3779; x_wconf 84' lang='lat' dir='ltr'>vt</span> <span class='ocrx_word' id='word_1_285' title='bbox 2812 3732 3022 3796; x_wconf 88' lang='lat' dir='ltr'>sponte</span> <span class='ocrx_word' id='word_1_286' title='bbox 3062 3718 3119 3777; x_wconf 90' lang='lat' dir='ltr'>in</span> <span class='ocrx_word' id='word_1_287' title='bbox 3161 3720 3369 3779; x_wconf 85' lang='lat' dir='ltr'>sancti-</span> 
     </span>
     <span class='ocr_line' id='line_1_32' title="bbox 457 3796 3363 3877; baseline 0 -20"><span class='ocrx_word' id='word_1_288' title='bbox 457 3808 576 3857; x_wconf 84' lang='lat' dir='ltr'>tate</span> <span class='ocrx_word' id='word_1_289' title='bbox 642 3798 696 3857; x_wconf 85' lang='lat'>&amp;</span> <span class='ocrx_word' id='word_1_290' title='bbox 761 3796 978 3858; x_wconf 65' lang='lat' dir='ltr'>iustitia</span> <span class='ocrx_word' id='word_1_291' title='bbox 1041 3800 1176 3859; x_wconf 90' lang='lat' dir='ltr'>Deo</span> <span class='ocrx_word' id='word_1_292' title='bbox 1239 3799 1458 3859; x_wconf 88' lang='lat' dir='ltr'>seruire</span> <span class='ocrx_word' id='word_1_293' title='bbox 1499 3798 1812 3877; x_wconf 86' lang='lat' dir='ltr'>incipiant,</span> <span class='ocrx_word' id='word_1_294' title='bbox 1853 3800 1929 3859; x_wconf 88' lang='lat' dir='ltr'>ad</span> <span class='ocrx_word' id='word_1_295' title='bbox 1971 3817 2135 3860; x_wconf 84' lang='lat' dir='ltr'>suam</span> <span class='ocrx_word' id='word_1_296' title='bbox 2178 3801 2451 3869; x_wconf 70' lang='lat' dir='ltr'>salutem,</span> <span class='ocrx_word' id='word_1_297' title='bbox 2494 3802 2736 3859; x_wconf 83' lang='lat' dir='ltr'>fratrum</span> <span class='ocrx_word' id='word_1_298' title='bbox 2770 3798 3265 3876; x_wconf 84' lang='lat' dir='ltr'>aedificationem,</span> <span class='ocrx_word' id='word_1_299' title='bbox 3311 3800 3363 3857; x_wconf 71' lang='grc' dir='ltr'>δι</span> 
     </span>
     <span class='ocr_line' id='line_1_33' title="bbox 452 3876 874 3955; baseline 0.005 -19"><span class='ocrx_word' id='word_1_300' title='bbox 452 3876 568 3937; x_wconf 91' lang='lat' dir='ltr'>Dei</span> <span class='ocrx_word' id='word_1_301' title='bbox 605 3878 874 3955; x_wconf 84' lang='lat' dir='ltr'>gloriam.</span> 
     </span>
    </p>

    <p class='ocr_par' dir='ltr' id='par_1_12' title="bbox 451 3957 3371 4497">
     <span class='ocr_line' id='line_1_34' title="bbox 548 3957 3367 4037; baseline 0.001 -20"><span class='ocrx_word' id='word_1_302' title='bbox 548 3978 603 4018; x_wconf 85' lang='lat'>2.</span> <span class='ocrx_word' id='word_1_303' title='bbox 681 3957 1213 4019; x_wconf 87' lang='lat' dir='ltr'>Manumissionem</span> <span class='ocrx_word' id='word_1_304' title='bbox 1257 3976 1541 4019; x_wconf 81' lang='lat' dir='ltr'>vocamus</span> <span class='ocrx_word' id='word_1_305' title='bbox 1579 3978 1702 4018; x_wconf 88' lang='lat' dir='ltr'>non</span> <span class='ocrx_word' id='word_1_306' title='bbox 1747 3960 2153 4037; x_wconf 82' lang='lat' dir='ltr'>corporalem,</span> <span class='ocrx_word' id='word_1_307' title='bbox 2194 3960 2299 4019; x_wconf 87' lang='lat' dir='ltr'>sed</span> <span class='ocrx_word' id='word_1_308' title='bbox 2342 3959 2552 4037; x_wconf 88' lang='lat' dir='ltr'>(qualis</span> <span class='ocrx_word' id='word_1_309' title='bbox 2595 3960 2767 4019; x_wconf 87' lang='lat' dir='ltr'>etiam</span> <span class='ocrx_word' id='word_1_310' title='bbox 2811 3958 3081 4037; x_wconf 88' lang='lat' dir='ltr'>opposita</span> <span class='ocrx_word' id='word_1_311' title='bbox 3120 3958 3367 4019; x_wconf 85' lang='lat' dir='ltr'>seruitus</span> 
     </span>
     <span class='ocr_line' id='line_1_35' title="bbox 452 4038 3371 4117; baseline 0.001 -19"><span class='ocrx_word' id='word_1_312' title='bbox 452 4048 568 4107; x_wconf 86' lang='lat' dir='ltr'>est)</span> <span class='ocrx_word' id='word_1_313' title='bbox 615 4038 1009 4117; x_wconf 83' lang='lat' dir='ltr'>spiritualem,</span> <span class='ocrx_word' id='word_1_314' title='bbox 1047 4048 1114 4097; x_wconf 87' lang='lat' dir='ltr'>vt</span> <span class='ocrx_word' id='word_1_315' title='bbox 1153 4038 1326 4099; x_wconf 87' lang='lat' dir='ltr'>aliam</span> <span class='ocrx_word' id='word_1_316' title='bbox 1368 4042 1404 4099; x_wconf 74' lang='lat' dir='ltr'>a</span> <span class='ocrx_word' id='word_1_317' title='bbox 1441 4040 1684 4117; x_wconf 82' lang='lat' dir='ltr'>politica</span> <span class='ocrx_word' id='word_1_318' title='bbox 1725 4041 1818 4099; x_wconf 90' lang='lat' dir='ltr'>vel</span> <span class='ocrx_word' id='word_1_319' title='bbox 1858 4038 2047 4117; x_wconf 85' lang='lat' dir='ltr'>ciuili,</span> <span class='ocrx_word' id='word_1_320' title='bbox 2090 4040 2145 4100; x_wconf 73' lang='grc' dir='ltr'>δι</span> <span class='ocrx_word' id='word_1_321' title='bbox 2188 4041 2327 4099; x_wconf 88' lang='lat' dir='ltr'>ficta</span> <span class='ocrx_word' id='word_1_322' title='bbox 2364 4038 2609 4099; x_wconf 89' lang='lat' dir='ltr'>aliarum</span> <span class='ocrx_word' id='word_1_323' title='bbox 2648 4050 2939 4099; x_wconf 87' lang='lat' dir='ltr'>sectarum</span> <span class='ocrx_word' id='word_1_324' title='bbox 2960 4040 3223 4101; x_wconf 86' lang='lat' dir='ltr'>libertate</span> <span class='ocrx_word' id='word_1_325' title='bbox 3241 4058 3371 4101; x_wconf 85' lang='lat' dir='ltr'>esse</span> 
     </span>
     <span class='ocr_line' id='line_1_36' title="bbox 451 4117 3367 4197; baseline 0 -19"><span class='ocrx_word' id='word_1_326' title='bbox 451 4118 744 4179; x_wconf 86' lang='lat' dir='ltr'>sciamus:</span> <span class='ocrx_word' id='word_1_327' title='bbox 809 4118 1046 4197; x_wconf 87' lang='lat' dir='ltr'>respicit</span> <span class='ocrx_word' id='word_1_328' title='bbox 1113 4120 1268 4179; x_wconf 90' lang='lat' dir='ltr'>enim</span> <span class='ocrx_word' id='word_1_329' title='bbox 1329 4120 1798 4196; x_wconf 82' lang='lat' dir='ltr'>pacificationem</span> <span class='ocrx_word' id='word_1_330' title='bbox 1860 4117 2290 4194; x_wconf 80' lang='lat' dir='ltr'>conscientiae,</span> <span class='ocrx_word' id='word_1_331' title='bbox 2348 4136 2501 4195; x_wconf 90' lang='lat' dir='ltr'>quae</span> <span class='ocrx_word' id='word_1_332' title='bbox 2561 4119 2671 4179; x_wconf 89' lang='lat' dir='ltr'>scit</span> <span class='ocrx_word' id='word_1_333' title='bbox 2708 4120 2763 4178; x_wconf 74' lang='grc' dir='ltr'>δι</span> <span class='ocrx_word' id='word_1_334' title='bbox 2803 4119 3005 4189; x_wconf 73' lang='lat' dir='ltr'>sentit..</span> <span class='ocrx_word' id='word_1_335' title='bbox 3056 4138 3119 4179; x_wconf 91' lang='lat' dir='ltr'>se</span> <span class='ocrx_word' id='word_1_336' title='bbox 3158 4119 3367 4179; x_wconf 90' lang='lat' dir='ltr'>merito</span> 
     </span>
     <span class='ocr_line' id='line_1_37' title="bbox 455 4198 3367 4277; baseline 0.001 -20"><span class='ocrx_word' id='word_1_337' title='bbox 455 4198 674 4259; x_wconf 87' lang='lat' dir='ltr'>Christi</span> <span class='ocrx_word' id='word_1_338' title='bbox 717 4216 856 4258; x_wconf 89' lang='lat' dir='ltr'>cum</span> <span class='ocrx_word' id='word_1_339' title='bbox 897 4202 1032 4260; x_wconf 91' lang='lat' dir='ltr'>Deo</span> <span class='ocrx_word' id='word_1_340' title='bbox 1073 4199 1132 4259; x_wconf 88' lang='lat' dir='ltr'>in</span> <span class='ocrx_word' id='word_1_341' title='bbox 1174 4200 1420 4277; x_wconf 88' lang='lat' dir='ltr'>gratiam</span> <span class='ocrx_word' id='word_1_342' title='bbox 1463 4198 1722 4260; x_wconf 88' lang='lat' dir='ltr'>rediisse.</span> <span class='ocrx_word' id='word_1_343' title='bbox 1779 4202 1979 4259; x_wconf 87' lang='lat' dir='ltr'>Potest</span> <span class='ocrx_word' id='word_1_344' title='bbox 2021 4210 2217 4259; x_wconf 86' lang='lat' dir='ltr'>tamen</span> <span class='ocrx_word' id='word_1_345' title='bbox 2262 4216 2399 4258; x_wconf 89' lang='lat' dir='ltr'>cum</span> <span class='ocrx_word' id='word_1_346' title='bbox 2444 4208 2684 4259; x_wconf 85' lang='lat' dir='ltr'>externa</span> <span class='ocrx_word' id='word_1_347' title='bbox 2726 4216 2965 4275; x_wconf 88' lang='lat' dir='ltr'>quoque</span> <span class='ocrx_word' id='word_1_348' title='bbox 3007 4200 3275 4259; x_wconf 86' lang='lat' dir='ltr'>libertate</span> <span class='ocrx_word' id='word_1_349' title='bbox 3312 4200 3367 4259; x_wconf 77' lang='grc' dir='ltr'>δι</span> 
     </span>
     <span class='ocr_line' id='line_1_38' title="bbox 455 4276 3370 4351; baseline 0 -13"><span class='ocrx_word' id='word_1_350' title='bbox 455 4280 738 4338; x_wconf 85' lang='lat' dir='ltr'>seruitute</span> <span class='ocrx_word' id='word_1_351' title='bbox 783 4280 1132 4339; x_wconf 87' lang='lat' dir='ltr'>consistere:</span> <span class='ocrx_word' id='word_1_352' title='bbox 1173 4298 1310 4339; x_wconf 89' lang='lat' dir='ltr'>nam</span> <span class='ocrx_word' id='word_1_353' title='bbox 1349 4276 1589 4339; x_wconf 70' lang='lat' dir='ltr'>externa</span> <span class='ocrx_word' id='word_1_354' title='bbox 1631 4280 1898 4339; x_wconf 87' lang='lat' dir='ltr'>libertate</span> <span class='ocrx_word' id='word_1_355' title='bbox 1939 4280 2143 4339; x_wconf 87' lang='lat' dir='ltr'>donati</span> <span class='ocrx_word' id='word_1_356' title='bbox 2184 4280 2358 4338; x_wconf 86' lang='lat' dir='ltr'>etiam</span> <span class='ocrx_word' id='word_1_357' title='bbox 2402 4280 2691 4339; x_wconf 86' lang='lat' dir='ltr'>internam</span> <span class='ocrx_word' id='word_1_358' title='bbox 2730 4280 2983 4351; x_wconf 88' lang='lat' dir='ltr'>habere,</span> <span class='ocrx_word' id='word_1_359' title='bbox 3022 4282 3077 4340; x_wconf 75' lang='grc' dir='ltr'>δι</span> <span class='ocrx_word' id='word_1_360' title='bbox 3130 4290 3370 4339; x_wconf 87' lang='lat' dir='ltr'>externa</span> 
     </span>
     <span class='ocr_line' id='line_1_39' title="bbox 455 4358 3365 4497; baseline -0 -78"><span class='ocrx_word' id='word_1_361' title='bbox 455 4358 742 4419; x_wconf 86' lang='lat' dir='ltr'>seruitute</span> <span class='ocrx_word' id='word_1_362' title='bbox 812 4360 1000 4437; x_wconf 89' lang='lat' dir='ltr'>pressi</span> <span class='ocrx_word' id='word_1_363' title='bbox 1065 4360 1352 4419; x_wconf 83' lang='lat' dir='ltr'>internam</span> <span class='ocrx_word' id='word_1_364' title='bbox 1395 4361 1722 4419; x_wconf 75' lang='lat' dir='ltr'>libertatem</span> <span class='ocrx_word' id='word_1_365' title='bbox 1765 4358 2025 4419; x_wconf 81' lang='lat' dir='ltr'>nancisci</span> <span class='ocrx_word' id='word_1_366' title='bbox 2076 4362 2132 4419; x_wconf 70' lang='grc' dir='ltr'>δε</span> <span class='ocrx_word' id='word_1_367' title='bbox 2172 4360 2421 4419; x_wconf 83' lang='lat' dir='ltr'>retinere</span> <span class='ocrx_word' id='word_1_368' title='bbox 2458 4370 2725 4437; x_wconf 90' lang='lat' dir='ltr'>possunt.</span> <span class='ocrx_word' id='word_1_369' title='bbox 2770 4379 2819 4418; x_wconf 85' lang='lat'>1.</span> <span class='ocrx_word' id='word_1_370' title='bbox 2868 4362 3000 4420; x_wconf 81' lang='lat' dir='ltr'>Cor.</span> <span class='ocrx_word' id='word_1_371' title='bbox 3046 4378 3097 4435; x_wconf 82' lang='lat'>7.</span> <span class='ocrx_word' id='word_1_372' title='bbox 3140 4378 3365 4497; x_wconf 46' lang='lat' dir='ltr'>nisu·</span> 
     </span>
    </p>

    <p class='ocr_par' dir='ltr' id='par_1_13' title="bbox 1427 4446 3363 4510">
     <span class='ocr_line' id='line_1_40' title="bbox 1427 4446 3363 4510; baseline 0 -31"><span class='ocrx_word' id='word_1_373' title='bbox 1427 4446 1466 4479; x_wconf 62' lang='grc' dir='ltr'>Ο</span> <span class='ocrx_word' id='word_1_374' title='bbox 3264 4457 3363 4510; x_wconf 56' lang='lat' dir='ltr'>mc</span> 
     </span>
    </p>
   </div>
   <div class='ocr_carea' id='block_1_11' title="bbox 3904 1873 3906 3275">
    <p class='ocr_par' dir='ltr' id='par_1_14' title="bbox 3904 1873 3906 3275">
     <span class='ocr_line' id='line_1_41' title="bbox 3904 1873 3906 3275; baseline 0 0"><span class='ocrx_word' id='word_1_375' title='bbox 3904 1873 3906 3275; x_wconf 95' lang='lat' dir='ltr'> </span> 
     </span>
    </p>
   </div>
  </div>
 </body>
</html>
