3923 4875
585 369 705 446 364
1417 385 1523 430 ns
1579 385 2006 430 nostrus
2065 385 2328 430 »rosis
2387 385 2674 430 ossen.

580 547 657 606 de
696 545 912 624 quibus
946 545 1309 638 prospiciunt
1348 549 1527 626 leges
1568 547 1723 607 Nam
1766 549 1881 608 alia
1919 551 2024 609 lex
2065 547 2275 608 infanti
2311 550 2526 616 fertur,
2560 547 2676 608 alia
2705 547 2862 608 viro:
2903 549 3019 608 alia
3041 546 3260 608 aratori
3281 545 3524 626 serenti,

583 625 825 686 metenti
886 629 1035 705 aha,
1092 625 1206 686 alia
1264 625 1502 688 vinitori
1544 624 1824 706 fodienti,
1884 627 2234 720 pastinanti,
2295 628 2558 706 putanti,
2621 628 2736 690 alia
2775 626 3138 689 vindemiam
3179 627 3523 708 colligenti,

578 705 695 766 alia
756 708 845 782 (vt
904 725 979 768 ex
1038 707 1221 766 Paulo
1276 723 1576 768 sumamus
1616 709 1979 787 exemplum)
2019 709 2262 787 caelibi,
2303 706 2420 769 alia
2461 706 2808 788 coniugato.
2865 708 3251 786 Quapropter
3289 707 3522 785 optime

582 786 794 846 Paulus
835 787 911 846 de
952 787 1072 846 hoc
1110 799 1460 865 argumento
1502 786 1804 881 scribens,
1859 787 2276 850 necessitatem
2315 788 2648 866 simplicem
2696 787 2820 850 siue
2865 788 3199 848 absolutam
3243 789 3442 866 legum
3483 791 3522 846 a

580 865 969 926 conditionali
1008 865 1357 926 necessitate
1396 867 1701 945 discreuit,
1744 869 1951 930 dicens
1991 868 2069 930 de
2108 867 2342 948 legibus
2381 867 2630 946 quidem
2669 869 2940 928 absolute
2981 865 3358 944 necessariiS,
3381 868 3526 926 dm?

583 947 877 1005 Dominus
892 965 914 1004 .·
954 947 1031 1006 de
1069 944 1299 1023 legibus
1335 957 1535 1008 autem
1560 946 1970 1010 conditionem
2003 946 2322 1026 implexam
2349 947 2710 1008 habentibus
2723 993 2742 1024 ,
2768 950 2895 1008 dico
2915 967 3042 1024 ego,
3061 967 3178 1008 non
3199 945 3522 1022 Dominus,

592 1045 639 1084 1.
664 1025 803 1086 Cor.
844 1044 897 1102 7.
937 1045 1025 1084 12.
1071 1026 1169 1087 Sic
1200 1025 1304 1086 vbi
1343 1027 1421 1086 de
1460 1025 1793 1105 coniugatis
1835 1030 2090 1090 habetur
2131 1047 2348 1104 serm0,
2385 1028 2466 1088 ad
2503 1045 2764 1120 quorum
2803 1026 3147 1106 coniugium
3191 1037 3416 1104 sancta,
3455 1025 3522 1086 id

584 1117 703 1180 est,
753 1103 1109 1166 inuiolabilis
1163 1105 1333 1166 adest
1394 1105 1739 1168 necessitas:
1794 1109 1864 1170 iis
1878 1155 1895 1181 ,
1950 1107 2170 1188 inquit,
2231 1108 2337 1186 qui
2376 1119 2734 1168 matrimono
2776 1106 2960 1168 iuncti
3004 1117 3170 1184 sunt,
3212 1103 3513 1168 denuncio

587 1203 709 1244 non
773 1203 922 1264 ego,
992 1187 1099 1246 sed
1157 1185 1488 1264 Dominus,
1542 1206 1694 1248 vxor
1743 1191 1782 1248 a
1838 1187 1968 1250 viro
2024 1207 2152 1250 sese
2189 1206 2269 1248 ne
2310 1199 2611 1267 separato:
2653 1187 2822 1263 quod
2861 1185 2911 1248 si
2951 1204 3082 1247 sese
3121 1184 3514 1266 separauerit,

588 1276 828 1327 maneto
890 1263 1167 1343 innupta,
1227 1277 1330 1326 aut
1369 1265 1786 1328 reconciliator
1823 1269 1953 1328 viro
1969 1315 1988 1344 ,
2029 1271 2085 1330 &
2126 1268 2216 1328 vir
2253 1287 2502 1329 vxorem
2543 1287 2620 1328 ne
2659 1265 2960 1328 dimittito.
3005 1267 3210 1342 Quum
3250 1270 3396 1327 vero
3431 1265 3516 1326 de

584 1343 655 1404 iis
695 1343 954 1422 loquitur
993 1345 1318 1423 Apostolus
1358 1345 1460 1422 qui
1500 1364 1637 1407 cum
1674 1346 2012 1410 infidelibus
2051 1347 2349 1426 coniugati
2389 1357 2558 1408 erant
2589 1345 2848 1425 itemque
2869 1347 2946 1406 de
2967 1345 3227 1424 innuptis
3243 1391 3263 1424 ,
3281 1345 3518 1406 diuersa

582 1423 757 1501 plane
820 1424 1048 1485 ratione
1100 1423 1161 1484 in
1202 1425 1506 1502 loquendo
1547 1425 1753 1502 vtitur,
1795 1426 1934 1506 quia
1973 1427 2066 1488 his
2106 1425 2392 1505 exemplis
2431 1446 2666 1504 semper
2709 1425 2978 1487 conditio
3026 1424 3368 1486 mutationis
3406 1425 3514 1484 im-

584 1503 759 1581 plexa
821 1514 912 1564 est
972 1523 1045 1564 ex
1086 1523 1470 1581 personarum
1514 1507 1929 1569 mutabilitate:
1985 1518 2348 1586 quapropter
2383 1507 2459 1568 de
2498 1506 2622 1568 istis
2666 1506 2842 1584 dicit,
2884 1505 3123 1583 reliquis
3163 1517 3360 1566 autem
3393 1522 3514 1582 ego

588 1581 761 1660 dice,
800 1601 923 1644 non
956 1573 1284 1645 Dominus:
1328 1585 1378 1645 si
1417 1585 1549 1662 quis
1590 1585 1768 1649 frater
1812 1607 2058 1648 vxorem
2100 1587 2283 1648 habet
2323 1586 2621 1648 infidelem
2663 1604 2818 1664 quae
2857 1585 3191 1646 consentiat
3228 1584 3310 1644 ad
3347 1582 3514 1644 babi-

586 1663 831 1722 tandum
872 1680 1009 1723 cum
1048 1682 1155 1740 eo,
1201 1684 1276 1724 ne
1298 1683 1431 1726 eam
1473 1663 1783 1727 dimittito:
1825 1670 1881 1728 δι
1918 1685 2071 1727 vxor
2113 1685 2266 1744 quae
2307 1667 2488 1728 habet
2519 1666 2714 1726 virum
2736 1665 3033 1727 infidelem
3054 1665 3161 1743 qui
3181 1662 3514 1726 consentiat

586 1743 665 1801 ad
723 1743 1112 1803 habitandum
1166 1762 1305 1804 cum
1358 1765 1458 1820 ea,
1496 1764 1574 1805 ne
1614 1764 1751 1806 eum
1792 1744 2094 1808 dimittito.
2133 1756 2193 1806 at
2232 1745 2280 1806 si
2319 1744 2571 1807 infidelis
2616 1745 2876 1823 seipsum
2917 1755 3178 1823 separet,
3213 1755 3517 1822 separatus

584 1831 713 1882 esto
729 1867 747 1901 ,
806 1825 918 1883 διε.
979 1823 1281 1900 aliquanto
1342 1828 1475 1902 post
1528 1825 1779 1886 ibidem:
1839 1828 1934 1888 De
1995 1823 2318 1904 virginibus
2377 1837 2573 1886 autem
2635 1836 3022 1904 praeceptum
3079 1822 3328 1886 Domini
3385 1841 3512 1884 non

587 1903 803 1964 habe0.
867 1903 970 1963 Est
1017 1902 1194 1980 igitur
1246 1903 1305 1964 in
1360 1903 1429 1964 iis
1471 1921 1625 1981 quae
1676 1905 1976 1983 superiore
2019 1905 2215 1984 capite
2253 1905 2534 1982 diximus,
2587 1907 2862 1966 absoluta
2897 1904 3280 1966 neccessitas:
3321 1902 3384 1964 in
3421 1903 3516 1963 his

588 1981 903 2120 {ecessitas
920 1985 1270 2121 lsecundum
1323 1982 1491 2064 quid,
1542 2003 1615 2044 ex
1651 1985 1993 2047 conditione
2047 1998 2190 2065 puta
2229 2003 2424 2046 rerum
2474 1985 2833 2063 singularum
2874 1984 2952 2046 de
2993 1983 3207 2063 quibus
3251 1985 3519 2044 feruntur

632 2079 881 2122 umanae
943 2081 1101 2142 eges.

669 2141 789 2202 Sed
848 2142 989 2219 quia
1042 2142 1398 2205 mutationes
1448 2142 1575 2206 sine
1623 2161 1801 2206 causa
1852 2147 1907 2206 &
1948 2145 2176 2207 ratione
2213 2145 2368 2206 iusta
2405 2143 2718 2206 admittere
2733 2189 2752 2221 ,
2801 2143 3146 2223 praesertim
3185 2143 3250 2204 in
3290 2140 3518 2222 legibus

591 2221 671 2281 ad
711 2221 1001 2282 rationem
1042 2221 1218 2300 aequi
1248 2223 1427 2300 boni,
1478 2227 1533 2284 ὅτ
1575 2225 1847 2286 ordinem
1880 2225 2191 2318 publicum
2231 2223 2685 2304 pertinentibus,
2737 2224 2921 2302 turpis
2959 2223 3212 2285 leuitatis
3249 2225 3402 2283 foret
3437 2241 3514 2282 ac

588 2299 1051 2378 inconstantiae,
1116 2307 1435 2380 antequam
1494 2303 1573 2364 de
1632 2307 1898 2367 mutabili
1954 2305 2300 2366 conditione
2364 2307 2564 2382 legum
2586 2349 2603 2382 ,
2663 2309 2980 2382 rerumque
3038 2302 3292 2365 dicimus
3351 2319 3508 2380 quae

586 2392 842 2459 aguntur
900 2381 1161 2461 legibus,
1222 2383 1543 2445 videndum
1603 2395 1695 2447 est
1749 2387 1925 2447 nobis
1981 2384 2044 2446 in
2099 2386 2219 2447 hoc
2259 2387 2396 2447 loco
2438 2385 2516 2447 de
2553 2383 2744 2446 causis
2761 2429 2779 2460 ,
2847 2403 2922 2447 ex
2959 2381 3176 2462 quibus
3213 2384 3511 2444 humanae

586 2461 747 2539 leges
788 2472 997 2522 natura
1038 2480 1143 2522 sua
1182 2462 1455 2525 dicuntur
1496 2465 1825 2527 mutabiles.
1867 2465 2030 2527 Nihil
2069 2464 2266 2526 dicam
2303 2466 2424 2527 hoc
2461 2467 2600 2525 loco
2637 2466 2716 2527 de
2749 2464 2852 2526 illo
2894 2464 3192 2525 axiomate
3233 2464 3294 2524 in
3337 2465 3516 2523 rebus

589 2540 867 2602 omnibus
904 2542 1384 2604 constantissimo
1424 2555 1603 2621 atque
1643 2544 2139 2624 exploratissimo:
2191 2563 2343 2623 quae
2373 2554 2572 2606 ortum
2610 2545 2864 2623 habent,
2927 2564 2997 2605 ea
3037 2544 3274 2605 interitu
3313 2561 3518 2603 carere

588 2640 711 2681 non
751 2640 957 2700 posse:
1006 2639 1160 2699 quae
1201 2633 1335 2683 ortu
1375 2628 1432 2685 δι
1472 2623 1708 2686 interitu
1754 2636 2059 2703 constant,
2117 2624 2188 2685 iis
2227 2623 2564 2687 necessario
2605 2623 2798 2685 inesse
2836 2622 3254 2685 mutationem:
3297 2640 3448 2699 quae
3479 2625 3518 2682 a

588 2700 882 2779 principio
944 2702 1369 2765 mutationibus
1430 2702 1645 2765 infesto
1706 2706 2006 2782 oriuntur,
2064 2723 2136 2765 ea
2193 2724 2316 2767 non
2369 2704 2558 2783 magis
2615 2724 2826 2765 vacare
2868 2702 3294 2765 mutationibus
3333 2705 3518 2780 quarn

590 2779 945 2859 principium
984 2798 1155 2843 suum
1196 2786 1233 2842 a
1276 2801 1395 2861 qua
1428 2784 1853 2861 processerint:
1896 2787 1952 2846 &
1995 2784 2045 2845 si
2085 2801 2204 2863 qua
2245 2795 2382 2846 sunt
2425 2783 2749 2861 eiusmodi,
2789 2785 3004 2862 quibus
3045 2786 3204 2862 leges
3222 2785 3515 2843 humanae

588 2860 1065 2921 demonstrantur
1113 2881 1188 2921 ex
1239 2864 1400 2923 sacto
1446 2864 1779 2927 mutabiles.
1820 2864 1919 2927 hic
1958 2863 2118 2925 enim
2159 2865 2239 2925 de
2279 2864 2405 2925 iure
2445 2863 2578 2941 ipso
2595 2908 2612 2941 ,
2665 2884 2788 2925 non
2828 2863 2906 2924 de
2944 2865 3106 2923 facto
3147 2861 3514 2940 quaerimus:

588 2958 783 3017 neque
820 2940 884 3000 id
922 2942 1115 3001 solum
1157 2940 1443 3023 dicimus,
1485 2946 1646 3022 leges
1680 2945 1971 3006 humanas
2007 2944 2252 3022 mutari3
2295 2944 2402 3006 sed
2442 2943 2634 3021 (quod
2671 2944 2924 3023 amplius
2964 2954 3079 3022 est)
3117 2942 3328 3003 mutari
3368 2940 3516 3002 iure.

587 3018 783 3080 Huius
842 3039 985 3099 ergo
1044 3020 1385 3083 mutationis
1448 3042 1603 3101 quae
1656 3025 1783 3085 iure
1834 3024 2068 3103 legibus
2116 3024 2389 3085 humanis
2443 3024 2755 3097 conuenit,
2810 3024 2960 3085 duas
3011 3022 3260 3084 omnino
3303 3040 3512 3082 causas

584 3098 1011 3178 comperimus:
1068 3118 1317 3178 quarum
1368 3122 1486 3163 vna
1525 3112 1649 3179 est,
1688 3108 1727 3165 a
1770 3106 1957 3165 modo
1999 3108 2058 3167 δι
2101 3102 2447 3165 conditione
2487 3122 2777 3181 personae
2820 3100 3061 3164 ferentis
3103 3104 3294 3181 leges,
3331 3102 3520 3161 altera

585 3184 623 3239 a
662 3180 848 3239 modo
888 3196 1095 3241 eorum
1136 3182 1213 3242 ad
1255 3200 1409 3260 quae
1448 3181 1768 3261 respiciunt
1806 3186 2015 3262 Leges
2058 3184 2212 3244 Nam
2252 3182 2313 3244 in
2350 3194 2602 3260 vtroque
2633 3181 2885 3245 mutatio
2909 3184 3244 3261 frequenter
3265 3179 3515 3255 accidit:

588 3277 707 3337 qua
759 3278 833 3319 ex
883 3260 1205 3322 mutatione
1257 3261 1451 3323 existit
1490 3264 1759 3324 mutandi
1798 3266 2086 3325 humanas
2125 3265 2180 3324 le
2221 3282 2284 3323 es
2324 3262 2646 3325 necessitas
2663 3308 2681 3341 ,
2723 3280 3117 3341 quaecunque
3153 3260 3396 3339 insuper
3434 3264 3515 3323 ab

588 3338 715 3399 aliis
776 3340 1153 3418 adferuntur,
1214 3354 1316 3403 aut
1367 3343 1445 3402 ad
1499 3344 1617 3404 hoc
1666 3355 2078 3421 argumentum
2119 3364 2155 3403 a
2201 3342 2336 3403 ferri
2369 3353 2646 3421 possunt,
2704 3362 2776 3403 ea
2815 3342 2961 3404 mihi
2999 3342 3244 3420 quidem
3285 3339 3517 3419 optimo

590 3418 715 3479 iure
755 3419 1031 3480 videntur
1068 3422 1145 3481 ad
1183 3424 1433 3483 alterum
1472 3442 1547 3483 ex
1584 3422 1677 3484 his
1718 3424 1953 3493 duobus
1989 3422 2282 3502 capitibus
2321 3423 2630 3483 referenda
2669 3442 2836 3484 esse:
2877 3424 2958 3485 de
2997 3422 3212 3502 quibus
3232 3421 3518 3499 deinceps

599 3498 842 3577 ordine,
877 3503 1057 3577 quam
1096 3500 1443 3563 breuissime
1483 3502 1609 3563 fieri
1651 3504 1901 3582 poterit,
1946 3503 2162 3564 dicturi
2199 3520 2420 3563 sumus.

676 3580 857 3640 Thes.
920 3599 1015 3641 20.
1117 3584 1211 3641 Ac
1270 3581 1525 3661 primum
1584 3582 1826 3660 quidem
1888 3584 2057 3661 quod
2122 3582 2202 3644 ad
2259 3601 2574 3659 personam
2637 3580 3020 3660 Legislatoris
3075 3578 3284 3640 attinet
3301 3624 3320 3656 ,
3379 3580 3516 3640 cum

597 3661 693 3719 lex
750 3658 895 3719 nihil
946 3659 1109 3721 aliud
1167 3660 1271 3738 sit,
1330 3660 1443 3721 nisi
1500 3662 1743 3723 rationis
1804 3682 1924 3741 qua
1975 3664 2160 3725 homo
2219 3661 2518 3742 praeditus
2579 3672 2668 3722 est
2707 3658 3004 3739 ordinatio
3020 3706 3038 3738 ,
3098 3659 3347 3720 omnino
3405 3670 3518 3720 sta·

592 3738 810 3799 tuimus
831 3784 851 3817 ,
926 3752 1105 3817 prout
1164 3742 1312 3802 ratio
1372 3742 1835 3819 Legislatoribus
1894 3743 2109 3819 variat,
2171 3741 2252 3803 ita
2307 3744 2365 3803 δι
2428 3743 2620 3821 legem
2675 3740 2827 3802 illius
2847 3784 2865 3817 ,
2923 3758 3078 3817 quae
3131 3738 3376 3800 rationis
3430 3748 3518 3799 est

596 3817 895 3880 ordinatio
956 3820 1381 3882 mutationibus
1432 3820 1759 3883 subiectam
1822 3842 1970 3884 esse.
2047 3821 2250 3882 Variat
2308 3831 2508 3881 autem
2569 3822 2804 3881 duobus
2845 3818 3038 3881 modis
3073 3820 3223 3879 ratio
3263 3818 3520 3880 hominis

590 3900 713 3976 fe(l'.
763 3898 1122 3977 1509)rentis
1180 3902 1392 3979 legem.
1449 3903 1605 3961 Nam
1664 3913 1765 3962 aut
1822 3902 2072 3979 assurgit
2130 3903 2192 3962 in
2255 3900 2486 3977 melius,
2549 3912 2650 3961 aut
2708 3900 2885 3961 etiam
2935 3899 3060 3960 abit
3112 3898 3172 3959 in
3218 3898 3416 3975 peius:
3456 3902 3518 3959 in

588 3980 788 4039 melius
850 3980 1108 4057 quidem,
1168 3984 1225 4040 si
1279 3984 1439 4043 ratio
1498 3984 1684 4061 ipsius
1744 4002 1872 4041 cum
1929 3984 2160 4043 ratione
2211 3990 2374 4041 recta
2412 3979 2715 4060 principiis
2755 3990 3058 4053 aeternae,
3097 3980 3423 4055 humanae,
3465 3980 3520 4037 ὅτ

585 4057 819 4119 diuinae
872 4058 1015 4139 legis
1068 4060 1461 4123 conueniente
1493 4062 1855 4142 profecerit:
1912 4065 1974 4121 in
2015 4064 2190 4141 peius
2241 4080 2381 4122 vero
2397 4106 2415 4138 ,
2455 4063 2512 4121 si
2536 4070 2789 4140 praeter
2828 4060 3114 4119 rationem
3153 4060 3318 4118 illam
3357 4078 3519 4120 com-

589 4155 829 4198 munem
870 4141 927 4201 δι
969 4139 1271 4217 principiis
1312 4139 1424 4202 illis
1467 4140 1933 4202 immutabilibus
1974 4141 2443 4203 consentientem
2485 4139 2788 4213 defecerit.
2827 4138 2945 4199 His
2984 4136 3218 4217 positis,
3255 4137 3338 4199 ita
3377 4156 3518 4198 con-

590 4217 909 4278 cludimus:
952 4222 1007 4278 si
1047 4222 1385 4297 Legislator
1420 4224 1484 4280 iu
1522 4224 1863 4281 conscientia
1901 4229 2172 4281 aeternae
2209 4222 2355 4296 legis
2369 4266 2390 4299 ,
2429 4230 2538 4279 aut
2569 4223 2631 4278 in
2671 4222 2992 4295 cognitione
3029 4237 3227 4277 eorum
3273 4220 3520 4295 adquae

592 4300 909 4375 respiciunt
944 4302 1098 4375 leges
1128 4300 1482 4377 profecerit:
1524 4310 1644 4360 tum
1682 4304 1904 4360 demt'em
1944 4304 2126 4377 legem
2165 4302 2240 4358 ab
2279 4320 2343 4360 eo
2384 4303 2610 4360 mutari
2620 4309 2790 4376 posse
2805 4344 2822 4377 ,
2842 4301 2899 4357 si
2913 4300 3146 4357 euidens
3165 4300 3285 4358 erit
3299 4300 3520 4358 uti'litas

596 4379 685 4455 (vt
728 4377 919 4439 verbis
962 4378 1200 4455 leiani
1240 4390 1368 4441 vtar
1406 4382 1475 4439 L.
1525 4400 1578 4441 2.
1620 4380 1678 4441 ff.
1718 4382 1795 4441 de
1834 4390 2028 4441 const.
2069 4379 2344 4458 princip.)
2375 4388 2626 4459 propter
2663 4398 2840 4455 quam
2877 4380 3181 4437 recedatur
3211 4378 3288 4437 ab
3305 4396 3370 4437 eo
3388 4380 3518 4436 fiere

3365 4459 3525 4535 quod
