3923 4875
1333 369 1656 414 rnnsrs
1715 364 2381 409 rasonoorcas.
3214 368 3327 424 219

393 543 734 594 constanter
795 529 1142 604 asserimus;
1201 530 1550 610 scripturam
1605 527 1832 606 quoties
1871 527 1946 588 de
1982 526 2389 589 iustificatione
2431 528 2686 588 hominis
2732 526 3063 606 peccatoris
3102 547 3313 586 coram

399 617 530 674 Deo
591 611 880 689 loquitur,
927 611 1142 670 iustum
1183 613 1296 673 Dei
1335 612 1395 673 in
1431 612 1670 672 Christo
1709 627 1820 668 nos
1859 608 2254 685 absoluentis,
2296 609 2356 668 in
2400 611 2532 669 foro
2575 609 2677 668 illo
2724 607 2927 668 diuino
2970 611 3025 668 &
3068 607 3309 668 caelesti

395 691 668 754 tribunali
725 693 904 752 latam
963 692 1341 762 sententiam,
1401 694 1456 752 δι
1515 692 1806 753 iustorum
1848 687 2401 764 pronunciationem
2441 689 2794 766 intelligere,
2836 697 3017 764 atque
3064 686 3309 748 vocibus

393 776 572 838 etiam
627 770 1002 832 iudicialibus
1073 789 1146 830 ac
1205 773 1534 834 forensibus
1593 770 1948 831 describere.
2012 770 2151 828 Non
2212 781 2411 829 autem
2450 769 2711 846 aliquam
2752 768 3163 828 alterationem
3206 780 3307 828 aut

394 853 742 931 qualitatum
798 851 1181 928 infusionem,
1237 865 1340 913 aut
1397 851 1656 930 denique
1719 869 1824 928 per
1885 867 2071 925 opera
2112 859 2313 910 nostra
2350 849 2838 926 acquisitionem,
2880 865 3059 925 quam
3101 848 3313 907 aduer-

393 935 528 1012 sarij
569 953 644 994 ex
673 932 1172 1010 Philosophorum
1211 934 1432 994 scholis
1466 933 1532 993 in
1571 931 1900 992 Ecclesiam
1937 928 2051 989 Dei
2092 929 2475 990 introducere
2512 939 2823 990 conantur.

477 1036 536 1087 4.
616 1012 906 1089 Quamuis
965 1022 1164 1072 autem
1205 1015 1492 1074 fateamur
1529 1031 1742 1073 vocem
1781 1008 2165 1089 iustificandi,
2215 1009 2513 1076 interdum
2554 1006 2907 1086 quibusdam
2948 1005 3095 1067 locis
3134 1008 3293 1067 varie

389 1093 688 1171 vsurpari,
749 1093 850 1154 vbi
907 1090 1070 1152 istius
1127 1109 1442 1170 processus
1494 1090 1782 1152 iudicialis
1825 1109 1947 1150 non
1990 1091 2055 1149 fit
2096 1089 2351 1150 mentio:
2394 1099 2457 1149 vt
2496 1090 2635 1149 cum
2674 1087 2985 1148 iustificare
3030 1086 3296 1164 ponitur.

399 1195 451 1235 1.
495 1177 610 1235 Pro
673 1175 802 1233 Deo
861 1171 1110 1232 iustitiae
1169 1173 1404 1236 laudem
1458 1173 1733 1234 tribuere.
1785 1191 1837 1228 2.
1881 1180 1984 1230 aut
2021 1168 2425 1232 testimonium
2466 1168 2811 1246 perhibere,
2852 1169 2946 1227 vel
2988 1168 3199 1228 falsam
3244 1170 3300 1227 δι

391 1255 630 1315 inanem
667 1251 946 1314 iustitiam
985 1263 1298 1314 ostentare.
1341 1273 1398 1328 4.
1441 1255 1533 1313 vel
1576 1251 1834 1328 denique
1875 1249 1934 1310 in
1976 1251 2285 1310 sanctitate
2326 1251 2382 1309 δι
2426 1249 2681 1326 puritate
2720 1249 2875 1308 vitae
2917 1265 3301 1326 progressum

393 1337 604 1395 facere.
669 1349 724 1410 5.
785 1336 935 1392 Item
977 1331 1037 1392 in
1079 1332 1294 1394 iustitia
1333 1332 1664 1410 instituere,
1705 1332 2127 1407 instruereque.
2171 1332 2228 1390 6.
2272 1331 2367 1390 vel
2407 1333 2744 1407 postremo,
2786 1327 3065 1394 iustitiam
3110 1329 3309 1388 testari

394 1433 600 1475 coram
641 1411 996 1474 hominibus.
1037 1414 1268 1474 Tamen
1299 1415 1479 1489 haec,
1501 1415 1638 1473 cum
1658 1432 1732 1472 ex
1751 1421 1942 1470 textus
1961 1409 2229 1488 diligenti
2248 1410 2665 1470 obseruatione
2687 1409 2997 1487 perspicua
3018 1408 3279 1468 euadant
3294 1451 3312 1486 ,

395 1491 745 1555 sententiam
788 1503 1051 1554 nostram
1065 1537 1084 1569 ,
1125 1509 1304 1569 supra
1339 1495 1574 1554 allatam
1589 1539 1606 1572 ,
1648 1507 2023 1569 nequaquam
2064 1491 2399 1550 conuellere
2438 1498 2703 1567 possunt.

479 1592 534 1653 5.
617 1575 744 1634 [mo
805 1577 948 1634 vero
1007 1591 1080 1633 ex
1141 1573 1230 1632 his
1291 1574 1594 1634 manifeste
1652 1582 1924 1650 apparet:
1987 1569 2285 1630 iustificari
2324 1569 2581 1648 aliquem
2624 1571 2714 1630 vel
2756 1586 2961 1629 coram
3002 1569 3137 1627 Deo
3154 1613 3171 1640 ,
3220 1570 3311 1626 vel

397 1673 600 1714 coram
659 1652 1016 1713 hominibus
1083 1654 1298 1714 Coram
1357 1654 1708 1728 hominibus,
1769 1653 1908 1711 cum
1968 1650 2101 1727 quis
2142 1669 2213 1709 ex
2264 1650 2539 1726 operibus
2578 1648 2845 1710 charitati
2886 1647 3307 1707 conformibus

393 1734 577 1795 iustus
615 1746 888 1792 censetur
927 1734 1004 1792 ab
1049 1733 1390 1794 hominibus
1428 1733 1644 1793 Coram
1691 1733 1818 1791 Deo
1859 1731 1952 1792 vel
1992 1749 2067 1789 ex
2106 1729 2387 1808 operibus
2428 1732 2523 1790 vel
2568 1749 2640 1790 ex
2682 1729 2820 1789 fide.
2860 1728 2961 1786 Em
3000 1729 3275 1807 operibus
3296 1771 3312 1798 ,

397 1817 534 1876 cum
591 1813 724 1890 quis
785 1830 1026 1874 suorum
1081 1831 1330 1890 operum
1372 1813 1734 1890 perfectione
1775 1815 1830 1872 81
1872 1810 2231 1890 integritate,
2276 1810 2580 1871 vniuersae
2620 1809 2736 1888 legi
2777 1807 3011 1868 diuinae
3051 1807 3313 1885 perfecte

395 1893 780 1970 satisfaciens,
820 1893 882 1952 in
921 1891 1140 1952 iudicio
1181 1894 1294 1954 Dei
1333 1894 1516 1954 iustus
1557 1903 1846 1954 censetur.
1891 1892 2091 1967 Quam
2130 1890 2406 1951 iustitiam
2448 1891 2585 1951 cum
2624 1891 2947 1967 perfectam
2971 1890 3025 1949 δι
3049 1888 3311 1947 omnihus

398 1977 654 2035 numerale
711 1974 1036 2032 absolutam
1091 1993 1217 2034 esse
1259 1983 1560 2052 oporteat:
1601 1989 1860 2049 cumque
1899 1970 2201 2032 neminem
2240 1971 2549 2032 hominum
2592 1989 2723 2030 earn
2764 1979 3063 2047 praestare
3104 1987 3309 2045 posse,

397 2055 518 2116 imo
558 2056 768 2114 contra
805 2071 1040 2130 semper
1077 2055 1142 2113 in
1181 2073 1316 2114 eam
1355 2055 1680 2132 impingere
1719 2071 1792 2112 ac
1831 2055 2121 2130 perpetuo
2163 2050 2503 2129 delinquere
2543 2063 2771 2111 certum
2804 2049 2912 2128 sit,
2938 2049 3077 2110 inde
3098 2047 3315 2108 euinci·

400 2147 492 2195 tur
506 2181 523 2212 ,
583 2135 696 2194 hac
755 2131 970 2193 iustitia
1029 2151 1280 2210 operum
1295 2179 1312 2212 ,
1375 2153 1530 2213 quae
1583 2137 1638 2195 &
1679 2132 1824 2210 legis
1863 2131 2077 2192 iustitia
2117 2132 2172 2190 δι
2212 2130 2453 2210 propria
2492 2131 2733 2209 dicitur,
2774 2129 3070 2190 neminem
3110 2147 3315 2189 coram

399 2217 532 2276 Deo
596 2211 891 2274 iustificari
949 2233 1154 2290 posse,
1214 2235 1285 2274 ac
1339 2215 1592 2292 proinde
1643 2215 1819 2274 aliam
1860 2211 2140 2272 iustitiam
2181 2210 2357 2272 nobis
2400 2211 2799 2288 quaerendam
2840 2229 2967 2270 esse
3009 2208 3057 2268 si
3097 2208 3313 2269 seruari

401 2295 691 2372 cupimuS,
723 2292 1003 2353 nimirum
1027 2295 1153 2354 Dei
1169 2313 1238 2354 ac
1261 2295 1488 2354 Chn'sti
1497 2341 1514 2366 ,
1549 2311 1704 2372 quae
1723 2293 1900 2352 etiam
1919 2291 2137 2353 iustitia
2156 2293 2339 2368 fidei,
2370 2293 2673 2369 imputata,
2694 2291 3063 2366 Euangelica
3081 2288 3313 2349 dicitur.

478 2378 536 2436 6.
617 2375 788 2451 Quae
828 2384 1026 2434 autem
1065 2373 1140 2434 sit
1179 2375 1278 2436 illa
1317 2387 1520 2436 nostra
1561 2373 1797 2447 iustitia,
1847 2372 2020 2432 facile
2062 2389 2493 2451 cognoscemus
2510 2419 2527 2449 ,
2568 2389 2705 2430 cum
2748 2386 2901 2449 quae
2938 2367 3052 2428 sint
3072 2387 3315 2428 caussae

398 2456 550 2516 illius
563 2500 580 2533 ,
643 2455 1017 2533 vaiectum,
1071 2456 1128 2514 δι
1182 2454 1342 2516 Finis
1396 2454 1835 2535 perspiciemus.
1887 2473 1935 2513 1.
1979 2450 2195 2531 Igitur:
2237 2472 2449 2513 caussa
2489 2454 2755 2529 efficiens
2794 2458 2881 2509 est
2916 2452 3077 2509 solus
3116 2452 3311 2523 Deus,

397 2546 459 2595 vt
498 2546 665 2613 pote,
707 2546 916 2607 contra
955 2552 1134 2613 quem
1175 2538 1368 2597 solum
1407 2536 1830 2613 delinquimus,
1871 2536 1926 2594 &
1968 2532 2071 2611 qui
2112 2542 2397 2611 tanquam
2430 2550 2735 2610 supremus
2766 2530 2943 2591 iudex
2964 2532 3123 2590 solus
3142 2530 3313 2589 abso-

397 2618 558 2675 luere
618 2617 712 2674 vel
772 2614 1174 2675 condemnare
1227 2626 1438 2693 potest.
1503 2616 1631 2677 Etsi
1679 2620 1818 2675 vero
1859 2624 1922 2673 vt
1963 2614 2077 2673 alia
2116 2631 2299 2705 opera
2339 2612 2639 2673 Trinitatis
2680 2612 2757 2671 ad
2799 2620 2989 2687 extra,
3029 2608 3279 2670 indiuisa
3295 2652 3313 2685 ,

394 2714 518 2756 non
579 2695 774 2755 minus
831 2694 933 2755 vni
991 2714 1280 2772 personae
1339 2714 1518 2789 quam
1557 2695 1724 2756 alteri
1763 2703 2114 2772 conpetant,
2156 2700 2235 2753 ita
2275 2694 2331 2753 ὅτ
2368 2694 2487 2753 hoc
2528 2692 2749 2771 ipsum:
2795 2689 3071 2768 peculiari
3110 2700 3309 2774 tamen

395 2776 608 2853 modo,
649 2777 813 2836 Deus
853 2777 1046 2853 Pater,
1087 2777 1226 2835 cum
1267 2787 1496 2837 ratione
1537 2776 1840 2847 εὐδοκίας,
1877 2793 1989 2835 nos
2022 2772 2508 2850 praedestinantis
2542 2771 2603 2832 in
2622 2770 3005 2849 adoptionem
3024 2768 3277 2829 filiorum
3294 2814 3310 2843 ,

393 2866 518 2916 tum
567 2855 794 2915 ratione
835 2854 1226 2917 ordinationis
1265 2856 1364 2933 filij
1409 2868 1473 2916 vt
1512 2866 1664 2915 esset
1705 2853 1942 2915 victima
1983 2855 2038 2913 δι
2078 2852 2446 2931 propitiatio:
2488 2863 2615 2913 tum
2656 2852 2885 2912 ratione
2904 2848 3313 2927 applicationis

394 2934 562 2996 huius
604 2935 876 2995 beneficii
916 2940 954 2995 a
991 2935 1116 2996 filio
1155 2936 1334 3014 parti,
1377 2935 1637 2997 efficiens
1678 2950 1882 2995 caussa
1922 2934 2165 2994 dicitur:
2206 2953 2279 2993 ac
2318 2934 2535 2995 horum
2578 2933 2845 2992 omnium
2888 2930 3017 2989 sola
3064 2928 3311 3007 gratuita

393 3015 794 3077 misericordia
835 3013 958 3075 eius
997 3018 1053 3076 &
1093 3014 1334 3077 dilectio
1347 3060 1364 3092 ,
1408 3034 1586 3077 causa
1625 3016 2020 3093 προηγουμένη
2062 3012 2293 3074 dicitur.

475 3114 528 3171 7.
612 3096 1014 3156 Veruntamen
1073 3096 1154 3156 ita
1213 3096 1467 3175 gratuita
1527 3106 1612 3157 est
1675 3098 1824 3153 haec
1885 3093 2217 3155 iustificatio
2234 3138 2253 3171 ,
2291 3104 2355 3153 vt
2394 3092 2573 3153 etiam
2614 3090 2864 3153 iustitiae
2904 3089 3143 3149 diuinae
3188 3108 3311 3148 non

392 3186 710 3255 repugnet3
769 3186 947 3253 atque
1001 3194 1140 3236 cum
1283 3176 1356 3237 tis
1397 3196 1471 3237 ex
1511 3173 1726 3253 gratia,
1769 3174 1939 3248 data,
1984 3174 2235 3265 donata,
2276 3172 2561 3249 imputata
2602 3171 2837 3248 dicitur,
2876 3188 3001 3229 non
3042 3171 3313 3227 meritum

388 3256 534 3315 illud
573 3255 1130 3317 sufficientissimum
1265 3256 1608 3333 ἀντίλυτρον
1647 3253 1748 3329 filij
1789 3252 1902 3313 Dei
1943 3255 2270 3315 voluntarie
2307 3254 2705 3331 persolutum,
2746 3252 2959 3311 iudicio
2998 3252 3123 3309 Dei
3156 3247 3320 3309 satis·

391 3336 614 3396 faciens
675 3355 786 3414 pro
845 3335 1048 3414 nobiS,
1109 3356 1180 3396 ac
1237 3336 1416 3397 vitam
1483 3342 1776 3394 aeternam
1837 3352 2183 3410 promerens
2199 3378 2217 3411 ,
2258 3332 2609 3411 excluditur,
2650 3333 2757 3393 sed
2796 3340 2998 3391 nostra
3036 3348 3221 3407 opera
3238 3332 3313 3388 .&

394 3414 634 3491 merita,
677 3434 832 3493 quae
874 3417 1034 3476 nulla
1075 3425 1518 3493 praecesserunt
1559 3426 1662 3476 aut
1704 3416 1896 3473 futura
1937 3422 2091 3473 sunt.

473 3500 528 3555 8.
610 3498 820 3573 Neque
861 3495 1018 3556 enim
1063 3498 1204 3555 vero
1243 3497 1434 3573 Deus,
1483 3492 1584 3571 qui
1623 3505 1712 3555 est
1750 3492 1944 3553 omnis
1986 3491 2239 3553 iustitiae
2280 3494 2413 3553 fons
2434 3496 2491 3553 δε
2510 3492 2836 3569 exemplar,
2862 3490 3081 3567 quique
3102 3488 3161 3548 in
3184 3490 3316 3566 lege

393 3594 500 3637 sua
565 3575 946 3636 maledictum
1007 3574 1348 3652 pronuntiat
1405 3591 1574 3651 eum,
1631 3572 1737 3651 qui
1795 3572 2069 3633 iustificat
2122 3572 2369 3650 impium
2383 3619 2400 3648 ,
2440 3573 2523 3632 ita
2558 3591 2673 3633 nos
2712 3582 2961 3648 peccato
3002 3570 3314 3629 absoluere

393 3655 610 3733 voluit,
651 3667 714 3715 vt
755 3674 1008 3733 poenam
1049 3654 1308 3734 peccatis
1349 3652 1615 3715 debitam
1655 3670 1902 3731 prorsus
1939 3652 2265 3730 negligeret
2302 3652 2391 3727 (id
2432 3651 2588 3713 enim
2628 3650 2877 3712 iustitiae
2900 3650 3025 3709 eius
3046 3649 3318 3707 aduersa-

397 3740 580 3810 retur)
642 3736 746 3797 sed
809 3735 1004 3812 potius
1057 3736 1340 3795 dilectum
1379 3734 1566 3795 filium
1609 3732 1764 3794 misit
1801 3734 1863 3794 in
1905 3733 2227 3797 mundum.
2270 3733 2373 3811 qui
2411 3736 2467 3795 δι
2510 3750 2763 3809 poenam
2804 3730 3063 3809 peccatis
3102 3727 3319 3788 nostris

393 3815 656 3876 debitam
699 3817 760 3876 in
801 3836 864 3876 se
903 3816 1252 3893 susciperet,
1293 3818 1348 3876 δι
1391 3818 1584 3892 legem
1625 3832 1736 3892 pro
1777 3813 1954 3873 nobis
1982 3813 2285 3891 impleret,
2320 3824 2501 3890 atque
2521 3812 2907 3873 sicimmotae
2928 3810 3043 3869 Dei
3063 3807 3320 3869 iustitiae

397 3896 760 3956 satisfaceret
773 3942 786 3964 ‚
829 3898 885 3956 &
928 3894 1086 3956 Patri
1126 3897 1358 3956 offenso
1395 3912 1508 3955 nos
1547 3896 1724 3973 plane
1765 3892 2189 3954 reconciliaret.

474 3996 532 4051 9.
613 3976 784 4051 Quae
826 3979 968 4037 sane
1007 3973 1226 4036 Christi
1267 3974 1610 4035 obedientia
1649 3973 2069 4035 &satisfactio
2110 3973 2233 4034 siue
2255 3972 2503 4050 iustitia,
2536 3991 2643 4049 per
2660 3988 2841 4049 quam
2863 3968 3321 4048 promissionum

397 4057 538 4131 Dei,
603 4054 916 4133 participes
977 4055 1303 4133 efficimur,
1365 4054 1530 4133 quod
1593 4053 1836 4132 quidem
1889 4072 1999 4131 per
2037 4054 2230 4131 legem
2272 4052 2398 4113 fieri
2438 4070 2557 4111 non
2600 4050 2821 4129 potuit,
2863 4068 2985 4109 non
3028 4047 3175 4127 legis
3214 4048 3323 4108 sed

391 4146 635 4195 naturae
691 4147 932 4196 nostrae
971 4136 1144 4196 vitio:
1187 4133 1237 4195 si
1277 4134 1592 4195 essentiam
1635 4133 1813 4212 ipsius
1855 4144 2115 4211 spectes,
2158 4135 2351 4193 eadem
2393 4140 2480 4192 est
2514 4151 2643 4191 cum
2680 4133 2883 4207 legali,
2926 4147 3122 4206 neque
3162 4128 3325 4188 enim

393 4218 557 4275 Deus
617 4215 793 4275 aliam
855 4214 1132 4276 iustitiam
1147 4260 1162 4286 ,
1225 4232 1404 4291 quarn
1465 4232 1618 4291 quae
1671 4232 1813 4275 cum
1854 4215 1987 4291 lege
2028 4212 2209 4289 ipsius
2250 4211 2556 4291 congruit,
2598 4208 2899 4291 agnoscit,
2947 4226 3139 4287 neque
3178 4208 3327 4268 fides

389 4294 666 4355 iustitiam
706 4296 853 4373 legis
893 4296 1126 4366 abolet,
1167 4296 1274 4354 sed
1314 4293 1553 4355 stabilit.
1595 4294 1918 4371 Efficietne
1955 4303 2187 4353 tantum
2228 4293 2283 4351 δι
2328 4295 2445 4352 fine
2466 4291 2774 4351 differunt:
2820 4289 3153 4366 Efficiente,
3186 4287 3325 4365 qiua

393 4378 542 4436 haec
583 4378 660 4437 ab
699 4375 820 4436 alio
861 4394 984 4436 non
1025 4380 1062 4435 a
1101 4372 1277 4436 nobis
1317 4384 1674 4453 praestatur:
1716 4373 1903 4454 Fine,
1943 4372 2083 4450 quia
2121 4374 2185 4450 (f.
2236 4375 2433 4450 1692.)
2472 4390 2597 4432 non
2638 4371 2981 4449 hominum,
3016 4370 3123 4431 sed
3144 4368 3325 4507 solliJus

3272 4467 3327 4508 er
