3923 4875
1436 349 1761 394 ‘tunsus
1811 345 2464 391 Tutoboolcass.
3274 349 3382 407 131

486 511 982 590 compositionem
1032 509 1266 570 alterius
1312 508 1516 570 venire
1557 519 1771 587 potest.
1811 508 1919 567 Est
1957 505 2116 566 enim
2156 515 2322 567 actus
2361 523 2570 584 purus,
2609 510 2666 567 δι
2706 509 2896 568 forma
2935 525 3038 584 per
3077 525 3141 566 se
3181 505 3395 568 subsis-

487 605 652 666 ιειιε,
711 594 768 651 &
816 589 1065 666 seipsam
1106 587 1504 649 indiuiduans:
1559 589 1735 647 loan.
1777 606 1833 659 4.
1880 605 1970 658 24.
2028 603 2180 661 quae
2221 596 2286 646 vt
2323 587 2576 647 maxime
2616 604 2719 646 ens
2761 598 2877 664 est,
2918 586 3002 645 ita
3039 587 3096 644 δι
3138 587 3394 648 maxime

492 674 713 732 Vnum.
774 671 984 746 Neque
1042 667 1199 728 enim
1248 667 1407 727 cadit
1458 669 1519 727 in
1572 668 1769 727 Deum
1818 664 2174 742 compositio
2189 707 2208 742 ,
2257 675 2357 724 aut
2397 666 2766 731 Substantiae
2805 669 2862 726 δι
2901 665 3222 727 accidentis
3239 710 3256 743 ,
3297 681 3396 728 aut

485 751 763 812 materiae
800 751 856 810 δι
894 750 1121 808 formae
1135 793 1153 826 ,
1188 757 1291 807 aut
1331 757 1497 807 actus
1511 791 1529 825 ,
1570 748 1626 807 δι
1664 745 1994 837 potentiae:
2035 745 2156 804 imo
2199 763 2276 804 ne
2313 743 2554 822 quidem
2593 743 2880 806 essentiae
2920 746 2976 805 δι
3015 744 3390 824 existentiae,

486 840 589 890 aut
626 839 872 890 naturae
910 829 969 889 ὅτ
1008 825 1313 905 suppositi.
1354 827 1549 887 Omne
1592 844 1750 886 emm
1790 823 2186 902 compositum
2204 869 2222 900 ,
2261 825 2674 903 qualecunque
2707 825 2949 884 tandem
2981 822 3088 903 sit,
3109 824 3400 902 posterius

490 920 581 970 est
636 907 755 970 suis
810 907 1335 986 componentibus,
1372 909 1429 968 δι
1466 908 1544 967 ab
1591 904 1721 967 aliis
1761 904 2134 982 dependens:
2175 905 2232 964 az
2263 921 2513 976 ¹causam
2555 906 2772 965 habeat
2807 922 3051 964 necesse
3093 915 3214 980 est,
3254 906 3398 966 curn

489 989 721 1050 diuersa
754 1005 881 1048 non
918 996 1132 1048 coeant
1168 987 1229 1047 in
1270 1005 1483 1060 vnum,
1525 985 1636 1046 nisi
1676 1003 1779 1064 per
1818 999 2058 1044 causam
2099 982 2498 1045 adiuuantem.
2559 986 2732 1062 Quae
2772 985 2910 1044 cum
2943 981 3004 1042 in
3037 984 3173 1044 Deo
3193 985 3394 1044 locum

486 1087 611 1130 non
650 1068 906 1128 habeant
920 1111 937 1145 ,
976 1077 1214 1144 oportet
1252 1069 1410 1127 certe
1449 1065 1650 1127 omnia
1685 1065 1746 1124 in
1786 1063 1925 1142 ipso⁴
1958 1081 2138 1122 vnum
2178 1081 2306 1124 esse
2319 1106 2338 1141 ,
2379 1081 2489 1140 per
2521 1064 2770 1124 modum
2788 1061 3146 1123 ineffabilem
3166 1063 3399 1124 diuinae

488 1146 889 1227 simplicitatis.
928 1148 1008 1207 Et
1046 1149 1184 1207 cum
1222 1148 1389 1207 Deus
1428 1162 1605 1206 causa
1641 1143 1908 1204 omnium
1939 1141 2198 1204 efficiens
2237 1140 2312 1204 sit
2325 1189 2342 1222 ,
2382 1143 2641 1221 primum
2677 1161 2885 1222 agenS,
2915 1144 2972 1202 δε
2993 1159 3174 1220 purus
3199 1153 3365 1204 actus
3379 1187 3399 1224 ,

488 1245 611 1288 non
666 1235 859 1306 potest
895 1243 1133 1304 quoque
1172 1225 1235 1285 in
1272 1225 1508 1293 alterius
1551 1221 2048 1302 compositionem
2089 1220 2288 1283 venire
2303 1267 2321 1302 ,
2360 1231 2424 1284 vt
2459 1235 2561 1284 aut
2599 1220 2844 1284 materia
2881 1223 2956 1284 sit
2971 1267 2988 1293 ,
3029 1233 3130 1283 aut
3169 1224 3362 1284 forma
3383 1268 3404 1304 ,

490 1309 547 1367 &
584 1309 733 1368 haec
775 1306 851 1367 de
890 1307 1061 1367 Vno:
1104 1304 1368 1384 sequitur
1406 1308 1656 1370 Bonum.

567 1390 625 1448 8.
703 1389 933 1451 Bonum
984 1385 1098 1448 soli
1134 1387 1270 1447 Deo
1319 1385 1621 1447 essentiale
1658 1393 1777 1444 est:
1819 1380 2100 1444 creaturis
2147 1390 2346 1441 autem
2386 1380 2848 1443 accidentarium
2863 1426 2882 1460 ,
2921 1384 2977 1441 δε
3017 1400 3123 1460 per
3164 1381 3399 1460 partici-

490 1465 811 1559 pationem.
850 1467 1073 1527 Matth.
1120 1485 1209 1542 19.
1257 1483 1347 1542 17.
1406 1465 1600 1526 Nemo
1641 1463 1835 1524 bonus
1874 1459 1985 1523 nisi
2026 1477 2176 1521 vnus
2218 1462 2400 1521 Deus.
2463 1460 2767 1539 Quicquid
2805 1465 2948 1521 vero
2987 1460 3270 1522 bonitatis
3309 1472 3404 1524 est

491 1565 551 1606 ιιι
592 1546 771 1606 rebus
808 1545 1050 1624 creatis,
1086 1545 1149 1605 id
1188 1553 1277 1605 est
1314 1546 1392 1606 ab
1432 1543 1592 1623 ips0,
1632 1544 1708 1604 de
1746 1540 1912 1602 cuius
1951 1539 2321 1619 plenitudine
2359 1541 2658 1602 haurimus
2697 1539 2918 1602 omnia.
2980 1542 3184 1602 Bonus
3203 1553 3402 1602 autem

491 1628 657 1686 Deus
692 1637 784 1686 est
818 1626 875 1684 δι
916 1624 1267 1700 efficienter,
1306 1627 1363 1685 δι
1403 1621 1785 1685 essentialiter
1799 1666 1814 1696 ,
1857 1622 1913 1681 δι
1954 1619 2218 1682 finaliter.
2280 1620 2620 1682 Efficienter
2657 1619 2901 1697 quidem
2917 1665 2935 1698 ,
2979 1621 3116 1681 cum
3155 1621 3232 1680 ab
3267 1622 3399 1700 ipso

492 1704 695 1766 omnia
736 1705 1025 1765 defluant:
1086 1703 1511 1783 Essentialiter,
1552 1705 1689 1764 cum
1727 1705 1764 1761 a
1804 1700 1998 1779 seipso
2039 1701 2296 1778 perfecte
2340 1702 2530 1760 bonus
2569 1700 2673 1761 sit:
2715 1697 2960 1760 finaliter
2993 1711 3190 1760 autem
3205 1744 3222 1773 ,
3265 1703 3400 1762 cum

494 1784 571 1844 ad
636 1801 773 1844 eum
833 1783 1031 1844 omnia
1088 1785 1437 1862 referantur,
1496 1786 1535 1843 a
1573 1800 1696 1860 quo
1738 1784 1797 1845 δι
1835 1792 2080 1860 propter
2117 1797 2294 1856 quem
2333 1790 2470 1840 sunt
2505 1779 2726 1842 omnia.
2786 1781 2982 1856 Atque
3021 1781 3135 1840 hac
3174 1780 3401 1841 ratione

493 1866 661 1924 Deus
718 1861 850 1924 finis
908 1863 1143 1924 vltimus
1205 1873 1323 1941 est,
1374 1863 1451 1922 ad
1508 1880 1687 1940 quem
1728 1860 2367 1922 omnia-contendunt:
2409 1861 2465 1920 δι
2504 1877 2802 1922 summum
2846 1860 3072 1920 bonum
3115 1871 3240 1920 tum
3277 1859 3402 1938 ipse

494 1943 607 2004 sibi
620 1988 641 2023 ,
680 1954 805 2004 tum
848 1953 1013 2004 extra
1052 1961 1117 2004 se
1155 1941 1457 2003 vniuersis.
1519 1942 1649 2003 Sed·
1678 1941 1756 2001 de
1792 1939 1883 2000 his
1922 1938 2084 2000 alibi.
2139 1939 2478 2000 Bonitatem
2517 1939 2632 2001 Dei
2671 1937 3037 2002 essentialem
3070 1939 3403 2018 videamus,

495 2022 649 2083 illius
710 2023 1010 2100 vtn'usque
1070 2021 1549 2083 fundamentum:
1612 2033 1779 2100 quae·
1822 2018 2063 2098 propria
2115 2029 2206 2078 est
2244 2019 2414 2080 huius
2453 2019 2591 2082 loci.
2650 2020 2758 2080 Est
2797 2028 2997 2078 autem
3037 2039 3136 2094 ea,
3176 2037 3408 2080 summa

492 2101 727 2163 diuinae
768 2101 1051 2162 essentiae
1076 2103 1367 2182 perfectio
1380 2146 1398 2178 ,
1438 2117 1591 2179 quae
1628 2112 1717 2161 est
1756 2098 1817 2159 in
1860 2117 1990 2160 sese
2027 2097 2452 2176 perfectissima
2466 2142 2485 2177 ,
2526 2100 2676 2158 αὐτά
2716 2119 2815 2173 κης
2845 2100 2898 2158 &
2923 2099 3212 2174 ἀνενδὲης.
3251 2099 3406 2160 cum

494 2191 692 2242 autem
746 2183 913 2242 Deus
966 2180 1039 2242 sit
1088 2200 1217 2242 esse
1254 2181 1447 2259 ipsum
1462 2227 1480 2256 ,
1528 2199 1653 2242 non
1690 2189 1889 2258 potest
1925 2177 2243 2256 quicquam
2283 2196 2358 2238 eo
2400 2197 2526 2238 esse
2569 2197 2676 2254 per
2700 2177 2886 2238 cetius
2899 2223 2918 2256 ,
2957 2186 3022 2236 vt
3058 2195 3171 2238 nec
3209 2179 3406 2240 calore

496 2260 626 2340 ipso
666 2261 985 2339 quicquam
1025 2260 1271 2322 calidius
1309 2262 1366 2320 δι
1400 2263 1539 2321 cum
1578 2277 1773 2320 rerum
1812 2258 2079 2319 omnium
2119 2275 2328 2318 caussa
2365 2258 2628 2318 efficiens
2667 2256 2770 2334 sit,
2809 2275 3050 2318 necesse
3090 2265 3178 2318 est
3198 2275 3402 2319 earum

495 2339 885 2418 perfectiones
922 2339 1313 2419 praeexistere
1350 2339 1411 2400 in
1453 2339 1587 2418 ipso
1600 2383 1619 2418 ,
1661 2337 1990 2398 secundum
2030 2338 2276 2399 modum
2319 2334 2867 2416 supereminentiae.

575 2441 635 2498 9.
712 2423 911 2499 Atque
968 2421 1141 2482 huius
1196 2418 1441 2512 quidem
1498 2417 1875 2499 perfectionis
1936 2415 2187 2479 Diuinae
2239 2415 2514 2479 mensura
2560 2417 2844 2494 Infinitas
2883 2424 3000 2475 est:
3043 2416 3180 2476 cum
3221 2415 3398 2479 nullis

492 2500 707 2561 finibus
766 2499 1153 2561 determinata
1192 2509 1299 2576 stt,
1338 2520 1411 2561 ac
1448 2496 1919 2577 circumscripta:
1963 2498 2072 2558 sed
2107 2509 2388 2575 exuperet
2426 2497 2628 2559 omnia
2667 2496 2727 2555 in
2769 2494 3080 2556 infinitum.
3139 2494 3402 2557 Infinitas

491 2590 687 2641 autem
748 2580 863 2640 alia
921 2590 1009 2641 est
1067 2578 1249 2673 ipsius
1298 2578 1587 2641 essentiae
1625 2577 1687 2639 in
1726 2596 1853 2639 sese
1869 2623 1886 2654 ,
1928 2576 2042 2637 alia
2079 2586 2354 2655 respectu
2393 2574 2764 2639 extentionis.
2825 2573 3130 2635 Essentiae
3172 2573 3232 2634 in
3275 2594 3404 2637 sese

495 2671 613 2752 est²
654 2670 781 2721 tum
818 2658 1342 2739 supereminentiae
1383 2658 1607 2719 ratione
1621 2702 1640 2736 ,
1682 2668 1805 2719 tum
1824 2655 2073 2718 virtutis.
2115 2655 2681 2735 Supereminentiae:
2712 2670 2830 2734 qua
2853 2655 3032 2715 οὐσία
3065 2650 3410 2733 §mendosos

497 2739 740 2818 dicitur,
795 2756 949 2831 quae
997 2738 1314 2818 Categoria
1352 2756 1563 2800 omnes
1604 2740 1659 2799 δι
1699 2754 1897 2799 rerum
1935 2736 2182 2798 aliarum
2222 2735 2569 2817 dignitatem
2609 2734 2832 2795 infinite
2870 2732 3275 2794 transcendat:
3316 2752 3412 2792 ex-

496 2838 633 2898 pers
673 2838 869 2880 omms
910 2818 1213 2898 materiae,
1254 2820 1311 2879 δι
1350 2817 1649 2897 potentiae
1684 2816 1955 2909 passiuae
1971 2861 1990 2885 ,
2030 2832 2184 2893 quae
2224 2816 2450 2877 entium
2489 2813 2918 2895 ignobilissima
2953 2822 3106 2873 sunt.
3157 2810 3414 2873 Ratione

499 2910 699 2960 autem
757 2897 985 2961 virtutis
998 2944 1017 2977 ,
1076 2898 1197 2991 qua
1245 2900 1411 2958 Deus
1456 2896 1726 2977 intelligit
1740 2942 1758 2975 ,
1811 2902 1867 2958 δι
1906 2906 2105 2974 potest
2153 2894 2409 2976 infinita,
2449 2896 2504 2954 &
2546 2896 2738 2974 reipsa
2775 2891 2972 2955 efficit.
3033 2894 3231 2969 Atque
3266 2892 3413 2953 haec

498 2978 745 3056 quidem
802 2976 1055 3039 infinitas
1104 2976 1287 3071 ipsius
1342 2976 1644 3039 Essentiae
1682 2986 1790 3038 est.
1850 2974 2227 3037 Extensionis
2275 2986 2472 3036 autem
2489 3020 2505 3047 ,
2543 2974 2658 3036 alia
2693 2985 2783 3037 est
2813 2970 3140 3035 secundum
3177 2972 3379 3032 locum
3393 3014 3412 3051 ‚

502 3075 657 3149 quae
694 3056 1055 3119 immensitas
1091 3057 1337 3119 dicitur:
1379 3056 1493 3116 alia
1534 3056 1860 3117 secundum
1903 3058 2198 3133 Tempus:
2239 3072 2391 3132 quae
2429 3055 2782 3116 AEternitas:
2808 3069 3056 3132 quarum
3075 3052 3225 3111 haec
3246 3052 3416 3111 dura·

501 3136 679 3197 tionis
694 3182 711 3216 ,
752 3136 853 3197 illa
892 3136 1277 3199 dimensionis
1316 3146 1406 3197 est
1444 3134 1764 3197 reductiue.

589 3236 682 3277 10.
760 3218 1129 3277 Immensitas
1176 3215 1238 3277 in
1290 3218 1425 3277 Deo
1474 3224 1564 3277 est
1600 3226 1767 3275 actus
1807 3212 2102 3292 infinitus,
2141 3230 2264 3291 quo
2304 3214 2362 3274 δι
2399 3216 2578 3289 nus(f.
2629 3215 3004 3290 1616.)quam
3045 3220 3134 3270 est
3173 3208 3416 3271 circum-

506 3294 814 3375 scriptiue:
858 3295 1139 3375 repletiue
1177 3306 1376 3356 autem
1416 3295 1474 3356 in
1518 3294 1795 3357 omnibus
1810 3340 1829 3371 ,
1868 3295 1926 3355 δι
1961 3292 2182 3371 vbique
2215 3303 2375 3355 totus
2414 3312 2520 3371 per
2553 3294 2864 3353 essentiam
2879 3336 2896 3369 ,
2929 3294 2985 3351 &
3001 3290 3064 3349 in
3081 3291 3258 3351 rebus
3279 3288 3416 3366 ipsis

506 3394 613 3453 per
652 3376 1043 3454 praesentiam
1082 3376 1139 3435 ὅτ
1176 3376 1469 3436 virtutem.
1510 3376 1616 3435 Ps.
1664 3394 1795 3453 139.
1834 3376 1994 3433 [ιι-α.
2040 3375 2134 3433 66.
2176 3390 2218 3435 1.
2257 3376 2382 3433 ler.
2428 3392 2520 3449 23.
2567 3392 2660 3449 23.
2723 3372 2831 3432 Est
2870 3369 3028 3430 enim
3065 3371 3230 3429 Deus
3263 3370 3320 3429 δι
3353 3368 3415 3429 in

506 3456 816 3533 omnibus,
855 3456 912 3514 δι
952 3466 1117 3517 extra
1156 3454 1386 3516 omnia:
1430 3454 1743 3517 continens
1784 3454 2078 3531 vniuersa,
2119 3455 2176 3514 δι
2217 3464 2529 3515 contentus
2569 3468 2884 3529 nusquam:
2913 3448 3416 3526 quemadmodum

508 3536 587 3595 de
628 3533 880 3613 sphaera
917 3534 1133 3595 extima
1168 3534 1415 3615 dicitur,
1455 3533 1621 3595 cuius
1656 3533 1909 3612 spatium
1948 3531 2170 3609 vbique
2203 3542 2318 3611 est,
2339 3530 2808 3593 circumferentia
2827 3527 3050 3590 nullibi.
3091 3529 3413 3588 AEternitas

510 3626 711 3675 autem
766 3624 933 3675 acuis
990 3624 1080 3677 est
1129 3614 1420 3694 infinitus,
1459 3626 1638 3692 atque
1674 3611 2073 3692 impartibilis,
2113 3629 2236 3689 quo
2274 3615 2440 3673 Deus
2479 3621 2569 3672 est
2609 3611 2773 3689 quod
2815 3620 2927 3688 est,
2971 3606 3412 3667 immutabiliter

512 3694 572 3755 in
616 3695 939 3756 aeternum.
998 3694 1142 3755 Tria
1188 3706 1383 3757 autern
1436 3692 1765 3755 aeternitati
1802 3689 2135 3753 essentialia
2173 3702 2324 3753 sunt.
2389 3712 2439 3752 1.
2478 3702 2542 3752 vt
2581 3702 2778 3751 careat
2813 3686 3141 3776 principio?
3182 3688 3238 3747 δι
3275 3688 3414 3748 fine.
3451 3754 3456 3761 ,

518 3794 573 3835 2.
612 3774 669 3833 ὅτ
707 3782 835 3835 tota
882 3774 1163 3835 continua
1204 3773 1305 3852 sit,
1358 3777 1415 3836 δι
1456 3783 1911 3851 praesentanea,
1961 3774 1983 3797 ⁸
2041 3791 2090 3830 1.
2139 3773 2288 3831 Tim.
2329 3774 2386 3831 6.
2431 3774 2521 3832 16.
2584 3788 2672 3846 17.
2713 3768 2838 3829 sine
2877 3784 3247 3829 successione
3286 3784 3414 3843 par-

511 3854 658 3914 tium
697 3852 994 3932 praeteriti
1032 3864 1134 3915 aut
1171 3852 1378 3925 futuri,
1418 3854 1475 3912 &
1512 3852 1751 3931 prioris,
1790 3854 1974 3931 Apoc.
2023 3870 2074 3911 1.
2115 3870 2169 3924 4.
2213 3862 2312 3911 aut
2350 3850 2711 3928 posterioris
2751 3868 2804 3925 3.
2847 3859 2912 3909 vt
2947 3847 3064 3905 hoc
3094 3845 3260 3921 quod
3293 3856 3416 3922 est,

512 3932 586 3993 sit
636 3932 1101 3995 immutabiliter.
1160 3935 1361 4009 Atque
1409 3934 1529 3993 hcc
1570 3932 1833 3993 vltimum
1875 3930 2028 3991 illius
2069 3928 2367 4007 Vtriusque
2405 3932 2851 3992 tundamentum
2892 3935 3010 3987 est:
3051 3926 3217 4001 quod
3257 3923 3416 3985 enim

514 4024 775 4073 mutatur
812 4012 1191 4091 praeteritum
1232 4012 1443 4091 habet,
1481 4013 1538 4072 δι
1579 4013 1867 4089 futurum,
1908 4012 1964 4070 &
2004 4009 2291 4087 quiddam
2327 4009 2519 4088 prius,
2559 4009 2841 4087 quiddam
2876 4004 3182 4085 posterius,
3223 4007 3420 4081 Atque

513 4103 577 4151 vt
630 4103 829 4153 motus
878 4094 958 4153 ad
1008 4091 1399 4153 mutationem
1415 4136 1433 4172 ,
1488 4091 1734 4152 mutatio
1790 4101 1991 4151 autem
2039 4089 2116 4150 ad
2158 4088 2598 4167 generationem
2616 4135 2634 4169 ,
2673 4092 2730 4149 &
2761 4086 3065 4158 interitum
3106 4084 3298 4145 ducit:
3340 4084 3421 4144 ita

517 4172 575 4230 ἃ
614 4181 822 4233 oontra
858 4171 1241 4233 immobilitas
1277 4170 1355 4231 ad
1393 4169 1813 4232 aeternitatem.

600 4270 689 4310 11.
774 4252 900 4311 Iac.
921 4262 925 4266 ’
946 4270 997 4311 1.
1048 4270 1138 4326 17.
1198 4253 1307 4313 Est
1338 4261 1536 4312 autem
1576 4252 1741 4312 Deus
1780 4249 2037 4311 maxime
2069 4249 2441 4309 immutabilis
2478 4253 2534 4310 δε
2574 4249 2634 4309 in
2674 4248 2895 4325 seipse,
2934 4249 2991 4306 δι
3031 4244 3092 4304 in
3143 4244 3421 4323 operibus

512 4330 650 4391 suis.
713 4333 785 4391 In
834 4330 1032 4410 seipso
1080 4330 1348 4411 quidem:
1399 4333 1539 4392 cum
1577 4329 1901 4392 immobilis
1941 4330 2044 4408 sit,
2083 4330 2140 4388 δι
2179 4328 2407 4390 ratione
2445 4330 2501 4389 δι
2541 4328 2822 4391 essentiae
2861 4322 3325 4485 &1323deoe
3365 4328 3422 4385 &

2855 4440 2865 4449 ·
3062 4416 3420 4465 ecttsstmae:
