3923 4875
796 1107 1525 1192 THESES
1636 1109 3015 1194 THEOLOGICAE

1823 1331 1994 1384 QUAE

496 1511 605 1584 IN
671 1509 1119 1584 INCLYTA
1184 1508 1732 1583 ACADEMIA
1792 1506 2736 1583 LVGDVNOBATAVA
2797 1511 2946 1584 AD
3011 1512 3307 1586 EXER-

934 1633 1210 1708 CITIA
1259 1631 1921 1707 PVBLICARVM
1973 1631 2866 1724 DISPVTATIONVM,

1160 1773 1515 1824 PRAESIDE
1561 1773 1630 1822 D.
1680 1773 2087 1824 FRANclsco
2135 1773 2345 1824 mmo
2389 1775 2634 1825 VARns

776 1903 1181 1986 temporibus
1226 1901 1267 1965 ὲ
1312 1901 1723 1984 Theologiae
1768 1901 2161 1966 candidatis
2207 1901 2524 1967 aduersus
2566 1913 3031 1988 oppugnantes

1538 2027 2005 2102 propugnatae
2049 2028 2226 2082 sunt.

665 2206 1199 2270 PRAEFIXAE
1242 2203 1485 2270 SVNT
1522 2206 1652 2271 DE
1699 2207 1755 2270 F
1758 2206 1948 2271 IDEI
1986 2205 2730 2272 IVSTIFICATIONE
2777 2205 3130 2272 THESES

1157 2323 1575 2407 inaugurales
1643 2325 1936 2388 eiusdem
2008 2337 2078 2387 D.
2149 2338 2192 2386 F
2215 2338 2283 2388 R.
2355 2339 2382 2387 1
2406 2339 2455 2387 v
2477 2338 2530 2388 N
2553 2339 2580 2387 1
2603 2339 2649 2387 Ι.

558 2675 700 2749 DE
749 2675 1581 2751 IVSTIFICATIONE
1632 2676 1939 2765 FIDEI,
1994 2674 2398 2749 THESES
2449 2672 3216 2761 INAVGVRALES,

834 2828 913 2892 D.
952 2826 1385 2886 FRANCISCI
1424 2826 1662 2903 IVNII,
1701 2828 1815 2885 DE
1858 2826 2160 2901 QVIBVS
2203 2824 2523 2884 PVBLICI
2562 2824 2651 2882 IN
2692 2812 2958 2883 SACRA

573 2932 1067 2993 THEOLOGIA
1106 2931 1615 3009 TESTIMONH,
1658 2932 2114 2990 SECVNDVM
2153 2929 2412 2989 LEGES
2454 2926 3218 2987 HEIDELBERGENSIS

1179 3037 1707 3115 ACADEMIAE,
1749 3036 2258 3097 SUSCIPIENDI
2298 3034 2615 3093 GRATIA
2633 3078 2650 3111 .,

681 3190 872 3269 pridie
913 3192 1041 3252 Cal.
1081 3193 1371 3253 Decemb.
1420 3195 1573 3269 1584
1612 3190 1675 3252 in
1716 3193 1933 3253 Schola
1975 3190 2376 3275 Theologica,
2412 3188 2904 3266 interrogantibus
2944 3186 3106 3249 satis-

960 3297 1151 3359 facere
1192 3296 1445 3358 studuit:
1489 3296 1762 3357 Praeside
1806 3299 1883 3357 D.
1927 3300 2176 3357 IOANNE
2217 3298 2444 3355 IAcono
2483 3296 2826 3372 Gavium,

1370 3400 1686 3462 Facultatis
1727 3401 2135 3480 Theologicae
2175 3403 2442 3461 Decan0.

518 3618 570 3657 1.
650 3594 989 3658 Ivstificatio
1050 3607 1140 3657 est
1192 3594 1379 3670 actio,
1430 3612 1549 3672 qua
1601 3588 1764 3657 Deus
1814 3596 2121 3658 hominem
2181 3617 2255 3658 ex
2309 3596 2496 3676 impio
2545 3596 2764 3659 iustum
2813 3597 2982 3676 facit,
3025 3578 3352 3659 sectffldum

430 3676 867 3756 beneplacitum
908 3675 1227 3737 voluntatis
1268 3692 1407 3736 suae
1423 3720 1440 3752 ‚
1480 3677 1537 3734 δε
1578 3674 1705 3739 sine
1746 3678 1866 3737 vllo
1911 3678 2124 3739 merito
2165 3677 2348 3756 ipsius
2389 3678 2468 3738 ad
2509 3680 2778 3738 salutem.

515 3778 567 3818 2.
648 3757 844 3819 Huius
902 3776 1046 3836 ergo
1107 3756 1342 3817 diuinae
1402 3754 1651 3815 actionis
1704 3767 1901 3834 partes
1950 3768 2086 3818 sunt
2139 3759 2323 3819 duae:
2381 3778 2522 3838 vna,
2563 3776 2717 3835 quae
2756 3756 3058 3817 hominem
3097 3756 3346 3835 impium

430 3838 687 3898 absoluit
718 3844 755 3898 ὲ,
794 3836 1055 3916 peccatis
1095 3836 1275 3914 ipsius
1291 3880 1309 3915 ,
1350 3834 1616 3897 remissio
1655 3848 2068 3914 peccatorum:
2111 3840 2324 3918 altera,
2367 3856 2484 3915 qua
2524 3837 2741 3898 iustum
2783 3838 3040 3898 eundem
3075 3836 3254 3897 efficit
3285 3836 3346 3897 in

432 3918 669 3979 Christo
709 3922 846 3978 Iesu
884 3916 1103 3978 iustitia
1141 3916 1363 3978 nostra.

510 4017 567 4073 3.
650 3998 845 4058 Causa
904 3995 1169 4059 efficiens
1224 3996 1399 4057 vnica
1450 3995 1879 4058 iustificationis
1916 4006 2009 4059 est
2046 4000 2208 4059 Deus
2247 4016 2398 4059 vnus
2441 4000 2496 4058 &
2537 3997 2722 4059 trinus
2738 4043 2756 4076 ,
2796 3998 3000 4077 Pater,
3039 3996 3252 4075 Filius,
3292 3998 3348 4057 δι

430 4077 684 4155 Spiritus
723 4086 980 4139 sanctus·

509 4178 568 4232 4.
648 4157 809 4219 Finis
859 4156 1285 4219 iustificationis
1336 4165 1575 4218 nostrae
1628 4154 1931 4235 proximus
1974 4156 2214 4234 quidem
2255 4168 2342 4217 est
2383 4159 2540 4219 salus
2579 4167 2783 4219 nostra
2823 4159 2878 4217 &
2918 4156 3038 4219 vita
3077 4168 3345 4219 aeterna:

428 4256 695 4298 summus
734 4243 875 4299 vere>
892 4284 910 4315 .‚
951 4256 1073 4297 non
1116 4236 1263 4297 alius
1304 4240 1485 4313 quum
1526 4236 1643 4297 Dei
1681 4237 1903 4328 gloria,
1942 4240 1980 4296 ὰ
2020 4254 2142 4314 quo
2183 4247 2274 4297 est
2311 4236 2668 4299 iustificatiO.

510 4335 565 4395 5.
652 4317 901 4378 Materia
944 4316 1371 4378 iustificationis
1411 4328 1500 4377 est
1542 4318 1840 4379 Med1ator
1880 4315 1996 4377 Dei
2036 4318 2091 4375 &
2112 4317 2478 4399 Hominum,
2498 4335 2669 4379 verus
2690 4319 2852 4378 Deus
2872 4320 2928 4377 δι
2951 4335 3121 4409 verus
3142 4319 3350 4409 Hpmo

3029 4418 3089 4457 m
3131 4410 3350 4457 vmtate
