3923 4875
1431 384 1536 430 DE
1596 383 1817 429 vana
1875 380 2408 426 THE-onoma·
3256 382 3327 446 75

427 559 603 602 causa
661 542 880 620 exponi
935 560 1176 602 necesse
1236 554 1352 620 est,
1413 544 1625 621 quibus
1688 544 1866 605 veluti
1927 541 2206 603 cancellis
2260 542 2409 600 haec
2448 539 2781 617 Theologia
2820 552 3021 604 nostra
3059 545 3328 607 absolute

427 621 587 682 dicta
601 666 618 697 ,
657 621 1019 681 discludatur
1059 624 1136 681 ab
1175 621 1276 682 illa
1317 624 1499 685 altera
1513 670 1530 705 ,
1569 642 1747 701 quam
1787 622 2181 701 Theologiam
2212 621 2535 681 secundum
2569 620 2713 697 quid
2743 619 2996 683 diximus
3016 625 3327 704 appellari:

424 710 490 762 vt
545 702 657 761 hac
717 700 952 762 ratione·
1003 704 1058 761 δι
1119 700 1218 761 via
1275 704 1593 765 constituta
1607 750 1625 781 ,
1666 704 1742 764 de
1777 713 2023 780 vti-aque
2061 700 2339 777 deinceps
2376 717 2484 760 suo
2528 698 2737 759 ordine
2775 698 3109 783 videamus,
3152 718 3329 783 prout

427 784 642 841 natura
699 780 870 841 huius
930 783 984 841 81
1045 780 1198 842 illius
1261 784 1662 859 postulauerit.
1721 782 1983 860 Vtriusq.
2046 799 2189 858 ergo
2246 778 2611 857 Theologiae
2670 779 2985 861 terminOS,
3026 784 3328 849 breuitatis

429 876 634 937 causa,
672 877 965 937 ponemus
1003 859 1207 940 binos,
1249 881 1322 922 ex
1362 865 1576 940 quibus
1613 873 1883 923 naturam
1917 861 2146 921 illarum
2169 859 2619 937 quodammodo
2642 860 2851 920 saltem
2874 880 3331 941 cognoscamus.

426 942 582 999 Nam
642 939 1010 1030 Theologiae
1069 942 1339 1002 absolute
1391 944 1583 1004 dictae
1624 947 1829 1021 (quam
1865 943 2031 1001 Deus
2069 940 2272 1019 generi
2308 940 2573 999 humano
2614 940 2787 999 offert
2824 940 3053 1002 donum
3092 944 3329 1022 purissi-

426 1037 586 1080 mum
647 1029 824 1097 atque
885 1021 1484 1101 incorruptissimum,
1547 1026 1601 1084 δι
1651 1020 1830 1083 tradit
1880 1020 2183 1082 Ecclesiae
2238 1022 2401 1097 suae)
2440 1018 2675 1079 termini
2716 1019 2952 1097 proprie
2991 1021 3112 1083 duo
3154 1035 3324 1085 sunt:

421 1100 590 1159 Vnus
630 1108 719 1159 est
756 1097 1038 1178 subiecti,
1079 1100 1156 1161 de
1195 1118 1317 1178 quo
1356 1102 1548 1181 agitur
1584 1104 1698 1163 hac
1735 1111 1940 1162 nostra
1978 1099 2336 1179 Theologia3
2366 1101 2515 1159 alter
2533 1108 2622 1159 est
2642 1099 2807 1159 modi
2826 1100 2907 1161 ad
2926 1102 3325 1181 Theologiam

423 1180 578 1239 hanc
639 1181 696 1239 &
751 1178 1096 1256 sapientiam
1136 1180 1398 1241 diuinam
1435 1180 1781 1261 pertinentis
1819 1200 1928 1260 pro
1970 1190 2145 1258 captu
2184 1189 2429 1240 naturae
2465 1181 2522 1240 δι
2560 1178 2791 1240 ratione
2830 1180 3029 1241 salutis
3068 1195 3331 1246 nostrae.

425 1259 538 1318 His
578 1258 811 1320 duobus
852 1259 1158 1341 expositis,
1198 1260 1276 1320 ad
1315 1263 1598 1323 terminos
1635 1280 1874 1339 quoque
1912 1260 2279 1339 Theologiae
2317 1260 2643 1320 secundum
2682 1258 2826 1339 quid
2854 1260 3047 1322 dictae
3076 1272 3330 1324 statuen-

425 1339 534 1399 dos
595 1339 825 1399 venturi
883 1357 1100 1400 sumuS.
1163 1341 1505 1403 Subiectum
1553 1362 1695 1421 ergo
1712 1388 1729 1422 ,
1783 1343 1860 1402 de
1898 1358 2020 1419 quo
2059 1340 2425 1419 Theologiae
2462 1339 2635 1400 huius
2675 1350 2913 1401 nostrae
2952 1341 3329 1405 documentis

425 1417 694 1479 homines
730 1418 1107 1479 instituuntur
1120 1464 1139 1499 ,
1174 1438 1358 1481 vnum
1396 1434 1483 1484 est
1522 1422 1978 1500 amplissimum,
2016 1420 2288 1497 adeoque
2326 1419 2617 1480 infinitum
2648 1419 2846 1481 Deus:
2878 1421 2980 1498 qui
2999 1422 3328 1485 vniuersale

424 1498 777 1576 principium
836 1508 952 1578 est,
1011 1502 1067 1559 δι
1125 1504 1452 1583 exemplar,
1505 1506 1560 1563 &
1599 1502 1730 1562 finis
1767 1518 1967 1561 rerum
2010 1502 2275 1561 omnium
2315 1518 2467 1577 quae
2505 1501 2743 1560 fuerunt
2780 1500 2975 1561 adhuc
2990 1547 3008 1580 ,
3048 1513 3149 1563 aut
3188 1514 3327 1567 sunt

424 1578 485 1637 in
546 1579 666 1638 hoc
725 1588 1020 1657 tempore,
1074 1590 1176 1639 aut
1225 1601 1485 1658 vnquam
1523 1584 1752 1643 futurae
1791 1590 1965 1641 sunt:
2012 1581 2277 1640 Infinitus
2315 1579 2376 1639 in
2418 1597 2481 1640 se
2496 1623 2513 1657 ,
2554 1586 2838 1657 suamque
2877 1579 3219 1642 infinitatem
3263 1582 3325 1643 in

425 1657 600 1717 rebus
648 1658 923 1719 omnibus
961 1660 1301 1737 testificans,
1343 1662 1714 1739 amplissimis
1753 1660 2067 1737 essentiae,
2108 1658 2335 1719 virtutis
2375 1661 2431 1719 &
2471 1659 2880 1736 operationum
2921 1660 3328 1722 communium

422 1737 916 1821 singulariumque
969 1742 1353 1821 argumenti33
1408 1760 1560 1819 quae
1597 1743 1761 1801 nulla
1797 1742 1975 1819 plane
2015 1760 2088 1799 ac
2124 1760 2200 1799 ne
2240 1738 2506 1799 caelestis
2548 1738 2785 1815 quidem
2825 1752 3090 1801 creatura
3130 1752 3326 1819 potest

428 1835 609 1895 opere
660 1818 790 1895 ipso
841 1818 918 1877 ad
968 1820 1392 1896 perfectionem
1408 1866 1427 1901 ,
1479 1840 1550 1881 ex
1605 1823 1763 1881 facto
1803 1820 2134 1898 percipere,
2174 1828 2273 1878 aut
2313 1837 2586 1878 sermone
2625 1819 2986 1898 exprimere,
3024 1831 3127 1881 aut
3166 1840 3329 1882 com·

426 1897 606 1974 plecti
662 1897 1061 1975 intelligentia.
1121 1900 1502 1979 Quapropter
1548 1902 1685 1961 cum
1733 1902 1993 1961 infinitae
2040 1898 2193 1959 illius
2232 1897 2518 1959 essentiae
2532 1944 2550 1977 ,
2590 1899 3021 1977 maiestatisque
3061 1920 3329 1979 compre-

425 1976 800 2049 hendendae,
863 1996 934 2036 ac
991 1979 1154 2039 velut
1204 1980 1574 2042 definiendae
1613 2000 1718 2059 per
1757 1978 1997 2057 mentiS,
2040 1977 2355 2057 sermoniS,
2394 1991 2756 2055 naturaeque
2794 1978 2965 2041 huius
3006 1980 3330 2061 angustias,

425 2057 572 2117 ratio
633 2056 794 2115 nulla
852 2056 1102 2118 inueniri
1161 2062 1198 2119 a
1258 2062 1432 2121 rebus
1491 2061 1704 2121 creatis
1756 2070 1858 2120 aut
1896 2058 2215 2136 excogitari
2252 2058 2465 2133 possit:
2506 2058 2667 2118 nulla
2714 2060 2985 2137 profecto
3024 2061 3138 2120 Dei
3176 2060 3331 2122 illius

422 2135 614 2196 nostri
668 2140 756 2211 (vt
804 2137 1060 2199 infinitus
1110 2142 1220 2215 est)
1271 2139 1514 2201 scientia
1554 2152 1655 2201 aut
1695 2138 2149 2216 comprehensio
2190 2138 2387 2213 aliqua
2425 2138 2487 2197 in
2528 2139 2704 2197 rebus
2744 2137 2953 2200 creatis
2990 2140 3330 2216 exstitisset,

423 2216 531 2275 nisi
571 2214 736 2275 Deus
775 2214 872 2276 ille
912 2218 1167 2296 optimus
1209 2221 1492 2281 maximus
1531 2240 1683 2299 sese,
1725 2218 1995 2296 quamuis
2030 2216 2352 2294 infinitum,
2394 2217 2590 2295 aliquo
2626 2227 2803 2295 pacto
2836 2219 3116 2281 finiuisset
3143 2222 3327 2281 vltro:

420 2304 485 2355 vt
541 2294 782 2355 scientia
841 2296 965 2357 eius
1025 2301 1080 2357 δι
1133 2300 1414 2376 sapientia
1467 2312 1628 2360 certa
1681 2300 1757 2359 de
1798 2298 1928 2377 ipso
1969 2296 2049 2357 ad
2086 2315 2179 2357 res
2220 2307 2444 2357 creatas
2482 2296 2827 2375 perueniret.
2888 2298 2987 2357 Sic
3025 2300 3328 2380 prospexit

420 2375 612 2453 DeuS,
670 2374 927 2453 primurn
987 2388 1051 2437 vt
1108 2381 1147 2436 a
1208 2378 1442 2440 Christo
1493 2389 1792 2442 seruatore
1839 2388 2045 2439 nostro
2099 2378 2159 2437 in
2198 2376 2383 2457 gratia
2420 2376 2654 2437 vnionis
2693 2377 3015 2437 secundum
3054 2390 3325 2440 naturam

419 2456 740 2515 humanam
774 2455 956 2533 ipsius
995 2459 1622 2541 comprehenderetur,
1663 2469 1946 2538 quantum
1990 2457 2231 2535 quidem
2261 2467 2457 2536 potest
2483 2465 2692 2518 natura
2710 2467 2907 2518 creata
2925 2458 3003 2518 ad
3024 2477 3322 2520 summum

387 2602 392 2622 Ι
420 2537 474 2594 δι
514 2535 979 2612 incomparabile
1018 2539 1333 2616 sapientiae
1373 2539 1668 2619 fastigium
1709 2548 1918 2600 euecta
1958 2556 2171 2615 capere
2209 2556 2315 2615 per
2344 2537 2694 2616 singularem
2715 2536 2878 2597 illam
2897 2539 3291 2618 Theologiam
3307 2585 3321 2612 ,

419 2633 600 2692 quam
658 2615 891 2676 vnionis
932 2623 1244 2695 propterea
1283 2621 1724 2698 appellauimus.
1790 2619 1887 2680 Sic
1925 2618 2135 2678 eadem
2178 2618 2547 2696 prouidentia
2584 2616 2777 2678 effecit
2814 2617 3065 2694 amplius
3079 2664 3096 2697 ,
3140 2628 3203 2679 vt
3249 2621 3326 2679 ab

417 2692 662 2772 Angelis
717 2699 772 2755 &
831 2697 1182 2773 spiritalibus
1232 2699 1652 2778 intelligentiis,
1705 2717 1984 2776 praesens
2022 2705 2060 2758 a
2098 2697 2505 2774 praesentibus
2520 2743 2537 2776 ,
2578 2697 2805 2757 visione
2844 2699 3104 2774 quadam
3144 2696 3330 2776 perci-

419 2784 685 2852 peretur,
725 2793 835 2852 pro
876 2794 950 2836 eo
991 2796 1063 2837 ac
1101 2778 1387 2839 essentiae
1427 2779 1560 2840 illae
1600 2781 1882 2840 caelestes
1920 2778 2148 2838 visione
2187 2778 2301 2838 Dei
2338 2777 2659 2854 praesentis
2698 2776 2961 2854 gloriosa
2990 2778 3102 2837 frui
3124 2787 3331 2856 potue-

417 2863 582 2912 runt:
625 2854 783 2914 vnde
821 2857 1154 2935 Theologia
1189 2858 1429 2921 visionis
1471 2859 1613 2920 item
1653 2859 1967 2936 appellata.
2008 2857 2107 2918 Sic
2143 2857 2398 2933 denique
2432 2858 2639 2918 eadem
2661 2874 2901 2934 quoque
2921 2857 3295 2934 prouidentia
3310 2901 3331 2937 ,

417 2933 522 2994 sed
563 2953 668 3010 per
707 2935 1123 3012 amplissimam
1165 2939 1220 2998 δε
1260 2957 1564 3016 nunquam
1601 2940 1738 3000 satis
1776 2938 2076 2999 laudatam
2118 2936 2605 3010 misericordiam,
2646 2935 2909 3014 prouidit
2948 2945 3127 3014 atque
3169 2957 3331 3014 prae-

417 3012 599 3072 stituit
659 3013 756 3074 ille
807 3015 1262 3094 sapientissimus
1316 3019 1756 3080 miserationum
1811 3020 2012 3095 Pater,
2052 3027 2115 3076 vt
2156 3017 2217 3077 in
2267 3017 2454 3077 oculis
2495 3017 2723 3095 generis
2762 3017 3003 3076 humani
3043 3016 3335 3094 singulare

416 3092 725 3168 quoddam
764 3107 1015 3156 exstaret
1055 3101 1362 3174 speculum
1399 3103 1455 3159 δι
1495 3098 1802 3177 singularis
1843 3099 2038 3157 forma
2076 3100 2113 3156 a
2154 3099 2287 3156 Deo
2324 3095 2789 3157 communicata:
2813 3113 2931 3173 qua
2948 3095 3074 3174 ipse
3093 3142 3108 3175 ,
3130 3116 3332 3175 quam-

419 3171 508 3231 uis
567 3171 827 3234 infinitus
886 3195 994 3253 per
1053 3176 1285 3256 omnia,
1345 3178 1512 3255 quasi
1571 3178 1737 3239 finito
1798 3175 2012 3252 modo,
2072 3195 2135 3236 se
2176 3176 2454 3237 creaturis
2494 3175 2867 3236 inferioribus
2909 3177 3331 3258 spectandum,

418 3253 906 3328 cognoscendum
920 3300 937 3331 ,
994 3256 1328 3334 sciendum,
1381 3261 1437 3318 δι
1481 3257 1831 3336 sapiendum
1871 3261 1960 3334 (vt
1998 3258 2079 3317 ita
2120 3254 2409 3332 dicamus)
2450 3256 2757 3317 exhiberet
2792 3275 2901 3332 per
2938 3255 3331 3334 Theologiam

423 3332 828 3410 reuelationis,
886 3355 1066 3412 quam
1129 3337 1186 3396 δι
1245 3347 1510 3400 nostram
1564 3339 1946 3416 appellamus
2008 3337 2387 3414 Quapropter
2421 3337 2560 3396 cum
2602 3335 2853 3396 subiecti
2892 3335 3046 3396 illius
3086 3337 3329 3416 modus,

421 3421 599 3488 prout
636 3413 926 3473 infinitum
969 3425 1089 3495 est,
1131 3416 1263 3494 capi
1303 3421 1341 3476 a
1377 3436 1680 3496 quoquam
1720 3436 1842 3477 non
1881 3417 2100 3496 possit,
2137 3417 2213 3476 de
2246 3415 2431 3476 modo
2452 3416 2845 3494 Theologiae,
2867 3414 2931 3476 id
2948 3426 3069 3496 est,
3090 3416 3332 3494 Sapien-

421 3490 537 3550 tiae
576 3491 759 3571 illius,
808 3511 926 3571 qua
979 3513 1042 3554 se
1081 3494 1339 3557 infinitus
1371 3499 1536 3574 quasi
1577 3497 1881 3558 definitum
1921 3507 2121 3556 extare
2157 3496 2373 3574 voluit,
2417 3496 2740 3556 videndum
2780 3506 2886 3556 est.
2947 3499 3041 3555 Ac
3082 3496 3332 3556 modum

425 3570 665 3646 quidem
723 3572 894 3632 huius
955 3575 1306 3654 sapientiae,
1365 3596 1545 3654 quam
1593 3577 1991 3654 Theologiam
2042 3585 2307 3636 nostram
2366 3575 2488 3636 siue
2528 3575 2900 3636 reuelationis
2939 3577 3331 3666 appellamus,

425 3649 665 3710 minime
707 3651 1107 3730 adaequatum
1145 3674 1272 3716 esse
1313 3657 1613 3735 subiecto,
1655 3667 1757 3716 aut
1793 3675 1920 3717 esse
1959 3674 2222 3733 vnquam
2260 3675 2335 3716 ex
2368 3657 2525 3716 facto
2564 3673 2770 3734 posse,
2811 3655 2961 3715 ratio
2984 3673 3108 3733 ipsa
3128 3654 3335 3734 docet,

427 3731 482 3788 δι
546 3741 749 3791 nostra
809 3743 1020 3792 natura
1077 3737 1352 3811 postulat.
1415 3738 1577 3812 Quid
1625 3738 1781 3797 enim
1834 3736 2021 3814 magis
2072 3753 2147 3795 ex
2184 3736 2411 3797 ratione
2451 3745 2571 3814 est,
2611 3739 2791 3813 quam
2836 3743 2901 3794 vt
2942 3733 3335 3812 intelligamus

423 3825 606 3868 vnum
662 3809 957 3871 infinitum
1011 3832 1162 3874 esse:
1217 3817 1273 3875 &
1313 3833 1450 3876 cum
1493 3835 1568 3876 eo
1607 3836 1729 3876 vno
1769 3815 1935 3894 quod
1976 3815 2267 3876 infinitum
2308 3826 2428 3894 est,
2467 3816 2609 3876 nihil
2646 3813 2979 3893 comparari
3016 3823 3117 3874 aut
3156 3814 3335 3874 adae-

423 3889 590 3965 quari
629 3889 838 3966 posse?
895 3890 1180 3970 Alioquin
1221 3896 1409 3972 perire
1447 3906 1715 3957 naturam
1755 3894 2056 3972 Vtriusque
2095 3914 2169 3954 ex
2208 3895 2310 3956 illo
2353 3903 2521 3973 quasi
2560 3902 2855 3956 concursu
2871 3894 3135 3971 ipsorum
3156 3912 3333 3972 opor-

421 3977 572 4028 teret
585 4013 601 4046 ,
635 3969 1046 4048 infinitumque
1084 3992 1212 4034 esse
1251 3974 1548 4050 desinere,
1589 3976 1728 4054 quia
1767 3977 2015 4035 alterum
2056 3976 2241 4036 altero
2284 3975 2535 4035 finiatur.
2585 3976 2875 4035 Naturam
2906 3978 3051 4035 vero
3072 3983 3335 4035 nostram

421 4065 546 4107 non
603 4048 688 4108 ita
733 4062 1139 4128 comparatam
1195 4073 1352 4128 esse,
1405 4065 1468 4115 vt
1507 4055 1704 4116 Deum
1745 4054 2037 4114 infinitum
2076 4064 2178 4114 aut
2216 4074 2309 4115 res
2350 4055 2529 4114 etiam
2564 4054 2793 4115 infinito
2834 4053 3132 4133 proximas
3170 4073 3335 4116 com-

425 4129 751 4205 prehendat
765 4175 781 4206 ,
821 4131 1086 4210 quisquis
1123 4135 1337 4210 nescit,
1379 4144 1648 4196 naturam
1692 4152 2070 4196 communem
2110 4134 2324 4213 nescit,
2367 4135 2423 4193 δε
2463 4133 2720 4210 seipsum
2749 4133 2970 4213 nescit,
2988 4135 3336 4196 Praesertim

421 4210 592 4284 vero,
633 4208 684 4268 si
721 4209 783 4270 id
825 4212 1180 4292 cogitemus,
1221 4215 1419 4274 Deum
1460 4214 1806 4293 sapientiam
1826 4233 1993 4274 suam
2012 4214 2463 4290 bonitatemque
2484 4229 2621 4272 cum
2650 4215 2911 4274 humano
2934 4233 3151 4292 genere
3172 4234 3329 4275 com·

424 4288 781 4348 municatam
835 4292 1126 4354 voluisse:
1182 4293 1347 4355 cuius
1386 4295 1470 4356 rei
1509 4293 1902 4373 perficiendae
1943 4295 2104 4354 nulla
2142 4313 2403 4372 vnquam
2445 4293 2724 4354 exstitura
2762 4293 2967 4354 fuisset
3006 4294 3189 4373 rati0,
3226 4295 3339 4356 nisi

426 4367 674 4427 modum
735 4380 1244 4450 contemperatum
1296 4376 1542 4436 modulo
1595 4385 1838 4435 naturae
1891 4377 1946 4434 δι
1994 4373 2353 4436 conditionis
2392 4383 2631 4434 nostrae
2646 4419 2665 4454 ,
2706 4373 3125 4452 Ecclesiaeque
3164 4393 3334 4512 sillae'

3124 4471 3197 4514 ea
3238 4473 3332 4514 em
