3923 4875
593 0 711 76 39⁶
1662 13 2076 57 :inauret
2137 11 2350 56 raas
2409 11 2450 58 1.

602 176 783 252 quam
826 173 919 234 vel
962 171 1295 234 domestica
1334 172 1481 234 haec
1524 173 1849 234 calamitas.
1902 170 2031 233 Etsi
2073 171 2136 232 in
2177 170 2506 234 domestica
2551 172 2668 232 hac
2705 170 3072 250 calamitate,
3119 173 3181 234 id
3202 181 3294 232 est
3313 171 3542 234 incom-

602 253 801 332 modi3
856 254 1026 331 qued
1074 253 1217 314 dum
1258 252 1617 314 Germaniae
1656 269 1978 314 commune
2027 270 2101 312 ex
2141 253 2310 314 malis
2347 253 2526 312 tantis
2563 253 2828 331 laborat,
2879 253 3094 314 eodem
3135 263 3404 330 tempore
3441 253 3544 313 illa

600 332 867 394 subsidio
881 376 901 409 ,
942 333 1127 394 imme
1168 331 1461 424 praesidio
1501 331 1665 410 pacis
1706 335 1761 394 &
1804 331 2244 410 tranquillitatis
2283 331 2652 409 firmissimo,
2705 344 2954 410 parente
2995 343 3128 412 tuo,
3177 333 3392 394 orbata
3429 341 3539 393 est.

600 413 765 488 Quid
806 411 1002 474 dicam
1018 458 1037 492 ,
1076 411 1191 474 nisi
1230 412 1379 472 iram
1418 413 1535 473 Dei
1569 407 2003 474 exardescere?
2041 411 2254 472 minari
2295 409 2581 474 ferulam?
2621 412 2698 472 ad
2738 431 2940 474 veram
2981 432 3189 490 pacem
3209 429 3350 472 cum
3369 413 3535 490 Deo,

594 511 735 553 cum
776 492 1082 571 Ecclesia,
1138 509 1277 553 cum
1320 492 1597 553 fratribus
1636 491 2030 554 Germaniam
2068 502 2258 554 totam
2301 493 2619 553 reuocare!
2681 493 2838 552 Nam
2877 493 3084 571 grauia
3119 492 3365 571 quidem
3403 491 3504 552 illa
3517 538 3536 572 ,

592 573 865 652 adeoque
920 571 1291 652 grauissima.
1346 571 1463 633 Sed
1514 572 1694 634 video
1734 573 1911 651 (proh
1955 572 2159 648 dolor)
2199 573 2422 633 malum
2462 571 2847 635 Germaniam
2889 575 3151 634 exedens
3188 575 3368 650 longe
3405 591 3535 651 gra·

594 653 937 714 nissimum:
982 651 1189 716 Scindi
1228 650 1613 712 Germaniam
1652 671 1779 713 non
1818 662 1945 712 tam
1989 671 2094 730 per
2130 653 2334 713 hostes
2354 661 2617 726 exteros,
2659 653 2918 732 mundo,
2957 653 3154 732 carni,
3191 651 3532 732 ambitioni,

594 737 649 794 δι
688 731 991 810 tyrannidi
1032 731 1447 793 iniustissimae
1484 732 1838 813 seruientes,
1884 734 2068 810 quam
2107 751 2213 810 per
2251 750 2356 793 eos
2375 733 2538 812 ipsos
2570 731 2928 794 Germaniae
2947 745 3146 812 partes
3165 735 3220 794 δι
3239 735 3534 810 alumnos,

589 812 691 890 qui
731 832 805 873 ex
848 823 1097 874 naturae
1140 811 1507 872 conscientia
1546 831 1765 890 pacem
1808 811 2081 890 corporis
2119 821 2184 872 vt
2222 815 2519 890 membra,
2557 831 2632 872 ex
2663 813 2886 891 gratiae
2923 811 3284 874 conscientia
3319 831 3534 891 pacem

588 891 899 954 Ecclesiae
950 903 1015 953 vt
1064 891 1167 968 filij
1220 891 1387 970 pacis
1446 911 1771 970 procurare
1830 893 2070 954 debent.
2125 891 2322 954 Video
2361 893 2524 972 ipsos
2575 909 2730 970 quos
2769 897 3011 972 recep(f.
3051 891 3280 969 677)tui
3318 911 3533 953 canere

590 975 771 1049 quam
827 971 1264 1064 religiosissime
1316 982 1621 1050 oporteret
1635 1017 1653 1050 ,
1710 971 2094 1034 administros
2133 972 2296 1050 pacis
2336 973 2844 1052 euangelizaturos
2883 993 3094 1052 pacem
3135 974 3194 1034 in
3235 972 3533 1048 Domino,

591 1071 697 1112 eos
738 1051 900 1131 ipsos
940 1069 1188 1129 mquam
1226 1051 1511 1112 bellicum
1552 1071 1773 1113 canere
1810 1055 1992 1130 quam
2031 1051 2470 1130 ardentissime,
2511 1055 2567 1114 δι
2607 1052 2830 1130 primos
2849 1053 2910 1114 in
2932 1053 3171 1114 ordines
3191 1051 3529 1124 Ecclesiae,

592 1132 835 1192 ordines
896 1131 1092 1210 pacis,
1156 1135 1367 1192 contre.
1425 1134 1610 1208 quam
1674 1131 1839 1193 Deus
1900 1132 2064 1210 pacis
2129 1131 2460 1210 mandauit,
2521 1133 2906 1194 contentione
2945 1152 3180 1195 summa
3215 1133 3536 1194 incurrere.

600 1209 805 1288 Quid?
868 1231 1070 1273 nonne
1120 1211 1327 1273 vident
1378 1211 1629 1274 discidia
1686 1222 1893 1272 nostra
1941 1229 2072 1272 esse
2121 1212 2448 1274 amicorum
2487 1211 2826 1290 dispendia,
2876 1214 3138 1276 hostium
3177 1212 3534 1292 compendia

604 1299 693 1368 (vt
747 1309 885 1352 cum
935 1291 1315 1369 Hieronymo
1355 1291 1576 1368 dicam)
1635 1294 1690 1353 δι
1730 1292 1970 1370 publica
2011 1291 2130 1352 irae
2172 1291 2406 1353 diuinae
2445 1289 2756 1354 incendia?
2813 1293 3165 1356 Misereatur
3201 1292 3529 1354 Dominus:

600 1391 697 1432 me
736 1371 979 1448 quidem
1024 1373 1261 1434 miseret
1302 1373 1635 1433 secundum
1676 1371 2036 1432 Dominum:
2077 1375 2133 1433 δι
2172 1372 2444 1450 quamuis
2483 1373 2600 1433 iam
2639 1374 2942 1434 absentem
2964 1377 3002 1436 ὲ
3019 1373 3374 1436 Germaniae
3395 1373 3530 1433 solo

602 1471 711 1530 per
760 1453 1126 1512 voluntatem
1180 1450 1329 1531 Dei,
1378 1463 1576 1512 tamen
1632 1461 1697 1511 vt
1746 1462 2120 1530 praesentem
2160 1453 2362 1514 animo
2400 1453 2656 1530 grauiter
2695 1454 2876 1514 afficit
2911 1455 3162 1516 istorum
3201 1455 3528 1532 malorum,

598 1549 755 1608 quae
809 1531 985 1594 video
1038 1534 1095 1592 δι
1148 1531 1469 1610 praeuideo
1482 1577 1501 1612 ,
1559 1531 1861 1612 cogitatio.
1938 1533 2142 1609 Atque
2203 1531 2295 1593 his
2351 1531 2596 1610 quidem
2645 1534 2817 1594 malis
2869 1534 3241 1612 prouisurum
3283 1533 3526 1594 confido

602 1612 805 1672 Deum
820 1656 839 1688 ,
880 1615 935 1674 δι
976 1612 1319 1690 prouisuros
1360 1609 1492 1690 pios
1530 1611 1831 1690 Principes
1869 1621 2135 1672 amantes
2175 1611 2336 1690 pacis
2373 1613 2646 1690 publicae
2685 1613 2740 1672 δι
2781 1631 2950 1692 suae,
2990 1625 3254 1674 amantes
3274 1611 3528 1691 pietatis,

599 1701 869 1752 amantes
902 1691 1149 1784 patriae.
1191 1691 1311 1752 Sed
1352 1691 1495 1770 quia
1526 1701 1619 1770 tu,
1640 1691 1893 1753 Maurici
1910 1691 2336 1758 Illustrissime..
2359 1711 2482 1752 non
2513 1704 2850 1770 postremus
2869 1715 2932 1755 es
2951 1694 3010 1755 in
3031 1711 3241 1756 eorum
3259 1710 3528 1768 numero,

600 1769 704 1847 qui
759 1772 959 1833 studio
1016 1772 1374 1834 meditantur
1412 1791 1658 1850 pacem,
1714 1771 1916 1832 officio
1954 1783 2308 1850 procurant,
2360 1774 2416 1833 δι
2453 1771 2737 1850 exemplis
2778 1777 3017 1852 (quibus
3053 1774 3322 1835 abundas
3359 1772 3525 1833 domi

597 1853 675 1912 ab
728 1867 880 1929 aue,
932 1853 969 1911 a
1020 1864 1265 1930 parente
1306 1853 1436 1926 tuo)
1476 1851 1821 1912 incitantur:
1872 1869 2000 1912 non
2049 1851 2220 1930 potui
2272 1852 2416 1929 quin
2457 1854 2512 1913 &
2551 1853 2912 1916 Germaniae
2953 1851 3260 1915 communi
3298 1863 3525 1913 vestrae

598 1931 653 1989 δι
697 1932 771 1990 Τ.
814 1930 883 1991 C.
926 1930 1191 1992 animum
1244 1949 1445 1991 meum
1499 1942 1869 1993 constantem
1918 1933 1978 1992 δι
2029 1931 2358 1994 studiosum
2407 1943 2632 1994 vestrae
2671 1933 2840 2012 pacis
2879 1935 3052 1997 vobis
3091 1950 3450 2011 exponerem
3489 1936 3526 1992 a

608 2009 863 2070 §liscessu
920 2029 1075 2072 mec.
1129 2009 1349 2089 Scripsi
1402 2013 1479 2072 de
1530 2029 1681 2090 pace
1735 2013 2100 2072 documenta
2141 2011 2514 2090 communia,
2563 2029 2716 2090 quae
2757 2013 2818 2074 in
2861 2025 3058 2076 mente
3099 2024 3268 2086 sunt,
3321 2013 3382 2073 in
3421 2031 3526 2074 ore

601 2091 908 2170 omnium3
958 2090 1065 2151 sed
1118 2109 1241 2152 non
1292 2101 1430 2151 sunt
1478 2101 1581 2151 aut
1628 2099 1978 2170 comparent
2017 2109 2266 2168 vsquam
2305 2092 2364 2152 in
2405 2111 2608 2170 opere.
2669 2094 2825 2154 Nam
2867 2115 2942 2157 eo
2983 2095 3116 2173 ipso
3157 2093 3322 2170 qued
3363 2111 3524 2153 com·

602 2169 805 2230 munia
854 2181 1025 2248 sunt,
1076 2169 1471 2250 negliguntur,
1522 2181 1791 2232 teruntur
1827 2171 2114 2250 pedibus:
2168 2183 2376 2232 curant
2415 2171 2628 2251 singuli
2667 2173 2984 2252 singularia
3021 2175 3077 2234 81
3117 2171 3523 2252 particularia,

598 2263 663 2310 vt
712 2261 955 2313 vocant.
1014 2249 1226 2310 Latine
1280 2250 1485 2330 scripsi
1500 2296 1517 2330 ,
1567 2263 1630 2312 vt
1680 2249 2041 2313 Germaniae
2091 2263 2318 2312 vestrae
2363 2252 2560 2330 aliqua
2597 2255 2803 2314 saltem
2845 2260 3078 2334 τροφεῖα
3117 2271 3488 2315 renumerem
3501 2297 3520 2332 ,

598 2329 701 2407 qui
742 2349 934 2391 annos
972 2331 1227 2410 amplius
1265 2347 1395 2392 xxv
1438 2330 1499 2390 in
1539 2350 1609 2393 ea
1638 2331 1903 2394 vixerim.
1942 2330 2192 2410 Optimo
2223 2331 2424 2394 animo
2447 2331 2644 2473 ειὲιίυἰ
2663 2335 3112 2414 ὀπιπελσργοῖν.
3150 2334 3324 2394 Haec
3343 2349 3520 2394 causa

602 2427 699 2471 me
752 2409 1001 2472 adduxit
1051 2421 1114 2471 vt
1166 2411 1288 2473 hoc
1339 2412 1692 2489 opusculum
1708 2457 1726 2491 ,
1773 2411 2186 2490 qualecunque
2222 2425 2339 2481 est,
2378 2413 2452 2473 T.
2551 2458 2566 2473 .
2605 2413 3018 2484 inscriberem,
3070 2415 3126 2473 81
3165 2430 3274 2492 per
3311 2429 3519 2473 manus

598 2489 723 2551 eius
779 2494 1054 2553 offerrem
1109 2492 1468 2553 Germaniae
1524 2503 1678 2553 tuae.
1730 2494 1805 2553 T.
1852 2492 1920 2553 C.
1965 2510 2074 2553 oro
2123 2504 2188 2553 vt
2239 2494 2360 2553 hoc
2399 2510 2602 2553 meum
2642 2492 2903 2554 officium
2941 2493 3053 2555 sibi
3094 2493 3420 2555 exhibitum
3459 2492 3520 2553 in

596 2572 821 2631 bonam
874 2583 1105 2649 partem
1156 2572 1434 2649 accipiat,
1495 2572 1873 2651 studiumque
1913 2572 2326 2649 interpretetur
2364 2573 2550 2646 bene:
2603 2574 2803 2635 Deum
2845 2578 2987 2635 vcro
3027 2585 3155 2653 opt.
3195 2594 3348 2635 max.
3386 2591 3522 2633 auc·

598 2662 790 2711 torem
832 2651 997 2728 pacis
1039 2654 1094 2713 δι
1133 2652 1361 2725 chari(s.
1384 2651 1669 2728 678)tatis
1708 2672 1911 2727 verae,
1952 2662 2018 2713 vt
2055 2652 2414 2714 benedicens
2451 2651 2728 2731 precibus
2767 2656 2822 2715 δι
2859 2652 3054 2715 labori
3095 2672 3262 2730 meo,
3315 2654 3522 2714 Eccle-

598 2730 745 2790 siam
811 2730 1316 2810 Germaniamque
1376 2730 1567 2810 ipsam
1630 2744 1887 2793 vestram
1948 2731 2206 2793 stabiliat
2261 2732 2323 2793 in
2379 2752 2532 2811 pace
2576 2734 2633 2794 &
2681 2732 3101 2811 sanctimonia,
3161 2736 3217 2795 &
3255 2731 3520 2794 omnium

599 2810 865 2889 animos,
926 2828 1244 2890 procerum
1305 2831 1379 2872 ac
1442 2812 1821 2889 popularium
1838 2858 1855 2890 ,
1916 2814 1980 2873 in
2043 2812 2246 2891 primis
2303 2814 2379 2875 T.
2431 2814 2500 2875 C.
2556 2824 2720 2907 regat
2771 2813 2832 2874 in
2880 2814 3172 2892 consiliis,
3229 2824 3406 2892 atque
3445 2812 3526 2871 ad

600 2909 812 2967 pacem
856 2892 1069 2970 dirigat
1110 2890 1590 2953 constantissime
1604 2936 1623 2965 ,
1661 2902 1725 2952 vt
1764 2892 2216 2955 instrumentum
2255 2892 2418 2971 pacis
2456 2894 2884 2955 sanctificatum
2922 2898 2962 2955 e
2995 2894 3263 2955 Domino
3299 2893 3379 2955 ad
3395 2894 3524 2972 glo-

602 2969 746 3030 riam
790 2970 1005 3049 ipsius,
1048 2970 1353 3033 Ecclesiae
1396 2972 1451 3031 &
1495 2972 1755 3051 Reipub.
1792 2971 1932 3033 vtile
1973 2974 2230 3035 futurum
2271 2992 2345 3033 ac
2383 2976 2634 3035 salutare
2673 2977 2854 3051 quam
2895 2974 3231 3037 diutissime.

2635 3104 2707 3163 T.
2753 3102 2825 3164 C.
2867 3102 3356 3183 studiosissimus,

2683 3210 3048 3269 Franctlrcus
3087 3210 3316 3269 lartius.
