3923 4875
580 269 639 294 Q

607 353 677 412 52
1564 341 1669 386 DE
1726 343 1949 388 VERA
2011 341 2548 388 THEOLOGIA.

606 527 679 568 ex
719 527 813 597 se,
852 525 977 567 non
1010 525 1085 567 ex
1104 505 1189 568 eis
1207 507 1493 586 gignitur:
1525 507 1674 568 haec
1692 508 2098 598 Intellectum,
2126 505 2444 596 rationem,
2475 506 2920 585 conclusiones,
2953 505 3250 586 scientias,
3283 507 3502 586 sapien-

608 587 751 647 tiam
793 605 983 665 ipsam
1021 585 1085 646 in
1122 586 1250 646 aliis
1288 586 1501 666 efficit,
1538 587 1601 648 in
1641 605 1705 648 se
1740 585 2126 648 immutabilis
2163 587 2221 644 &
2260 583 2544 648 inuanata
2581 605 2961 666 permanens:
2993 587 3143 646 haec
3171 585 3424 664 denique
3443 586 3503 647 in

606 667 731 727 aliis
773 677 936 726 extra
974 683 1039 726 se
1072 666 1302 746 omnia,
1332 666 1623 745 partibus,
1642 665 1880 744 ordine,
1905 668 1964 726 δι
1983 663 2360 727 successione
2377 665 2638 745 varians,
2658 677 2936 744 tanquam
2955 665 3282 726 vniuersale
3300 666 3506 728 immo-

606 759 847 822 tumque
888 744 1239 824 principium
1272 745 1720 824 principiorum,
1760 746 2193 825 intellectuum,
2223 743 2547 824 rationum,
2565 745 3042 826 conclusionum,
3062 747 3118 805 &
3138 745 3502 806 scientiarum

610 825 875 886 omnium
915 836 1033 903 est,
1074 824 1357 903 sapientia
1388 837 1578 886 mater
1615 825 1807 887 omnis
1844 825 2184 904 sapientiae.
2221 827 2318 885 De
2347 841 2465 902 qua
2491 825 2792 886 verissime
2811 842 2950 886 cum
2967 827 3121 887 Iobo
3141 825 3356 886 dixeris
3374 845 3502 904 cap.

614 909 705 966 28.
744 905 853 965 Est
890 904 1133 981 quidem
1170 915 1416 984 argento
1456 905 1725 986 eductio,
1764 907 1822 964 &
1860 907 2030 966 locus
2069 922 2213 965 auro
2250 905 2418 982 quod
2458 905 2684 982 liquant
2721 904 3055 981 metallarijt
3089 906 3308 965 ferrum
3327 909 3362 966 e
3380 906 3504 984 pul·

606 1003 747 1046 uere
785 985 1059 1064 sumitur,
1099 984 1155 1043 δι
1200 983 1397 1063 lapide
1436 984 1697 1046 funditur
1732 1003 1867 1066 aes,
1894 986 2006 1048 ὅτε.
2057 987 2140 1045 At
2166 983 2266 1044 illa
2297 984 2580 1064 sapientia
2597 985 2756 1046 vnde
2775 980 3169 1044 inueniretur?
3189 985 3245 1044 δι
3264 984 3501 1046 vbinam

609 1074 762 1125 esset
799 1065 965 1124 locus
1004 1060 1453 1142 intelligentiae?
1512 1066 1652 1125 Non
1690 1063 1861 1126 nouit
1896 1063 2160 1126 mortalis
2199 1063 2666 1126 aestimationem
2705 1063 2829 1126 eius
2843 1107 2862 1144 ,
2901 1081 3092 1142 neque
3129 1063 3423 1124 inuenitur
3441 1064 3500 1124 in

606 1157 759 1204 terra
806 1141 1151 1204 viuentium.
1188 1145 1455 1222 Abyssus
1493 1143 1663 1223 dicit,
1700 1163 1827 1205 non
1866 1152 1953 1206 est
1991 1143 2052 1204 in
2092 1162 2216 1203 me:
2257 1145 2315 1202 &
2353 1163 2514 1206 mare
2553 1143 2727 1222 dicit,
2755 1162 2880 1204 non
2907 1154 2998 1204 est
3017 1162 3198 1220 penes
3219 1163 3348 1222 me3
3373 1144 3428 1204 δε
3447 1163 3502 1204 c.

608 1225 781 1284 Solus
820 1225 984 1283 Deus
1024 1222 1297 1301 intelligit
1334 1223 1489 1284 viam
1528 1223 1653 1284 eius
1666 1269 1687 1302 ,
1724 1225 1781 1284 δι
1820 1223 1945 1303 ipse
1975 1223 2086 1285 scit
2101 1225 2304 1284 locum
2322 1223 2467 1284 eius.
2507 1225 2662 1284 Nam
2680 1223 2807 1302 ipse
2827 1222 2888 1282 in
2907 1223 3298 1283 extremitates
3316 1234 3504 1300 ten-ae

602 1304 857 1363 intuetur
870 1348 889 1380 ,
930 1303 1041 1363 sub
1080 1303 1357 1364 omnibus
1386 1303 1570 1364 coelis
1602 1302 1791 1382 videt,
1824 1305 1881 1364 δι
1912 1321 2068 1381 quae
2099 1313 2441 1380 sequuntur.
2481 1303 2644 1364 Hinc
2675 1303 2726 1364 si
2755 1303 2834 1364 ad
2867 1301 3256 1362 differentiam
3273 1302 3504 1364 venturi

600 1399 798 1442 sumus
830 1381 902 1458 (si
935 1381 1173 1458 quidem
1205 1382 1535 1444 differentia
1574 1392 1770 1462 potest
1810 1383 2116 1476 appellari)
2156 1401 2280 1442 non
2320 1385 2514 1444 solum
2553 1383 2792 1445 obiecto
2807 1427 2826 1460 ,
2855 1382 3072 1461 mod0,
3095 1401 3168 1442 ac
3185 1384 3306 1443 fine
3323 1381 3504 1462 ipsius

599 1483 691 1523 res
732 1461 960 1522 diuinas
1000 1461 1163 1540 sciri,
1201 1460 1478 1542 iudicari,
1516 1472 1695 1540 atque
1734 1463 1995 1524 ordinari
2030 1464 2145 1523 hac
2183 1462 2470 1542 sapientia
2499 1461 3058 1523 animaduertemus:
3100 1479 3308 1522 verum
3329 1461 3505 1522 etiam

600 1541 869 1603 subiecto
908 1541 1039 1618 ipso
1080 1541 1279 1617 (liceat
1316 1541 1476 1604 enim
1514 1545 1712 1604 Deum
1738 1542 1943 1621 nobis,
1965 1541 2233 1620 quamuis
2253 1540 2749 1620 simplicissimum
2765 1587 2782 1620 ,
2805 1540 3064 1602 docendi
3083 1557 3262 1601 causa
3281 1541 3506 1602 subiec-

599 1633 724 1682 tum
765 1619 987 1700 dicere)
1030 1620 1377 1699 sapientiam
1417 1621 1680 1684 diuinam
1720 1641 1876 1701 esse,
1913 1639 2068 1701 quae
2107 1641 2201 1683 res
2240 1639 2450 1683 omnes
2488 1621 2716 1682 diuinas
2749 1623 2806 1681 81
2836 1619 3091 1700 singulas
3109 1619 3507 1682 indesinenter

600 1701 759 1780 capit
796 1704 943 1779 vna,
982 1700 1160 1761 vnico
1198 1700 1411 1762 intuitu
1450 1712 1627 1780 atque
1665 1701 1923 1782 infinit0,
1967 1701 2094 1763 sine
2131 1699 2398 1780 partibus
2429 1718 2626 1764 rerum
2640 1746 2659 1781 ,
2690 1701 2815 1763 sine
2845 1699 3057 1761 ordine
3075 1698 3360 1781 partium,
3377 1699 3504 1762 sine

600 1791 767 1843 motu
807 1781 863 1840 &
903 1779 1278 1842 successione
1318 1789 1654 1860 temporum
1692 1784 1779 1858 (vt
1820 1780 2312 1843 scholasticorum
2349 1799 2622 1842 sermone
2651 1783 2808 1858 vtar)
2841 1783 3064 1842 Totum
3101 1779 3274 1842 simul
3288 1825 3307 1860 ,
3326 1789 3502 1858 atque

601 1859 877 1922 totaliter.
916 1861 1072 1920 Nam
1109 1864 1425 1939 propterea
1462 1859 1641 1922 etiam
1680 1860 1964 1922 Diuinam
2000 1861 2462 1940 pronunciamus
2500 1879 2628 1923 esse
2667 1863 2825 1922 hanc
2857 1858 3230 1939 sapientiam,
3264 1868 3504 1939 propria

602 1960 675 2000 ac
712 1959 838 1999 non
878 1940 1124 2018 figurata
1162 1939 1616 2022 significatione,
1653 1952 1720 2003 vt
1760 1951 1923 2002 extra
1960 1958 2251 2020 supraque
2289 1959 2501 2003 omnes
2540 1960 2634 2002 res
2668 1942 2959 2001 humanas
2972 1985 2993 2018 ,
3021 1939 3078 1999 81
3099 1938 3502 2019 temporariaS,

603 2021 659 2078 δι
696 2029 921 2079 creatas
960 2019 1189 2080 animos
1228 2030 1464 2083 nostros
1506 2041 1739 2100 semper
1777 2021 2142 2084 attollamus:
2186 2038 2372 2100 quum
2409 2021 2486 2082 de
2521 2021 2636 2081 hac
2675 2019 2962 2098 sapientia
2997 2019 3248 2081 habetur
3285 2037 3502 2080 sermo,

680 2098 753 2158 Id
803 2109 1001 2158 autem
1053 2111 1117 2160 vt
1166 2098 1375 2164 melius
1419 2102 1607 2180 possit
1645 2100 1917 2180 intelligi,
1956 2101 2214 2179 agedum
2228 2147 2248 2181 ,
2283 2099 2563 2162 attributa
2598 2099 2889 2179 quaedam
2925 2097 3099 2160 huius
3135 2097 3502 2176 Theologiae

600 2179 961 2258 adferamus,
1000 2197 1075 2240 ex
1106 2178 1319 2257 quibus
1338 2179 1659 2242 discrimen
1676 2179 1858 2259 ipsius
1876 2179 2310 2242 internoscatur
2327 2183 2366 2240 a
2385 2190 2584 2241 creata
2602 2189 2822 2242 nostra.
2861 2179 2970 2239 Est
2988 2177 3164 2257 igitur
3181 2178 3504 2258 ἀρχέτυπος

600 2260 749 2318 haec
802 2259 933 2317 The
998 2258 1163 2339 ogia,
1212 2259 1499 2339 sapientia
1550 2260 1839 2340 increata,
1887 2259 2178 2339 formalis,
2232 2261 2531 2340 absoluta,
2582 2258 2832 2333 infinita,
2869 2268 2996 2320 tota
3037 2256 3242 2336 simu13
3280 2257 3504 2318 incoin-

602 2336 945 2398 municabil'
984 2384 1001 2418 ,
1042 2341 1098 2400 &
1140 2338 1230 2399 sui
1268 2339 1552 2432 imagips
1593 2351 1693 2402 aut
1733 2340 1909 2402 etiam
1947 2339 2195 2420 vestigia
2232 2357 2370 2401 cuin
2396 2340 2574 2402 rebus
2595 2335 2806 2400 creatis
2827 2340 3020 2400 solum
3039 2336 3505 2427 communicans.

600 2419 865 2479 Increata
922 2428 1035 2481 est:
1086 2437 1229 2481 nam
1278 2420 1633 2501 principium
1686 2421 1764 2483 ab
1802 2421 1925 2481 vilo
1963 2439 2087 2482 non
2129 2421 2342 2500 habet,
2379 2429 2484 2481 aut
2517 2421 2704 2483 vllum
2744 2414 3014 2498 principii
3059 2419 3152 2480 vel
3191 2415 3506 2478 creationis

604 2496 880 2577 modum,
920 2498 1045 2561 imo
1082 2517 1161 2561 ne
1202 2500 1461 2593 speciem
1502 2499 1745 2579 quidem
1780 2502 1963 2561 vllam
2001 2500 2181 2561 habet
2213 2499 2510 2591 principii:
2550 2519 2692 2560 nam
2730 2498 3086 2578 principium
3124 2498 3320 2576 ipsum
3349 2495 3506 2575 prin-

600 2575 895 2655 cipiorum
934 2588 1053 2657 est,
1094 2589 1433 2659 pertingens
1474 2584 1511 2641 a
1550 2581 1669 2641 fine
1708 2599 1829 2642 vno
1869 2580 1948 2641 ad
1987 2580 2239 2641 alterum
2278 2581 2540 2659 fortiter,
2581 2581 2637 2639 δε
2675 2578 2996 2657 disponens
3033 2576 3235 2638 omnia
3271 2574 3506 2653 vtiliter,

604 2657 863 2735 Sapient.
910 2660 968 2717 8.
1026 2660 1318 2721 Formalis
1356 2671 1473 2722 est:
1514 2678 1655 2720 nam
1696 2658 2020 2721 essentialis
2057 2670 2148 2721 est
2183 2662 2410 2720 formae
2447 2656 2711 2735 diuinae,
2755 2658 2880 2719 siue
2917 2655 3165 2719 Deitatis
3178 2702 3197 2735 ,
3237 2651 3508 2733 adeoqu‘e

601 2737 728 2814 ipsa
785 2736 1039 2799 essentia
1094 2738 1238 2799 Dei:
1296 2751 1475 2818 prout
1530 2742 1695 2801 Deus
1753 2750 1841 2803 est
1892 2738 2171 2801 omnibus
2207 2737 2468 2800 numeris
2507 2736 2966 2817 simplicissimus
2981 2782 2998 2815 ,
3039 2735 3206 2797 cuius
3243 2754 3404 2812 esse,
3424 2736 3506 2825 ,ὅτ

602 2835 834 2894 sapere,
875 2820 931 2879 δι
970 2816 1121 2879 scire
1157 2816 1319 2879 idem
1358 2830 1477 2899 est,
1515 2818 1783 2898 quamuis
1821 2819 2149 2881 secundum
2191 2818 2482 2881 rationem
2519 2818 2582 2879 in
2623 2816 2918 2879 mentibus
2957 2816 3174 2877 nostris
3213 2834 3286 2875 ea
3303 2812 3506 2875 distin-

602 2913 868 2973 guamus.
924 2898 1220 2959 Absoluta
1257 2910 1347 2960 est
1385 2900 1441 2959 δι
1478 2899 1928 2979 perfectissima,
1967 2898 2113 2959 nihil
2151 2897 2433 2959 deficiens
2448 2942 2466 2977 ,
2504 2897 2652 2959 nihil
2688 2897 3055 2975 redundanS,
3095 2894 3241 2956 nihil
3278 2892 3504 2955 varium

603 2975 942 3056 continens,
982 2979 1090 3038 sed
1127 2976 1321 3039 omnis
1360 2978 1422 3040 in
1462 2997 1591 3039 sese
1610 2978 1905 3060 defectus,
1940 2980 2274 3057 profectuS,
2306 2987 2408 3038 aut
2431 2976 2812 3056 incrementi,
2843 2978 2901 3037 &
2921 2972 3260 3037 mutationis
3279 2992 3508 3051 expers.

600 3056 834 3116 Infinita
874 3068 990 3117 est:
1031 3060 1187 3118 Nam
1224 3059 1307 3120 ad
1344 3058 1547 3120 omnia
1583 3060 1881 3137 pertendit
1917 3058 2188 3121 vniuerse
2227 3059 2284 3119 δι
2321 3057 2720 3137 singulariter,
2751 3068 2815 3117 vt
2833 3054 3184 3135 principium
3205 3052 3506 3114 omnium:

601 3154 715 3225 iiec
774 3134 1089 3213 quicquam
1149 3149 1236 3199 est
1295 3143 1385 3216 (vt
1440 3138 1635 3200 verbis
1671 3150 1905 3201 vtamur
1943 3137 2223 3217 Apostoli
2257 3138 2453 3199 Hebr.
2495 3158 2566 3213 4:
2612 3140 2729 3215 13.)
2771 3136 2940 3229 quod
2977 3134 3053 3197 sit
3089 3135 3391 3225 oecultum
3429 3134 3509 3193 ab

601 3232 757 3293 ipsa,
817 3216 1019 3275 omnia
1077 3218 1239 3279 nuda
1290 3219 1346 3278 δι
1387 3217 1695 3281 manifesta
1731 3228 1869 3281 sunt
1905 3230 2046 3281 ante
2085 3220 2294 3281 oculos
2333 3216 2507 3281 iuius.
2565 3221 2724 3280 Tota
2761 3217 2936 3277 simul
2971 3224 3092 3291 est,
3129 3233 3242 3292 pro
3283 3222 3510 3273 ratione

600 3292 911 3370 spiritualis
952 3294 1107 3356 illius
1152 3300 1463 3371 συνεχέιας
1502 3296 1627 3359 siue
1666 3298 2100 3373 continuitatis,
2143 3316 2324 3377 quam
2361 3296 2488 3376 ipse
2526 3313 2766 3376 quoque
2806 3294 3154 3356 Aristoteles
3195 3292 3301 3355 lib.
3345 3312 3399 3352 2.
3431 3291 3512 3361 de

600 3372 797 3433 anima
853 3373 1200 3436 nominauit.
1258 3378 1414 3437 Nam
1472 3395 1667 3456 neque
1728 3399 1835 3457 per
1870 3388 2068 3457 partes
2084 3424 2101 3459 ,
2139 3395 2332 3455 neque
2371 3377 2704 3439 successiue
2743 3375 2896 3437 inest
2931 3377 3068 3435 Deo
3082 3419 3101 3453 ,
3138 3382 3241 3434 aut
3279 3372 3342 3432 in
3381 3390 3512 3431 sese

600 3451 813 3512 variat:
858 3454 965 3514 sed
1001 3472 1113 3531 pro
1154 3455 1338 3516 modo
1379 3455 1559 3534 ipsius
1596 3457 1713 3519 Dei
1751 3468 1864 3520 est:
1905 3458 2072 3519 cuius
2111 3475 2251 3519 cum
2290 3456 2542 3519 essentia
2579 3456 2655 3518 sit
2694 3466 2821 3517 tota
2851 3453 3054 3530 simul,
3074 3453 3385 3531 ἀμέριστος
3409 3456 3511 3508 και

602 3530 1017 3611 ἀναλλοίωτος,
1056 3534 1266 3595 eadem
1303 3536 1483 3626 plana
1518 3536 1748 3599 ratione
1786 3557 1999 3617 expers
2038 3548 2126 3599 est
2161 3536 2448 3615 partium,
2489 3540 2546 3598 &
2568 3533 2982 3615 successionis,
3012 3534 3068 3593 δι
3101 3542 3298 3592 motus
3315 3528 3511 3591 omnis

600 3620 839 3671 aeterna
877 3612 1029 3674 illius
1070 3612 1373 3691 sapientia.
1410 3616 1994 3680 Incommunicabilis
2035 3627 2148 3679 est:
2190 3635 2332 3677 nam
2370 3615 2622 3678 Deitatis
2658 3614 2928 3695 propria:
2971 3633 3044 3675 ac
3083 3609 3336 3689 proinde
3367 3626 3508 3671 cum

599 3690 762 3750 nulla
819 3712 885 3754 re
944 3702 1139 3755 creata
1191 3694 1617 3757 communicari
1653 3706 1874 3775 potest:
1916 3707 2018 3757 aut
2058 3714 2195 3757 cuin
2235 3698 2356 3757 vllo
2397 3716 2469 3759 ex
2506 3698 2667 3758 facto
2707 3693 3142 3756 communicata
3181 3700 3301 3763 est,
3341 3686 3508 3766 quod

598 3768 760 3830 aliud
796 3772 869 3834 sit
908 3778 944 3835 ὲ
980 3776 1133 3834 Deo.
1176 3774 1331 3835 Nam
1369 3778 1637 3853 profecto
1679 3778 1894 3839 horum
1930 3786 2207 3838 neutrum
2245 3776 2374 3837 fieri
2409 3794 2668 3855 vnquam
2707 3784 2935 3854 potest,
2975 3784 3040 3835 vt
3075 3780 3179 3833 aut
3195 3770 3359 3830 Deus
3375 3768 3506 3846 ipse

598 3849 766 3909 alteri
803 3856 977 3915 cedat
1016 3854 1171 3913 hanc
1209 3853 1460 3931 gloriam
1498 3872 1664 3917 suam
1678 3902 1697 3938 ,
1736 3856 2240 3935 quemadmodum
2278 3873 2383 3934 per
2409 3858 2734 3935 Prophetas
2766 3852 2914 3915 olim
2931 3870 3070 3914 suos
3088 3860 3178 3911 est
3190 3852 3502 3942 loquutus,

598 3939 701 3987 aut
756 3930 902 3995 alius
962 3952 1094 3994 eam
1150 3945 1439 4009 assumat,
1478 3936 1811 4017 habeatque
1850 3936 1982 3998 sibi.
2021 3938 2328 3997 Postremo
2366 3934 2866 3998 communicatiua
2903 3943 2992 3994 est
3029 3950 3154 3992 non
3193 3944 3286 3989 sui
3321 3944 3502 4006 ipsius

594 4011 857 4089 proprie,
919 4014 1025 4075 sed
1082 4030 1221 4075 cum
1278 4015 1529 4077 maxime
1580 4034 1719 4079 suae
1773 4019 2057 4079 duntaxat
2101 4014 2390 4095 imaginis.
2457 4018 2615 4077 Nam
2652 4015 2806 4076 illius
2841 4013 3169 4089 inacessae,
3207 4007 3498 4085 infinitae,

597 4090 653 4147 δι
712 4092 1113 4168 ἀκαιαλῄπτου
1176 4093 1493 4171 sapientiae
1550 4099 1752 4175 (quam
1814 4096 2098 4158 sustinere
2155 4096 2314 4157 nulla
2371 4107 2669 4176 creatura,
2708 4096 2852 4171 ne(f.
2903 4090 3244 4181 1379.)dum
3269 4106 3498 4179 ,capere

598 4177 815 4247 potest)
873 4172 1049 4251 illius,
1109 4173 1347 4249 inquam
1362 4219 1379 4252 ,
1437 4176 1635 4255 imago
1694 4178 1774 4239 ad
1814 4196 1906 4239 res
1943 4186 2170 4237 creatas
2204 4176 2640 4255 transmittitur,
2679 4184 2856 4252 atque
2897 4170 2958 4232 in
2989 4170 3074 4231 eis
3113 4176 3496 4247 imprimitur,

599 4248 851 4333 ἀπορῤοή
909 4252 1233 4331 deriuatur,
1292 4256 1539 4335 refulget
1596 4257 1976 4348 ἀπαόῖασμι,
2037 4256 2122 4315 &.
2151 4254 2319 4333 quasi
2371 4254 2855 4331 ἀποσπασμοίτιον
2913 4251 2993 4312 ad
3049 4245 3498 4310 illustrationem

598 4330 854 4409 ipsarum
911 4330 1231 4411 deciditur,
1292 4345 1698 4397 verumtamen
1756 4338 1859 4397 1110
1898 4333 2220 4414 exemplari
2259 4352 2526 4415 summo,
2565 4336 2620 4394 &
2659 4337 2852 4411 fonte,
2890 4332 2946 4391 &
2986 4331 3145 4409 sole,
3184 4328 3240 4387 δι
3281 4336 3496 4482 {mucii}

3313 4416 3372 4465 vt
3411 4424 3433 4463 1
