3923 4875
592 369 711 467 306
1559 384 1888 444 Musas
1948 388 2592 446 wirtonourcat.

594 567 679 626 ei:
734 583 859 624 non
898 572 987 624 est
1028 581 1210 641 penes
1252 562 1580 622 Ecclesiam
1622 561 1912 639 addendi,
1952 563 2288 639 minuendi,
2331 561 2670 624 mutandiuc
2713 563 2788 622 de
2827 581 3060 624 summa
3096 563 3227 640 illa,
3269 563 3525 633 infinita,

598 645 919 721 diuinaque
956 642 1307 704 auctoritate
1350 641 1688 702 auctoritas

681 726 774 784 26.
856 724 1011 783 Nam
1054 723 1289 784 diuinae
1332 723 1449 796 rei,
1490 722 1818 800 perfectae,
1858 721 2122 781 infinitae
2138 767 2156 798 ,
2195 739 2500 800 summae,
2531 723 2677 784 nihil
2712 734 2907 801 potest
2924 724 3242 783 accedere:
3267 725 3314 784 si
3335 724 3522 782 minu·

592 805 705 864 eris
720 849 737 880 ,
800 803 1205 881 imperfectam
1263 801 1499 864 feceris:
1556 802 1604 862 si
1655 801 1982 872 addideris,
2033 815 2134 861 aut
2189 804 2645 880 permutaueriS,
2687 805 2939 863 alterum
2977 821 3220 864 necesse
3258 815 3380 878 est,
3419 816 3523 864 aut

597 885 1072 959 fuis(f.1766)se
1125 882 1533 974 imperfectam
1590 882 1845 958 doceaS,
1894 893 1998 942 aut
2037 883 2407 958 perfectione
2444 881 2570 942 eius
2611 894 2834 944 mutata
2871 883 3277 960 imperfectam
3318 903 3450 943 esse
3489 887 3524 942 a

595 977 655 1024 te
696 963 991 1024 redditam
1034 967 1283 1024 fatearis.

676 1062 768 1120 27.
853 1045 1231 1135 Quamquam
1272 1041 1497 1102 infinite
1538 1043 1824 1102 audacem
1865 1059 2004 1101 eum
2045 1040 2382 1118 hominem,
2412 1061 2544 1102 eam
2577 1041 2906 1102 Ecclesiam
2929 1054 3166 1120 oportet
3186 1062 3341 1119 esse,
3366 1061 3520 1120 quae

592 1143 719 1184 rem
760 1123 1039 1183 diuinitus
1084 1125 1143 1183 in
1184 1122 1376 1200 seipsa
1419 1122 1777 1199 perfectam
1816 1123 1853 1180 ὲ.
1892 1142 1955 1182 εε
2001 1123 2336 1182 humanitus
2379 1122 2578 1200 perfici
2619 1141 2793 1200 posse
2833 1123 3134 1200 gloriatur.

676 1206 769 1262 28.
851 1206 951 1262 ΑΤ
1006 1201 1337 1280 corrupti0,
1390 1200 1694 1278 inquiunt,
1736 1201 1987 1261 accessit
2029 1202 2364 1280 multiplex.
2408 1201 2550 1279 quid
2593 1219 2736 1279 ergo
2777 1203 2906 1280 fiet,
2947 1203 3058 1262 nisi
3095 1203 3444 1263 adhibeatur
3485 1207 3520 1260 a
3867 1239 3869 1290 ι

592 1283 769 1344 nobis
808 1283 907 1356 illa
948 1283 1251 1344 Ecclesiae
1290 1278 1646 1342 auctoritas?
3867 1303 3869 1316 ·

676 1383 771 1440 29.
852 1361 1111 1424 Ptimum
1176 1365 1289 1422 hac
1348 1360 1690 1422 obiectione
1748 1363 1925 1438 culpa
1985 1360 2289 1420 Ecclesiae
2330 1359 2526 1451 aliqua
2568 1363 2623 1421 ἃ
2665 1360 3032 1438 imperfectio
3073 1362 3174 1438 (de
3211 1379 3328 1454 qua
3368 1363 3524 1421 dice-

514 1464 523 1474 ·
592 1443 805 1504 bamus
866 1447 1029 1517 ante)
1088 1441 1450 1520 ostenditur,
1514 1459 1637 1500 non
1700 1452 1899 1501 autern
1952 1442 2212 1500 adfertur
2281 1441 2617 1500 auctoritas,
2679 1443 2834 1500 Nam
2889 1442 2938 1502 si
2964 1442 3145 1534 ‘quod
3185 1443 3392 1502 vitium
3431 1451 3521 1500 est

590 1526 862 1584 oblatum
920 1524 1254 1600 Scripturae
1315 1539 1547 1598 sacrae,
1602 1531 1702 1580 aut
1740 1520 1933 1580 aliena
1976 1521 2194 1580 malitia
2235 1521 2484 1597 factum,
2531 1533 2634 1580 aut
2673 1523 2979 1582 communi
3021 1523 3324 1582 Ecclesiae
3364 1521 3520 1580 infir·

596 1603 829 1681 mitate,
870 1614 973 1664 aut
1010 1601 1347 1680 particulari
1385 1599 1783 1678 imprudentia
1823 1603 1878 1661 ἃ
1916 1599 2224 1660 inscientia
2260 1601 2728 1693 domesticorum
2769 1602 2911 1661 cius,

677 1701 773 1758 30.
858 1683 1013 1744 Cum
1063 1694 1260 1744 autem
1302 1681 1613 1742 custodem
1652 1699 1787 1740 eam
1828 1680 2123 1741 Dominus
2164 1680 2506 1742 instituerit:
2551 1680 2599 1740 si
2638 1682 2974 1759 depositum
3017 1693 3360 1760 corruptum
3403 1693 3520 1758 est,

590 1761 653 1822 id
708 1775 1007 1841 praestare
1060 1761 1361 1840 oportebit
1411 1760 1865 1851 depositarium,
1908 1759 2076 1820 cuius
2115 1760 2461 1838 dignitatem
2501 1761 2560 1820 in
2603 1761 2876 1840 deposito
2917 1763 3242 1840 seruand0,
3282 1762 3520 1822 infirmi-

590 1851 773 1902 tatem
816 1843 878 1902 in
920 1842 1199 1920 deposito
1240 1852 1523 1918 corrupto
1568 1839 1961 1932 agnoscimus,

673 1941 769 1996 31.
854 1923 1039 1999 Quod
1082 1922 1131 1982 si
1172 1921 1363 1982 aliena
1404 1919 1627 1981 malitia
1668 1919 1874 1980 vitium
1916 1922 2187 1980 oblatum
2227 1919 2692 1996 dicitur,f1dern
2735 1933 2934 1982 tamen
2972 1939 3136 1982 suam
3177 1924 3235 1982 δι
3271 1920 3518 1998 diligen-

593 2001 737 2061 tiam
797 2003 1054 2080 probare
1116 2003 1295 2063 debet
1357 2000 1627 2060 Ecclesia
1686 2000 1984 2060 Domino:
2045 1999 2143 2060 cui
2201 2018 2324 2060 non
2385 2011 2476 2061 εει
2531 2001 2618 2062 vis
2672 2002 2971 2080 probandi
3018 2021 3082 2062 se
3135 2020 3244 2094 per
3283 2021 3370 2070 se,
3413 2001 3518 2060 sed

596 2082 943 2142 mandatum
983 2081 1342 2160 implorandi
1382 2079 1816 2142 misericordias
1856 2079 2134 2156 Domini,
2180 2079 2469 2157 dicend0,
2511 2081 2770 2141 Remitte
2807 2082 2984 2142 nobis
3025 2079 3255 2158 debita,
3297 2084 3408 2142 διε.

675 2180 770 2238 32.
854 2163 991 2222 Hac
1050 2161 1226 2240 igitur
1290 2161 1351 2220 in
1402 2179 1465 2220 re
1504 2177 1777 2238 quoque,
1818 2158 2188 2236 inscientiae,
2229 2162 2286 2220 δι
2327 2159 2710 2237 infirmitatis,
2751 2163 2807 2221 &
2848 2160 3245 2240 indiligentiae
3283 2162 3520 2237 culpam

592 2241 848 2318 aliquam
910 2245 1070 2302 certe
1129 2241 1399 2302 Ecclesia
1457 2251 1743 2318 agnoscat
1800 2242 1856 2300 &
1907 2241 2260 2318 deprecetur
2301 2259 2542 2301 necesse
2583 2253 2702 2312 εει,
2745 2242 3114 2319 gloriamque
3155 2252 3344 2301 totam
3387 2243 3522 2299 Deo

590 2321 839 2398 tribuat,
882 2321 985 2399 qui
1026 2319 1433 2400 promissionis
1477 2320 1724 2380 verbum
1764 2319 2052 2396 praestitit
2083 2321 2249 2380 bono
2287 2333 2525 2398 nostro,
2567 2320 2758 2380 deleta
2801 2322 2996 2400 culpa.

670 2420 769 2477 33.
850 2401 1127 2463 Secundo
1143 2447 1159 2480 ,
1203 2419 1357 2479 quae
1397 2398 1702 2491 corruptio
1744 2399 2031 2461 acciderit
2069 2399 2425 2478 scripturae,
2467 2399 2795 2461 videndum
2835 2413 2943 2463 est.
3005 2403 3178 2461 Haec
3215 2403 3358 2461 vero
3399 2418 3522 2459 non

592 2481 1073 2543 substantialibus
1133 2482 1401 2543 caelestis
1462 2478 1769 2541 doctrinae
1822 2479 2088 2557 partibus
2140 2479 2390 2541 accidit.
2445 2481 2550 2542 sed
2589 2480 2948 2558 quibusdam
2989 2481 3240 2542 vocibus
3279 2485 3333 2542 δι
3373 2480 3522 2539 locis

591 2564 783 2622 solum
802 2607 821 2640 ,
860 2580 1115 2639 quorum
1158 2561 1303 2623 vitio
1344 2580 1467 2621 non
1507 2571 1756 2639 possunt
1796 2574 1990 2637 partes
2034 2560 2344 2637 primariae
2387 2560 2593 2622 vitiari.

681 2660 778 2717 34.
858 2642 1109 2704 Constat
1166 2643 1327 2703 enim
1388 2644 1549 2718 apud
1606 2640 1867 2717 omneiS,
1924 2639 2092 2700 cuius
2131 2652 2327 2717 partes
2367 2641 2776 2702 substantiales
2817 2642 2872 2701 δι
2913 2641 3225 2719 primariae
3264 2641 3526 2718 integrae

599 2733 977 2813 permanent,
1037 2724 1099 2783 id
1156 2734 1351 2783 totum
1404 2739 1613 2781 reuera
1668 2720 1978 2780 exsistere.
2019 2738 2214 2797 neque
2235 2721 2609 2811 particulare
2647 2720 2853 2782 vitium
2895 2740 3078 2781 vnum
3117 2723 3386 2799 pluraue,
3423 2732 3526 2779 aut

586 2800 835 2861 alienam
890 2808 1272 2883 λεπτολογῶν
1312 2801 1700 2863 substantiam
1742 2811 1844 2860 aut
1884 2811 2156 2859 naturam
2195 2800 2320 2860 eius
2359 2816 2640 2862 euertere.

678 2896 777 2959 35.
858 2883 1201 2957 Postremo,
1268 2893 1333 2941 vt
1391 2880 1615 2958 aliquid
1678 2892 1933 2957 ponatur
1993 2880 2268 2939 vitiosum
2329 2880 2547 2956 inesse,
2597 2882 2659 2941 id
2707 2880 2978 2941 Ecclesia
3029 2900 3152 2941 non
3193 2900 3266 2940 ex
3308 2899 3370 2939 se
3413 2898 3524 2957 pro

592 2960 876 3039 imperi0,
936 2972 1037 3021 aut
1078 2960 1388 3039 opinione:
1450 2962 1557 3021 sed
1598 2978 1673 3019 ex
1724 2959 2040 3050 Scripturis
2099 2959 2268 3037 ipsis,
2309 2963 2363 3020 δι
2404 2980 2477 3019 ex
2519 2962 2656 3021 fidei
2674 2962 3003 3052 analogia,
3044 2962 3099 3020 ἃ
3142 2980 3218 3021 ex
3256 2972 3523 3020 veterum

589 3041 876 3101 librorum
918 3042 1035 3101 fide
1078 3040 1383 3101 restituere
1424 3051 1681 3118 tenetur,
1722 3050 1824 3098 aut
1865 3038 2190 3117 intelligere
2229 3041 2285 3099 δι
2323 3040 2692 3118 interpretari
2733 3044 3076 3101 commode.

671 3123 768 3197 36.
849 3124 933 3181 Αι
993 3121 1096 3198 qui
1158 3140 1283 3181 non
1342 3131 1499 3181 esset
1560 3130 1907 3196 corruptum
1949 3118 2122 3197 illud,
2164 3120 2338 3211 quod·
2365 3120 2690 3197 aliquando
2729 3121 2908 3181 etiam
2951 3122 3196 3212 legimus
3238 3114 3523 3198 periisse?

586 3202 752 3293 quod
793 3203 949 3261 mala
992 3202 1111 3261 fide
1156 3212 1557 3261 tractauerunt
1597 3196 1976 3277 depositarii?
2016 3200 2182 3277 quod
2224 3200 2514 3277 scriptura
2558 3197 2779 3262 variat?
2821 3200 2988 3261 cuius
3029 3199 3433 3261 instaurationi
3467 3202 3522 3258 δι

589 3277 903 3357 scriptioni
944 3282 1267 3341 humanam
1308 3300 1555 3359 operam
1596 3278 1863 3357 oportuit
1902 3280 2207 3355 adhiberi,
2248 3292 2311 3339 vt
2351 3299 2446 3340 res
2487 3280 2714 3359 integra
2752 3278 3107 3342 haberetur?

674 3377 771 3436 37.
856 3360 1101 3421 Periisse
1142 3379 1427 3439 negamus
1470 3377 1765 3437 vnquam,
1816 3377 1892 3418 ne
1932 3357 2151 3451 ipsum
2166 3359 2408 3435 quidem
2452 3364 2900 3421 Testamentum
2943 3373 3110 3421 vetus
3157 3360 3216 3419 in
3256 3358 3530 3420 Ecclesia

596 3451 825 3500 vetere.
868 3459 1007 3500 nam
1050 3441 1161 3501 etsi
1202 3440 1573 3501 authenticus
1616 3439 1715 3499 ille
1754 3441 1949 3499 codex
1991 3440 2093 3516 qui
2135 3440 2196 3499 ιιι
2239 3442 2464 3517 templo
2503 3441 2876 3517 seruabatur,
2912 3441 3053 3501 olim
3089 3440 3284 3519 periit,
3308 3439 3526 3517 aliique

592 3519 795 3579 multi.
849 3520 1053 3581 omnia
1108 3533 1305 3580 tamen
1346 3519 1705 3597 exemplaria
1735 3536 2022 3597 negamus
2063 3520 2334 3597 periisse:
2378 3522 2484 3581 sed
2525 3522 2852 3599 Prophetas
2885 3521 2940 3579 &
2981 3520 3114 3597 pios
3153 3538 3426 3597 quosque
3463 3519 3524 3577 ιιι

588 3600 839 3677 Iudaea,
885 3600 1087 3677 Syria,
1126 3602 1430 3679 AEgypto,
1472 3600 1803 3677 Chaldaea,
1845 3600 1956 3658 ὅτε.
1999 3598 2310 3690 diligenter
2347 3618 2610 3660 seruasse
2651 3603 3091 3661 confirmamus.
3865 3542 3869 3709 Ι

672 3683 767 3757 38.
822 3644 1261 3759 Depositarios
1302 3681 1457 3739 mala
1498 3682 1617 3739 fide
1660 3678 1851 3757 egisse
1891 3680 2296 3757 agnoscimus:
2339 3682 2444 3741 sed
2485 3700 2596 3740 nec
2637 3680 2868 3739 omneis
2909 3700 3020 3740 nec
3052 3679 3525 3756 omnitempore.

590 3762 659 3819 Id
700 3759 859 3821 enim
902 3774 1037 3838 post
1077 3762 1319 3821 demum
1360 3758 1593 3821 Iudaeis
1634 3759 1884 3829 accidit
1926 3778 2106 3835 quam
2149 3760 2416 3820 Ecclesia
2454 3759 2718 3839 gentium
2759 3761 3063 3821 communi
3083 3760 3209 3820 iure
3227 3764 3265 3819 a
3287 3758 3524 3819 Christo
3863 3800 3870 4127 1

588 3840 664 3899 ad
704 3842 1038 3901 custodiam
1082 3842 1355 3918 deposito
1396 3840 1549 3899 illius
1592 3851 1804 3899 vocata
1846 3850 1948 3899 est.
1995 3841 2375 3919 Quapropter
2415 3840 2474 3901 id
2517 3840 2741 3900 crimen
2783 3840 3136 3931 sacrilegum
3176 3840 3442 3899 Christus
3469 3840 3524 3898 δι

588 3920 865 3997 Apostoli
916 3937 1207 3999 nusquam
1264 3924 1539 3997 leguntur
1591 3919 2066 3997 reprehendisse,
2115 3922 2170 3978 δι
2222 3920 2416 3997 prisca
2452 3920 2720 3980 Ecclesia
2761 3919 3090 3981 Christiana
3130 3922 3208 3980 ab
3248 3938 3322 3979 eo
3363 3920 3524 3977 malo

586 4000 763 4059 facile
803 3999 1145 4061 vindicauit.

676 4098 775 4157 39.
856 4080 1204 4158 Scriptionis
1244 4080 1431 4139 modo
1472 4099 1595 4140 non
1635 4079 1918 4139 diffitetur
1963 4080 2214 4139 variare:
2256 4080 2362 4139 sed
2403 4079 2462 4140 ιιι
2503 4080 2651 4140 ιοειε
2694 4082 2986 4157 rebusque
3027 4081 3083 4139 δι
3116 4078 3364 4139 vocibus
3395 4096 3528 4157 par-

594 4158 963 4251 ticularibus,
1016 4180 1087 4221 ac
1128 4178 1253 4221 non
1297 4159 1657 4238 praecipuis:
1698 4178 1817 4236 qua
1856 4160 2175 4220 occasione
2215 4158 2318 4236 qui
2357 4172 2550 4221 totum
2591 4160 2777 4220 vitiari
2819 4160 3062 4235 dixerit,
3102 4160 3310 4220 eadem
3353 4160 3528 4235 plane

592 4238 807 4318 impius
847 4242 902 4300 81
943 4241 1223 4319 ἀλόγιςος
1262 4240 1487 4299 futurus
1525 4252 1630 4299 est.

676 4340 777 4393 4ο.
864 4319 1279 4380 Instaurationi
1343 4320 1677 4379 testamenti
1740 4319 1951 4380 veteris
2013 4338 2256 4396 operam
2319 4322 2636 4381 humanam
2686 4337 2972 4398 negamus
3019 4318 3365 4393 accessisse,
3411 4334 3530 4393 qua

585 4400 819 4460 litterae
891 4409 1231 4476 punctaque
1294 4400 1577 4459 Hebraea
1624 4400 1941 4459 constituta
1993 4400 2136 4477 sint,
2189 4405 2243 4461 δι
2291 4402 2618 4461 ιεειιιιιιιιιιι
2673 4419 2892 4478 corpus
2933 4399 3268 4477 Scripturae
3307 4416 3522 4536 εειὲιιιε.

3421 4496 3516 4535 am
3853 4460 3870 4857 1
