3923 4875
1171 310 1276 354 na
1335 307 1762 353 POL1T1As:
1821 308 2077 351 mosis
2139 306 2431 351 ossan.
3152 305 3265 368 351

357 474 781 552 comparanda.
822 473 1020 548 Quam
1061 472 1502 533 distinctionem
1545 472 1740 533 verbis
1781 471 2154 533 euidentibus
2194 472 2678 549 proponebamus
2694 512 2711 543 ,
2753 468 3019 529 dicentes
3038 513 3055 546 ,
3090 471 3284 547 legem

355 556 676 613 humanam
715 554 854 615 ferri
893 554 970 613 ab
1012 551 1352 613 hominibus
1371 597 1387 630 ,
1432 556 1558 612 cum
1599 556 1828 613 ratione
1857 554 2188 631 procedunt
2223 553 2297 611 ab
2337 554 2455 611 illis
2498 550 2634 610 aliis
2667 550 3024 625 antegressis
3043 550 3285 624 legibus.

357 636 514 694 Nam
574 633 721 715 legis
759 637 1053 696 humanae
1091 634 1295 712 regula
1336 632 1607 709 proxima
1647 643 1734 693 est
1773 632 2024 711 duplex:
2075 652 2191 693 vna
2230 632 2461 711 innata,
2504 647 2681 709 quam
2720 630 2913 707 legem
2957 631 3283 689 naturalem

357 714 636 775 dicimus:
699 715 880 775 altera
941 712 1218 791 inspirata
1234 758 1251 791 ,
1314 732 1494 789 quam
1551 712 1844 773 diuinam:
1907 716 2046 775 Hae
2086 724 2285 773 autem
2323 714 2485 791 leges
2526 730 2600 771 ex
2642 720 2878 769 aeterna
2917 710 3081 788 lege,
3122 712 3284 770 velut

354 796 686 873 archetypo
726 812 834 855 suo
875 792 1262 871 immutabili,
1307 804 1740 871 processerunt.
1795 794 1888 853 Ex
1927 794 2019 855 his
2061 797 2201 871 ergo
2242 792 2504 854 fontibus
2546 792 2642 851 lex
2680 790 2941 850 humana
2982 788 3282 867 procedit:

353 877 505 935 haec
569 875 926 936 incunabula
978 874 1160 935 illius:
1217 877 1256 933 a
1296 874 1512 951 quibus
1553 874 1602 933 si
1641 876 1877 935 aberrat
1913 876 2041 951 lex,
2085 875 2346 953 degener
2384 884 2503 951 est,
2543 869 2785 949 indigna
2822 870 2971 949 legis
3008 870 3281 932 nomine:

356 958 412 1015 &
453 954 502 1015 si
544 956 852 1033 ὁμωνύμως
866 1000 883 1034 ,
927 954 1052 1015 siue
1091 956 1181 1032 (vt
1219 955 1568 1031 loquuntur)
1611 953 1940 1031 aequiuoce
1982 955 2043 1015 in
2083 957 2265 1034 vulgo
2308 953 2390 1014 ita
2426 952 2773 1031 appellatur.

434 1034 758 1095 Actionum
797 1044 996 1097 autem
1042 1034 1166 1096 siue
1206 1052 1460 1112 operum
1498 1034 1644 1113 legis
1684 1034 1848 1095 istius
1890 1035 2013 1095 duo
2058 1044 2193 1095 sunt
2232 1052 2455 1114 genera
2469 1078 2487 1112 ,
2523 1050 2677 1109 quae
2716 1030 2809 1091 his
2842 1031 3037 1091 verbis
3058 1030 3121 1091 in
3140 1031 3282 1092 defi-

353 1114 580 1175 nitione
619 1126 822 1175 nostra
860 1116 1279 1193 expressimus:
1349 1116 1499 1174 Tum
1539 1118 1628 1175 acl
1661 1135 1985 1177 communes
2024 1118 2414 1175 conclusiones
2427 1159 2446 1194 ,
2488 1118 2707 1189 iustas,
2746 1114 3049 1189 honestas,
3088 1114 3253 1173 vtiles
3266 1156 3285 1189 ,

354 1197 432 1255 ὁ·
468 1198 862 1255 necessarias:
915 1206 1034 1257 tum
1072 1200 1160 1255 ad
1177 1198 1588 1275 particulares
1628 1198 2129 1257 determinationes
2168 1196 2584 1257 accommodas.
2648 1193 2805 1251 Nam
2848 1192 2973 1253 siue
3016 1212 3089 1253 ex
3128 1192 3284 1271 prin-

354 1275 526 1353 cipiis
580 1274 820 1354 innatiS,
883 1294 1036 1352 quae
1088 1276 1382 1336 docentur
1420 1274 1674 1335 naturali
1711 1279 1844 1355 lege
1860 1322 1878 1354 ,
1917 1276 2043 1337 siue
2082 1295 2157 1337 ex
2194 1274 2487 1355 inspiratis
2528 1291 2682 1351 quae
2722 1272 3015 1333 docentur
3052 1272 3254 1333 diuina
3267 1318 3285 1352 ,

351 1354 462 1415 riui
525 1356 784 1416 ducendi
846 1354 988 1416 sint:
1050 1354 1296 1415 omnino
1358 1376 1432 1416 ex
1471 1357 1710 1418 duobus
1751 1356 1864 1419 illis
1903 1355 2171 1418 fontibus
2210 1358 2359 1417 haec
2401 1356 2525 1415 duo
2566 1353 2905 1432 procedunt
2940 1356 2998 1413 &
3038 1363 3282 1413 manant

351 1435 656 1496 actionum
716 1454 963 1514 genera:
1027 1436 1444 1497 conclusiones
1503 1446 1676 1513 puta,
1719 1440 1774 1497 δι
1816 1436 2339 1498 determinationes
2383 1433 2869 1495 conclusionibus
2911 1433 3283 1493 accedentes.

352 1516 594 1577 Etenim
635 1536 709 1576 ex
746 1516 968 1576 vtrauis
1008 1515 1110 1576 illa
1148 1518 1280 1595 lege
1320 1517 1558 1577 duobus
1598 1516 1796 1577 modis
1833 1517 1897 1577 hi
1938 1517 2239 1578 ducuntur
2278 1514 2409 1577 riui:
2477 1518 2645 1591 Vn0,
2687 1516 2826 1574 cum
2866 1533 2939 1574 ex
2979 1512 3284 1592 principiis

353 1594 773 1657 communibus
818 1598 978 1675 leges
1017 1597 1356 1657 deriuantur
1395 1597 1690 1674 quaedam
1728 1596 2180 1659 ratiocinatione
2218 1596 2431 1658 mentis
2470 1605 2708 1655 nostrae
2746 1612 2855 1672 per
2875 1594 3124 1653 modum
3145 1613 3285 1653 con-

351 1676 714 1737 clusionum:
779 1676 1290 1753 quemadmodum
1352 1696 1424 1737 ex
1481 1676 1776 1755 principio
1839 1678 2176 1755 communi,
2236 1675 2537 1737 neminem
2576 1673 2733 1734 affici
2770 1676 2930 1734 malo
2970 1683 3281 1751 oportere:

353 1755 664 1816 conclusio
705 1756 968 1835 ducitur,
1009 1759 1173 1835 Ergo
1214 1776 1338 1817 non
1361 1758 1786 1829 occidendum,
1822 1777 1948 1818 non
1972 1758 2385 1837 scortandum,
2417 1774 2543 1815 non
2564 1754 2911 1831 furandum,
2946 1756 3057 1815 διε.
3076 1756 3285 1833 altem,

351 1856 460 1915 per
499 1836 749 1895 modum
780 1836 1313 1917 determinationis;
1355 1846 1418 1897 vt
1456 1840 1598 1913 cum
1641 1856 1714 1897 ex
1755 1838 2141 1898 conclusione
2180 1838 2279 1899 illa
2319 1834 2652 1910 communi,
2690 1852 2824 1894 eum
2845 1832 2948 1912 qui
2969 1833 3285 1913 occiderit,

354 1918 703 1977 moechatus
745 1917 947 1995 fuerit,
991 1918 1102 1978 διε.
1143 1917 1510 1995 puniendum
1551 1936 1711 1997 esse,
1755 1918 1948 1979 existit
1988 1918 2135 1997 legis
2174 1920 2469 1977 humanae
2510 1916 2568 1975 vi
2608 1916 2664 1975 &
2705 1915 3057 1974 auctoritate
3098 1916 3285 1975 deter-

350 1995 598 2057 minatio
642 1995 816 2056 huius
855 2009 954 2057 aut
996 1998 1148 2059 illius
1187 2016 1445 2075 poenae:
1511 1999 1784 2075 Exempli
1824 2016 2036 2076 causa:
2076 1997 2418 2074 atrocioris,
2461 1994 2725 2073 leuioris,
2764 1996 3013 2072 laqueo,
3054 1994 3284 2073 gladic,

350 2078 520 2155 igne,
561 2075 954 2156 lapidatione,
995 2080 1249 2156 mulcta,
1291 2080 1346 2137 δε
1386 2078 1814 2139 consimilibus.
1857 2078 1967 2139 His
2008 2088 2207 2138 autem
2230 2074 2715 2137 conclusionibus
2740 2093 2887 2152 quas
2906 2076 3002 2135 lex
3022 2077 3283 2135 humana

351 2155 590 2235 definit,
632 2157 772 2233 quia
809 2155 930 2217 vim
973 2158 1195 2217 habent
1235 2159 1494 2235 aliquam
1536 2178 1610 2220 ex
1649 2158 1903 2219 naturali
1943 2162 2078 2237 lege
2120 2163 2156 2219 a
2198 2176 2319 2236 qua
2358 2157 2725 2233 deriuantur,
2766 2156 2888 2215 duo
2915 2154 3197 2216 attributa
3224 2154 3286 2214 in

349 2236 696 2297 definitione
731 2236 1082 2297 adiecimus:
1121 2239 1185 2315 (f.
1231 2242 1404 2316 1497)
1436 2238 1598 2316 prius
1631 2250 1748 2318 est,
1785 2240 1952 2316 quod
1985 2259 2307 2299 communes
2327 2239 2715 2297 conclusiones
2734 2234 3035 2296 dicuntur:
3066 2255 3282 2314 nempe

349 2328 414 2376 vt
472 2320 509 2376 a
565 2316 1012 2394 particularibus
1074 2319 1555 2381 conclusionibus
1615 2321 1670 2378 &
1733 2319 2012 2397 singulari
2067 2320 2195 2379 iure
2234 2319 2671 2393 discernantur,
2710 2334 2863 2393 quae
2898 2317 2974 2376 ad
3014 2328 3282 2375 naturam

353 2398 648 2458 humanae
687 2397 833 2477 legis
875 2396 1116 2459 minime
1155 2398 1482 2477 pertinent,
1523 2400 1627 2460 sed
1667 2400 1864 2476 potius
1906 2400 1983 2459 ad
2024 2400 2398 2478 priuilegium
2416 2445 2432 2476 ,
2474 2409 2537 2458 vt
2564 2396 2803 2475 proprie
2839 2396 3063 2457 Latinis
3084 2399 3281 2476 appel-

347 2479 520 2537 latur.
559 2477 750 2538 Nobis
792 2490 990 2540 autem
1030 2498 1152 2538 non
1193 2479 1302 2538 fuit
1341 2480 1571 2539 animus
1615 2480 1854 2540 dicendi
1897 2482 1973 2540 de
2014 2480 2356 2559 priuilegio:
2401 2479 2540 2557 quia
2580 2479 2717 2537 ciim
2752 2476 3047 2554 singulare
3067 2477 3170 2555 sit,
3204 2479 3281 2536 ad

351 2557 640 2618 rationem
692 2558 972 2618 scientiae
1026 2578 1149 2619 non
1205 2559 1440 2619 videtur
1482 2559 1717 2638 proprie
1759 2560 2071 2638 pertinere.
2134 2559 2433 2620 Posterius
2472 2557 2819 2618 attributum
2860 2568 2949 2618 est
2987 2576 3061 2617 ex
3101 2559 3285 2618 abun-

351 2637 515 2697 danti
555 2641 642 2712 (vt
681 2640 857 2717 vulgo
897 2641 1244 2716 loquuntur)
1289 2639 1584 2700 adiectum
1602 2685 1618 2718 ,
1664 2639 1762 2700 vbi
1784 2643 2171 2700 conclusiones
2192 2643 2404 2718 iustas,
2436 2641 2735 2710 honestas,
2770 2640 2937 2698 vtiles
2954 2684 2970 2716 ,
3004 2640 3081 2697 δὲ’
3100 2657 3281 2696 neccs-

351 2721 552 2777 sarias
591 2721 629 2776 a
668 2720 798 2796 lege
841 2721 1100 2779 humana
1136 2720 1390 2780 diximus
1429 2719 1602 2780 effici.
1648 2721 1803 2780 Nam
1841 2721 2107 2798 alioquin
2148 2723 2265 2782 hoc
2305 2721 2500 2798 ipsum
2535 2717 2881 2779 attributum
2903 2718 3151 2778 omnino
3172 2717 3281 2778 fuit

353 2813 432 2858 ex
471 2817 546 2857 eo
587 2798 1067 2876 intelligendum,
1109 2801 1273 2877 qued
1313 2803 1506 2878 legem
1550 2803 1870 2861 humanam
1911 2801 2167 2862 diximus
2208 2803 2285 2860 ab
2325 2798 2670 2860 hominibus
2708 2798 2934 2858 ratione
2954 2799 3279 2876 proceden-

351 2877 508 2937 tibus
569 2877 732 2956 serri3
775 2879 956 2940 Ratio
998 2892 1196 2941 autem
1236 2883 1430 2940 nullas
1473 2880 1888 2941 conclusiones
1929 2882 2109 2942 efficit
2147 2883 2209 2942 in
2254 2901 2349 2960 se,
2390 2890 2492 2940 aut
2530 2879 2809 2956 cuiquam
2849 2878 3131 2958 imperat,
3170 2877 3279 2938 nisi

351 2975 504 3034 quae
546 2957 682 3036 iuri,
725 2959 1052 3038 honestati,
1093 2960 1355 3039 vtilitati,
1397 2981 1470 3020 ac
1509 2961 1841 3021 necessitati
1879 2962 1995 3021 sint
2036 2961 2573 3022 coniunctissimae.

430 3040 702 3099 Alterum
742 3041 940 3117 legum
978 3041 1366 3101 humanarum
1389 3057 1541 3119 opus
1562 3043 1952 3119 expressimus
1976 3045 2511 3102 determinationum
2536 3058 2702 3100 voce.
2746 3039 3283 3100 Determinationes

349 3128 548 3178 autem
603 3121 968 3196 appellamus
1019 3139 1150 3180 eam
1193 3131 1424 3198 partem
1464 3124 1758 3182 humanae
1797 3123 1977 3201 legis,
2021 3141 2171 3200 quae
2211 3121 2629 3182 conclusiones
2668 3120 2795 3179 illas
2839 3121 3131 3180 naturales
3174 3119 3281 3180 cir-

351 3199 693 3258 cumscribit
731 3199 1086 3276 quibusdam
1128 3201 1520 3280 singularibus
1558 3205 1647 3278 (vt
1687 3203 1770 3262 ita
1807 3205 2147 3280 loquamur)
2170 3202 2465 3278 terminis,
2488 3220 2612 3261 non
2633 3201 2983 3261 auctoritate
3002 3213 3280 3278 naturae,

349 3279 454 3340 sed
505 3279 726 3339 iudicio
768 3279 964 3356 potius
1006 3279 1366 3360 sapientum,
1423 3299 1743 3342 commune
1786 3295 2030 3343 naturae
2072 3283 2159 3342 ius
2200 3281 2625 3361 particulariter
2663 3298 2861 3340 rerum
2901 3282 3280 3359 singularium

350 3360 536 3419 modo
585 3360 1200 3422 accommodantium:
1257 3364 1762 3440 quemadmodum
1796 3364 1858 3423 in
1899 3366 2174 3441 exemplo
2216 3381 2544 3440 poenarum
2585 3365 2721 3422 ante
2764 3361 3122 3422 dicebamus.
3188 3363 3279 3420 Ex

350 3457 472 3516 quo
511 3441 605 3516 fit,
651 3451 712 3500 vt
751 3441 1272 3502 determinationes
1311 3443 1692 3520 particulares
1732 3443 1878 3504 istae
1917 3463 2043 3504 non
2086 3465 2159 3505 ex
2191 3446 2323 3523 lege
2356 3443 2608 3503 naturali
2638 3445 2782 3519 vlla,
2804 3443 2909 3502 sed
2930 3463 3004 3502 ex
3022 3444 3276 3502 humana

351 3518 470 3578 vim
515 3537 682 3580 suam
725 3521 1032 3581 obtineant
1071 3525 1282 3583 solum.

429 3601 663 3660 Harum
717 3605 859 3661 vero
915 3601 1218 3662 actionum
1261 3603 1385 3663 siue
1427 3621 1678 3680 operum
1716 3606 2009 3665 humanae
2050 3605 2199 3682 legis
2238 3605 2453 3666 modus
2496 3615 2584 3664 est
2622 3603 2847 3680 positus
2886 3601 2946 3662 in
2990 3623 3059 3663 ea
3100 3622 3277 3680 quarn

349 3680 840 3740 commoditatem
883 3684 1276 3758 appellamus:
1329 3684 1496 3743 cuius
1536 3685 1979 3746 commoditatis
2034 3685 2271 3745 obiecta
2324 3695 2460 3744 sunt
2500 3682 2611 3744 tria
2650 3683 2711 3742 in
2750 3703 2965 3762 genere
3007 3683 3141 3758 (nisi
3180 3703 3276 3742 me

346 3760 578 3820 animus
638 3761 804 3836 fallit)
865 3762 1300 3839 particularium
1364 3765 1924 3826 determinationum
1980 3765 2225 3825 istarum
2276 3784 2516 3826 causam
2571 3765 2915 3825 adferentia.
2979 3766 3135 3822 Nam
3177 3775 3278 3822 aut

347 3841 618 3917 primarie
681 3841 918 3902 obiecta
971 3853 1135 3912 sunt,
1191 3862 1445 3920 quorum
1500 3845 1663 3904 bono
1717 3846 2077 3924 prospicitur
2120 3847 2403 3925 naturali,
2446 3846 2676 3923 diuina,
2720 3849 2774 3904 &
2814 3847 3073 3904 humana
3112 3845 3277 3922 lege3

342 3931 444 3980 aut
497 3921 844 3982 secundaria
884 3933 1046 4002 sunt,
1096 3941 1248 4000 quae
1289 3926 1368 3983 ad
1408 3926 1507 3984 illa
1550 3935 1854 4002 tamquam
1898 3927 1976 3986 ad
2020 3929 2201 3986 finem
2242 3944 2415 3986 suum
2456 3926 2835 4004 ordinantur3
2878 3937 2979 3984 aut
3022 3925 3277 4001 denique

345 4011 480 4060 sunt
541 4001 902 4080 accidentia,
963 4004 1178 4079 quibus
1235 4015 1479 4081 vtraque
1545 4004 1645 4065 illa
1707 4006 2044 4082 promiscue
2102 4007 2303 4067 vestiri
2362 4009 2557 4067 solent
2602 4007 3055 4083 quodammodo
3096 4015 3275 4080 atque

344 4080 570 4142 variari.
633 4081 813 4141 Primi
865 4082 1098 4175 generis
1138 4095 1276 4144 sunt
1313 4104 1634 4162 personae,
1677 4105 1928 4163 quarum
1973 4088 2141 4146 bono
2183 4090 2448 4147 feruntur
2488 4089 2679 4164 leges:
2742 4085 3004 4146 Secundi
3043 4085 3276 4164 generis

345 4172 482 4221 sunt
522 4180 646 4240 res,
687 4173 951 4240 negotia,
995 4167 1050 4223 δι
1089 4166 1271 4241 facta,
1311 4166 1388 4224 de
1428 4165 1644 4242 quibus
1684 4168 1952 4226 feruntur
1992 4169 2182 4244 leges:
2226 4170 2295 4227 In
2336 4166 2508 4228 tertio
2550 4177 2869 4226 censentur
2890 4165 3266 4225 circumstan-

344 4241 488 4321 tiae3
530 4253 656 4302 tum
697 4261 854 4320 quae
891 4245 1222 4304 necessario
1265 4264 1550 4322 personas
1592 4247 1648 4304 δι
1686 4267 1782 4307 res
1823 4246 2224 4308 indesinenter
2264 4257 2649 4321 comitantur,
2694 4256 2758 4306 vt
2794 4257 2929 4308 sunt
2964 4257 3195 4323 tempus
3216 4249 3273 4304 δε

344 4324 539 4381 locus:
583 4333 708 4384 tum
749 4341 902 4400 quae
940 4343 1048 4401 per
1085 4325 1245 4386 vices
1285 4327 1340 4386 81
1381 4325 1758 4388 successione
1797 4340 2080 4406 perpetua
2102 4327 2429 4406 variantur,
2453 4340 2515 4387 vt
2538 4329 2779 4406 moduS,
2802 4343 3043 4404 causae,
3066 4327 3273 4386 instru-

3046 4415 3241 4466 menta
3260 4451 3276 4481 ,
