3923 4875
327 4485 447 4515 Α

569 355 688 416 240
1491 355 1816 406 russas
1876 355 2528 406 rnrotooicar.

643 537 700 579 2.
779 519 1044 580 Ecclesia
1082 529 1280 581 autem
1320 521 1500 595 haec,
1541 520 1850 583 catholiea
1891 525 2053 582 recte
2090 531 2461 602 nuncupata,
2498 531 2589 583 est
2624 539 2843 600 corpus
2882 533 3089 583 eorum
3128 521 3231 599 qui
3270 525 3307 580 a
3342 523 3475 582 Deo

561 611 887 660 euocantur
933 600 1013 659 ad
1067 601 1305 663 laudem
1343 600 1568 678 gloriae
1609 619 1750 662 suae
1787 601 1848 663 in
1889 601 2129 662 Christo
2171 605 2324 663 Iesu.
2378 603 2615 680 Duplici
2654 613 2853 663 autem
2898 613 3168 681 respectu
3208 602 3475 662 conside-

564 689 750 758 ratur,
791 699 864 738 ac
903 699 1028 739 non
1067 679 1378 742 diuiditur:
1417 683 1614 760 (duae.
1655 701 1717 742 n.
1751 701 1871 743 non
1912 693 2047 742 sunt
2090 683 2418 761 Ecclesiae,
2458 683 2566 744 sed
2606 682 2821 759 mica).
2874 685 3015 743 Vno
3031 729 3048 761 ,
3086 681 3149 741 in
3190 682 3479 760 principio

563 777 672 819 suo
688 803 706 834 ,
744 762 801 821 δι
839 779 1181 840 progressu3
1223 763 1458 839 Alter0,
1499 761 1560 822 in
1601 762 1965 841 perfectione
2004 779 2125 823 sua.
2188 764 2333 823 Hoc
2370 763 2557 824 modo
2596 762 2769 824 nobis
2802 761 2901 822 hic
2942 761 3172 842 penitus
3212 773 3301 823 est
3338 762 3479 822 inui-

563 839 775 916 sibilis;
815 837 920 900 illo
960 846 1102 902 vero
1143 840 1204 901 in
1245 841 1487 904 materia
1525 842 1581 901 δι
1621 843 1815 902 forma
1853 852 2125 936 externa,
2168 841 2437 922 visibilis3
2477 842 2537 904 in
2578 843 2805 904 interna
2844 860 2949 904 seu
2984 841 3279 903 essentiali
3293 887 3313 922 ,
3332 841 3475 902 inui-

565 919 768 981 sibilis.
827 921 1006 982 Vnde
1047 920 1348 983 distinctio
1389 923 1577 982 oritur
1613 922 1916 984 Ecclesiae
1957 921 2229 1000 visibilis,
2271 925 2327 984 δι
2362 921 2686 984 inuisibilis.

641 1019 698 1076 3.
777 1001 1107 1062 Ecclesiam
1143 1001 1436 1064 visibilem
1475 1019 1760 1064 vocamus
1798 1013 2037 1064 coetum
2076 1020 2285 1064 eorum
2306 1002 2410 1080 qui
2426 1003 2679 1082 gratiose
2698 1005 2734 1062 e
2753 1001 3133 1081 corruptione
3152 1013 3477 1062 euocantur

563 1080 644 1139 ad
683 1079 983 1140 Christum
1025 1081 1222 1143 modis
1259 1081 1614 1162 visibilibus3
1655 1101 1870 1162 nempe
1909 1082 2349 1161 praedicatione
2386 1083 2609 1162 gratiae
2659 1083 2963 1162 Euangelij
2976 1129 2995 1162 ,
3045 1085 3101 1143 δι
3135 1083 3478 1142 Sacramen-

565 1170 764 1220 torum
827 1161 1236 1241 perceptione,
1295 1163 1422 1224 siue
1479 1163 1878 1241 respondeant
1925 1161 2259 1240 vocationi,
2313 1163 2590 1241 Christsq.
2643 1163 2784 1243 iugo
2822 1183 2888 1224 se
2927 1166 3065 1224 vere
3104 1161 3451 1224 submittant
3464 1206 3482 1239 ,

568 1239 694 1302 siue
733 1259 890 1320 non3
929 1243 1055 1320 idq.
1094 1243 1175 1303 ad
1211 1242 1472 1304 nominis
1509 1243 1696 1304 diuini
1731 1242 1999 1321 gloriam.

647 1339 705 1393 4.
784 1320 1148 1384 Inuisibilem
1196 1327 1340 1384 vero
1354 1369 1372 1403 ,
1415 1339 1634 1402 corpus
1674 1325 1997 1384 electorum
2036 1321 2097 1381 in
2150 1321 2387 1384 Christo
2404 1367 2423 1400 ,
2461 1321 2565 1401 qui
2600 1321 2782 1402 capiti
2820 1319 3061 1383 adunati
3100 1321 3227 1382 eius
3266 1320 3483 1400 Spiritu

568 1399 782 1540 iiiuunt
782 1445 826 1542 1,)
851 1403 908 1462 &
947 1404 1273 1543 sacundum
1311 1404 1574 1482 ipsorum
1617 1419 1951 1464 mensuram
1992 1403 2362 1464 contendunt
2400 1403 2479 1463 ad
2520 1405 2799 1482 Regnum
2828 1403 3132 1464 caelorum
3165 1402 3227 1461 in
3247 1401 3482 1463 Christo

599 1497 704 1542 esu
744 1500 784 1543 o
827 1491 986 1544 tmen
1029 1499 1153 1544 um.

644 1577 700 1640 5.
780 1563 859 1621 Et
895 1564 1180 1639 quoniam
1219 1562 1280 1623 in
1321 1565 1482 1624 fluxu
1523 1564 1670 1624 haec
1711 1563 1982 1624 Ecclesia
2021 1573 2136 1641 est,
2190 1569 2417 1641 eritque
2454 1579 2639 1640 vsque
2678 1566 2802 1640 quo
2842 1579 3121 1624 numerus
3158 1563 3482 1623 electorum

563 1643 962 1722 compleam-3
1003 1643 1144 1705 inde
1183 1643 1244 1704 in
1285 1643 1639 1704 Militantem
1679 1644 1792 1703 sub
1831 1642 2051 1704 Christi
2091 1642 2306 1705 vexillo
2345 1643 2523 1704 armis
2564 1641 2921 1722 spiritalibus
2960 1641 3019 1703 in
3060 1641 3151 1704 his
3189 1640 3391 1722 terris,
3429 1645 3483 1702 δι

565 1719 1058 1800 Triumphantem
1098 1723 1176 1784 de
1215 1722 1486 1785 hostibus
1525 1722 1585 1783 in
1625 1721 1803 1784 caelis
1818 1768 1837 1802 ,
1873 1729 2283 1816 regnantemq.
2324 1723 2386 1785 in
2423 1722 2615 1802 patria
2654 1740 2794 1784 cum
2836 1725 3005 1801 Rege
3035 1721 3275 1784 Christo
3296 1722 3484 1800 (cuius

566 1818 816 1879 regnum
857 1813 945 1862 est
981 1801 1042 1862 in
1081 1814 1384 1864 aeternum
1425 1804 1794 1879 duraturum)
1835 1803 2227 1882 distinguitur.
2270 1804 2429 1884 Epic.
2470 1822 2528 1881 3.
2578 1817 2667 1882 15.
2706 1805 2851 1864 Luc.
2902 1823 2955 1864 1.
2996 1821 3094 1880 33.

648 1883 704 1940 6.
792 1881 987 1942 Cama
1043 1884 1304 1945 efficiens
1363 1881 1666 1944 Ecclesiae
1723 1893 1813 1945 est
1871 1882 1999 1962 ipse
2045 1885 2209 1944 Deus
2225 1928 2244 1952 ,
2291 1885 2497 1962 Pater,
2548 1881 2727 1944 Filius
2742 1927 2760 1962 ,
2801 1886 2857 1944 δι
2895 1882 3140 1961 Spiritus
3180 1883 3241 1942 S.
3286 1881 3391 1959 qui
3428 1884 3483 1942 δι

565 1961 832 2040 Angelos
869 1961 1066 2024 bonos
1105 1963 1164 2023 in
1205 1975 1360 2026 statu
1401 1961 1764 2025 rectitudinis
1800 1962 2177 2025 conseruauit
2192 2009 2211 2044 ,
2250 1965 2307 2024 δι
2347 1963 2619 2024 homines
2640 1965 2807 2042 lapsu
2824 1961 3151 2042 primorum
3170 1963 3483 2022 Parentum

566 2039 832 2180 prerditos
845 2084 863 2119 ,
901 2041 964 2102 in
1003 2042 1240 2106 Christo
1278 2047 1415 2106 Iesu
1454 2042 1758 2124 recollegit
1796 2045 2039 2105 foedere
2078 2042 2299 2123 gratiae
2314 2087 2334 2122 ,
2376 2052 2601 2122 eosque
2640 2053 2925 2105 sustentat
2942 2045 3003 2103 in
3022 2059 3131 2104 suo
3150 2058 3482 2122 progressu.

629 2139 742 2181 om.
786 2135 842 2198 5.
887 2141 941 2184 2.

649 2217 706 2276 7.
785 2201 1146 2265 Inuisibilem
1207 2203 1449 2283 quidem
1507 2221 1582 2265 ex
1642 2202 1734 2264 his
1790 2203 2121 2264 Ecclesiam
2135 2248 2154 2283 ,
2212 2213 2501 2280 quatenus
2554 2213 2681 2264 tum
2718 2201 2939 2282 ipsam,
2976 2202 3264 2281 singulaq.
3306 2200 3485 2280 ipsius

566 2281 838 2341 membra
897 2289 1022 2342 κατ’
1063 2285 1369 2361 εὐδοκίαν,
1429 2284 1650 2345 electos
1717 2282 2036 2346 efficaciter
2082 2283 2347 2356 vocauit,
2420 2293 2666 2345 vocatos
2716 2281 2825 2344 sua
2876 2281 3139 2361 benigna
3200 2297 3384 2341 manu
3420 2280 3481 2341 in

563 2359 803 2421 Christo
843 2372 1130 2424 sustentat
1144 2409 1160 2436 ,
1201 2367 1258 2426 δι
1301 2363 1666 2425 firmissimos
1705 2362 1901 2425 reddit
1939 2361 2273 2424 infirmitate
2312 2363 2594 2424 aduersus
2635 2381 2841 2424 omnes
2860 2363 3151 2443 procellas
3168 2381 3185 2421 ε
3204 2371 3334 2422 tum
3350 2379 3486 2436 eOS,

565 2440 668 2517 qui
727 2440 790 2501 in
849 2443 1032 2505 coelis
1087 2455 1225 2505 sunt
1275 2444 1700 2523 perfectionem
1753 2443 2090 2523 consecuti,
2131 2444 2250 2505 vita
2288 2444 2461 2522 plane
2502 2444 2806 2523 informat3
2845 2442 2929 2505 ita
2968 2453 3031 2503 vt
3068 2446 3106 2503 a
3144 2460 3287 2503 vero
3326 2440 3487 2503 nulla

565 2520 794 2582 ratione
839 2522 1204 2585 diuertantur
1218 2569 1236 2604 ,
1277 2543 1390 2587 nec
1428 2528 1467 2586 a
1505 2525 1698 2604 capite
1736 2524 1975 2587 Christo
2015 2528 2053 2585 a
2088 2542 2212 2602 quo
2254 2524 2429 2585 vnice
2466 2524 2647 2585 vitam
2686 2521 2963 2585 hauriunt
3000 2521 3317 2585 declinent.

648 2604 704 2663 8.
785 2602 1096 2665 visibilem
1145 2610 1288 2667 vero
1341 2605 1594 2667 externis
1646 2604 1855 2667 mediis
1893 2607 1950 2665 δι
1992 2606 2033 2665 S
2076 2604 2213 2665 iritu
2253 2606 2313 2665 S.
2350 2614 2637 2684 operante
2675 2602 2739 2665 in
2776 2602 3005 2665 cordib.
3042 2600 3485 2681 hypocritarum

564 2680 806 2758 quidem
850 2683 955 2761 qui
993 2696 1129 2746 sunt
1168 2684 1230 2745 in
1271 2684 1568 2764 Ecclesia,
1608 2686 1716 2747 sed
1753 2704 1878 2747 non
1917 2686 1994 2746 de
2153 2684 2297 2749 lesia
2315 2683 2671 2763 formaliter,
2702 2685 2783 2745 ad
2802 2692 3065 2762 tempus,
3084 2692 3263 2762 prout
3282 2698 3489 2743 eorum

567 2762 715 2822 fides
753 2764 1132 2843 temporaria,
1183 2766 1331 2827 Luc.
1373 2768 1428 2825 8.
1479 2785 1569 2843 13.
1612 2767 1668 2825 &
1706 2763 2077 2843 hypocritica
2114 2774 2231 2841 est,
2270 2763 2535 2825 fidelium
2572 2767 2717 2825 vero
2730 2810 2749 2844 ‚
2798 2764 3114 2824 efficaciter
3151 2762 3213 2823 in
3252 2760 3487 2821 infirmi·

565 2841 785 2903 tatibus
824 2862 931 2921 per
968 2844 1248 2924 gratiam,
1285 2862 1438 2921 quae
1479 2846 1564 2907 eis
1601 2844 1848 2923 sufficit,
1888 2846 2084 2905 donec
2123 2842 2183 2904 in
2220 2844 2561 2905 cubiculum
2598 2845 2858 2905 coeleste
2894 2841 3325 2923 ingrediantur,
3354 2844 3410 2902 δι
3430 2840 3487 2901 in

565 2920 756 2983 virum
796 2926 1122 3001 perfectum
1163 2925 1420 2987 euadant
1458 2926 1536 2987 ad
1577 2942 1910 2985 mensuram
1953 2934 2209 2986 staturae
2250 2924 2433 2985 adulti
2473 2922 2709 2985 Christi.
2746 2924 2903 3003 Epa.
2948 2944 3005 2997 4.
3052 2942 3144 3000 13.

647 3020 705 3093 9.
785 3004 1058 3066 Materia
1115 3004 1463 3067 Catholicae
1523 3004 1831 3067 Ecclesiae
1877 3015 2017 3065 sunt
2063 3004 2278 3083 Angeli
2328 3004 2531 3085 electi,
2570 3005 2627 3065 δι
2668 3003 2965 3065 Homines
3002 3002 3237 3064 fideles:
3277 3000 3492 3080 Angeli

567 3081 808 3159 quidem
860 3085 962 3161 qui
1013 3102 1190 3165 supra
1243 3096 1512 3146 naturam
1561 3102 1728 3146 suam
1780 3086 2036 3164 gratiose
2088 3083 2391 3145 electionis
2433 3083 2581 3164 vim,
2621 3085 2679 3143 δι
2718 3082 3043 3144 efficaciam
3081 3080 3420 3160 adoptionis
3456 3084 3493 3139 a

567 3160 805 3222 Christo
847 3166 1172 3227 electorum
1215 3164 1530 3245 habentes,
1573 3166 1757 3241 (vnde
1800 3164 1928 3241 Filij
1971 3162 2088 3225 Dei
2128 3163 2433 3240 dicuntur,
2474 3167 2597 3225 Iob.
2648 3183 2699 3225 1.
2740 3166 2823 3240 6.)
2861 3162 2924 3223 in
2962 3172 3113 3223 statu
3130 3160 3493 3223 rectitudinis

565 3242 879 3303 vocatione
939 3244 1054 3307 Dei
1112 3256 1540 3325 sustentantur,
1606 3245 1663 3305 81
1718 3245 2144 3306 confirmantur
2158 3290 2177 3323 ,
2225 3264 2333 3323 per
2372 3244 2671 3305 Christum
2710 3242 3103 3305 Mediatorem
3142 3240 3423 3303 vindicati
3456 3244 3495 3301 a

565 3320 830 3399 potentia
890 3323 989 3385 ina
1005 3370 1024 3404 ,
1085 3325 1204 3404 qua
1257 3325 1453 3387 miseri
1507 3344 1634 3389 esse
1689 3326 1746 3386 δι
1799 3324 1919 3385 labi
1968 3334 2272 3403 poterant:
2328 3324 2640 3385 mutabiles
2680 3322 2838 3385 enim
2879 3333 3047 3383 erant
3084 3322 3145 3384 in
3184 3340 3249 3381 se
3289 3321 3497 3383 namra

564 3402 698 3481 su23
739 3402 1003 3481 alioquin
1044 3406 1092 3467 si
1131 3406 1530 3467 immutabiles
1568 3404 1812 3467 fuissent
1825 3450 1843 3483 ,
1883 3406 2049 3465 Deus
2082 3403 2325 3465 fuissent
2340 3450 2357 3483 ,
2380 3406 2545 3482 quod
2566 3403 2729 3465 dictu
2755 3404 3120 3466 horrendum
3140 3412 3259 3463 est:
3280 3400 3493 3463 etenim

566 3483 731 3543 Deus
773 3494 861 3544 est
900 3486 1129 3546 Iehoua
1163 3485 1372 3545 natura
1413 3486 1519 3547 sua
1557 3486 1718 3546 solus
1757 3482 2155 3545 immutabilis.

653 3582 746 3623 10.
829 3566 1126 3626 Homines
1166 3568 1308 3626 vero
1321 3610 1339 3643 ,
1383 3565 1488 3643 qui
1526 3584 1667 3627 vera
1697 3566 1969 3627 membra
1996 3563 2265 3641 corporis
2284 3564 2505 3625 Christi
2523 3562 2889 3626 constituunt
2902 3608 2920 3643 ,
2938 3563 3159 3641 quique
3178 3563 3239 3623 in
3258 3562 3495 3623 Christo

567 3640 858 3733 adoptati,
901 3642 1081 3737 ipsius
1120 3644 1400 3724 Spiritum
1441 3644 1502 3705 in
1543 3664 1608 3707 se
1647 3644 2009 3707 habitantem
2052 3644 2306 3723 habent,
2351 3642 2519 3705 Rom.
2566 3647 2621 3705 8.
2664 3664 2723 3723 9.
2774 3646 2905 3705 Nec
2936 3643 3095 3705 enim
3125 3643 3187 3704 in
3205 3643 3327 3703 hoc
3344 3661 3495 3734 mys·

566 3732 687 3783 nco
731 3723 948 3784 Christi
995 3744 1248 3804 corpore
1289 3728 1558 3787 membra
1597 3726 1893 3803 quaedam
1978 3724 2141 3785 utida
2180 3735 2342 3803 sunt,
2382 3724 2489 3785 sed
2518 3725 2719 3785 omnia
2737 3722 2957 3802 Spiritu
2976 3722 3494 3799 sanctificationis,

565 3804 742 3863 Rom.
785 3806 842 3863 8.
883 3824 940 3883 9.
983 3816 1120 3866 sunt
1165 3804 1561 3886 sanctificata,
1607 3804 1874 3885 corporis
1913 3746 2134 3866 ghristi
2174 3806 2708 3884 complementum,
2748 3806 2909 3884 Epic.
2958 3824 3007 3864 1.
3044 3822 3139 3881 23.
3176 3804 3296 3864 Dei
3333 3802 3491 3862 habi·

569 3884 863 3963 taculum,
902 3887 1078 3946 Ioan.
1127 3906 1219 3961 14.
1264 3904 1356 3963 23.
1399 3903 1580 3947 vnum
1621 3884 1821 3961 deniq.
1862 3885 1924 3947 in
1973 3888 2146 3945 Patre
2187 3886 2244 3944 δι
2289 3884 2474 3963 Filio,
2512 3886 2688 3946 Ioan.
2734 3902 2825 3960 17.
2866 3904 2962 3945 21.

655 3982 680 4021 r
695 3983 747 4056 ις
829 3965 1012 4041 Quod
1052 3965 1129 4027 de
1173 3966 1460 4044 improbis
1501 3964 1628 4044 (qui
1651 3967 1924 4059 'membra
1964 3975 2106 4026 sunt
2139 3964 2431 4057 Satarfaet,
2468 3975 2617 4026 teste
2654 3964 2977 4025 Ambrosio
2990 4008 3009 4043 ,
3048 3965 3129 4024 ln
3167 3962 3337 4053 Psal.
3382 3962 3499 4039 15.)

569 4062 753 4184 {¹533
788 4056 1405 4204 23332331330222‘
1423 4054 2449 4205 ’pfflg'ffffffiessafssissffissssaaffiiss
2464 4054 3499 4203 ffissrss‘gssafflsssgzffifflmsssffz

571 4202 828 4282 denique
883 4206 1164 4285 Spiritum
1215 4205 1707 4269 Sanctificau'onis
1758 4206 2014 4282 habent,
2055 4204 2159 4282 qui
2196 4214 2285 4266 est
2321 4204 2623 4265 vinculum
2663 4222 2785 4281 quo
2826 4204 3197 4282 spiritualiter
3236 4202 3501 4262 membra

571 4284 746 4345 huius
791 4286 1063 4365 corporis
1105 4288 1260 4347 inter
1298 4306 1396 4366 se,
1437 4291 1491 4348 δι
1531 4302 1670 4347 cum
1713 4303 2000 4365 corpore,
2038 4285 2093 4344 ἃ
2134 4300 2272 4345 cum
2313 4286 2538 4365 capite,
2576 4284 2927 4345 adunantur.

625 4384 742 4425 -12.
844 4366 1106 4443 Quidam
1147 4370 1294 4427 vero
1335 4385 1456 4427 non
1497 4366 1776 4446 baptizati
1813 4364 2116 4445 Baptismo
2156 4374 2431 4445 externe,
2468 4368 2607 4426 cum
2646 4375 2783 4425 actu
2820 4363 2977 4425 insiti
3018 4364 3135 4425 sint
3160 4362 3499 4441 Christ0,&

627 4464 636 4473 ·
697 4464 712 4475 ·
3166 4451 3502 4521 seruentur3
