<?xml version="1.0" encoding="UTF-8"?>
<!DOCTYPE html PUBLIC "-//W3C//DTD XHTML 1.0 Transitional//EN"
    "http://www.w3.org/TR/xhtml1/DTD/xhtml1-transitional.dtd">
<html xmlns="http://www.w3.org/1999/xhtml" xml:lang="en" lang="en">
 <head>
  <title>
</title>
<meta http-equiv="Content-Type" content="text/html;charset=utf-8" />
  <meta name='ocr-system' content='tesseract 3.04.00' />
  <meta name='ocr-capabilities' content='ocr_page ocr_carea ocr_par ocr_line ocrx_word'/>
</head>
<body>
  <div class='ocr_page' id='page_1' title='image "./dfranciscijunii00junigoog_0520.png"; bbox 0 0 3923 4875; ppageno 0'>
   <div class='ocr_carea' id='block_1_1' title="bbox 593 131 3540 4129">
    <p class='ocr_par' dir='ltr' id='par_1_1' title="bbox 593 131 3540 618">
     <span class='ocr_line' id='line_1_1' title="bbox 598 131 3534 214; baseline -0.001 -18"><span class='ocrx_word' id='word_1_1' title='bbox 598 137 779 197; x_wconf 85' lang='lat' dir='ltr'><strong>fidem</strong></span> <span class='ocrx_word' id='word_1_2' title='bbox 840 133 1061 196; x_wconf 87' lang='lat' dir='ltr'><strong>decreti</strong></span> <span class='ocrx_word' id='word_1_3' title='bbox 1112 132 1265 195; x_wconf 83' lang='lat' dir='ltr'><strong>illius</strong></span> <span class='ocrx_word' id='word_1_4' title='bbox 1324 136 1381 197; x_wconf 74' lang='grc' dir='ltr'><strong>δι</strong></span> <span class='ocrx_word' id='word_1_5' title='bbox 1438 131 1667 210; x_wconf 76' lang='lat' dir='ltr'><strong>consilii</strong></span> <span class='ocrx_word' id='word_1_6' title='bbox 1726 133 1978 210; x_wconf 87' lang='lat' dir='ltr'><strong>aeterni,</strong></span> <span class='ocrx_word' id='word_1_7' title='bbox 2017 133 2186 212; x_wconf 90' lang='lat' dir='ltr'><strong>quod</strong></span> <span class='ocrx_word' id='word_1_8' title='bbox 2223 135 2386 196; x_wconf 89' lang='lat' dir='ltr'><strong>Deus</strong></span> <span class='ocrx_word' id='word_1_9' title='bbox 2425 133 2740 214; x_wconf 85' lang='lat' dir='ltr'>proposuit</span> <span class='ocrx_word' id='word_1_10' title='bbox 2787 134 2850 196; x_wconf 90' lang='lat' dir='ltr'><strong>in</strong></span> <span class='ocrx_word' id='word_1_11' title='bbox 2889 153 3049 214; x_wconf 70' lang='lat' dir='ltr'><strong>sese,</strong></span> <span class='ocrx_word' id='word_1_12' title='bbox 3089 142 3220 195; x_wconf 88' lang='lat' dir='ltr'><strong>tum</strong></span> <span class='ocrx_word' id='word_1_13' title='bbox 3259 133 3534 195; x_wconf 83' lang='lat' dir='ltr'><strong>hominis</strong></span> 
     </span>
     <span class='ocr_line' id='line_1_2' title="bbox 593 212 3540 295; baseline -0.001 -17"><span class='ocrx_word' id='word_1_14' title='bbox 593 217 980 292; x_wconf 71' lang='grc' dir='ltr'><strong>ὀνικωνότηω</strong></span> <span class='ocrx_word' id='word_1_15' title='bbox 1016 213 1141 276; x_wconf 88' lang='lat' dir='ltr'><strong>siue</strong></span> <span class='ocrx_word' id='word_1_16' title='bbox 1182 217 1270 290; x_wconf 87' lang='lat' dir='ltr'><strong>(vt</strong></span> <span class='ocrx_word' id='word_1_17' title='bbox 1308 213 1389 275; x_wconf 91' lang='lat' dir='ltr'><strong>ita</strong></span> <span class='ocrx_word' id='word_1_18' title='bbox 1427 212 1715 290; x_wconf 88' lang='lat' dir='ltr'><strong>dicamus)</strong></span> <span class='ocrx_word' id='word_1_19' title='bbox 1753 213 2224 292; x_wconf 85' lang='lat' dir='ltr'><strong>ineptitudinem.</strong></span> <span class='ocrx_word' id='word_1_20' title='bbox 2265 216 2397 276; x_wconf 90' lang='lat' dir='ltr'><strong>Nec</strong></span> <span class='ocrx_word' id='word_1_21' title='bbox 2435 215 2692 278; x_wconf 81' lang='lat' dir='ltr'><strong>mirum:</strong></span> <span class='ocrx_word' id='word_1_22' title='bbox 2725 215 2865 295; x_wconf 87' lang='lat' dir='ltr'><strong>quia</strong></span> <span class='ocrx_word' id='word_1_23' title='bbox 2905 217 3066 278; x_wconf 90' lang='lat' dir='ltr'><strong>solus</strong></span> <span class='ocrx_word' id='word_1_24' title='bbox 3106 216 3272 276; x_wconf 90' lang='lat' dir='ltr'><strong>Deus</strong></span> <span class='ocrx_word' id='word_1_25' title='bbox 3299 225 3392 276; x_wconf 68' lang='lat' dir='ltr'><strong>est</strong></span> <span class='ocrx_word' id='word_1_26' title='bbox 3433 213 3540 294; x_wconf 90' lang='lat' dir='ltr'><strong>qui</strong></span> 
     </span>
     <span class='ocr_line' id='line_1_3' title="bbox 596 293 3535 373; baseline -0 -17"><span class='ocrx_word' id='word_1_27' title='bbox 596 315 708 356; x_wconf 90' lang='lat' dir='ltr'><strong>nos</strong></span> <span class='ocrx_word' id='word_1_28' title='bbox 766 305 939 372; x_wconf 87' lang='lat' dir='ltr'><strong>aptos</strong></span> <span class='ocrx_word' id='word_1_29' title='bbox 989 294 1113 356; x_wconf 91' lang='lat' dir='ltr'><strong>siue</strong></span> <span class='ocrx_word' id='word_1_30' title='bbox 1152 293 1402 356; x_wconf 89' lang='lat' dir='ltr'><strong>idoneos</strong></span> <span class='ocrx_word' id='word_1_31' title='bbox 1442 293 1618 356; x_wconf 85' lang='lat' dir='ltr'><strong>faciat</strong></span> <span class='ocrx_word' id='word_1_32' title='bbox 1656 295 1735 356; x_wconf 90' lang='lat' dir='ltr'><strong>ad</strong></span> <span class='ocrx_word' id='word_1_33' title='bbox 1773 294 2242 373; x_wconf 79' lang='lat' dir='ltr'>participandam</span> <span class='ocrx_word' id='word_1_34' title='bbox 2282 307 2506 356; x_wconf 81' lang='lat' dir='ltr'>sortem</span> <span class='ocrx_word' id='word_1_35' title='bbox 2547 307 2890 358; x_wconf 88' lang='lat' dir='ltr'><strong>sanctorum</strong></span> <span class='ocrx_word' id='word_1_36' title='bbox 2929 294 2992 357; x_wconf 90' lang='lat' dir='ltr'><strong>in</strong></span> <span class='ocrx_word' id='word_1_37' title='bbox 3030 297 3166 357; x_wconf 90' lang='lat' dir='ltr'><strong>luce</strong></span> <span class='ocrx_word' id='word_1_38' title='bbox 3179 341 3200 372; x_wconf 90' lang='lat'><strong>,</strong></span> <span class='ocrx_word' id='word_1_39' title='bbox 3241 295 3535 373; x_wconf 79' lang='lat' dir='ltr'><strong>quemad·</strong></span> 
     </span>
     <span class='ocr_line' id='line_1_4' title="bbox 599 373 3540 456; baseline 0 -18"><span class='ocrx_word' id='word_1_40' title='bbox 599 375 847 438; x_wconf 90' lang='lat' dir='ltr'><strong>modum</strong></span> <span class='ocrx_word' id='word_1_41' title='bbox 884 373 962 435; x_wconf 88' lang='lat' dir='ltr'><strong>ad</strong></span> <span class='ocrx_word' id='word_1_42' title='bbox 1001 376 1385 437; x_wconf 89' lang='lat' dir='ltr'><strong>Colossenses</strong></span> <span class='ocrx_word' id='word_1_43' title='bbox 1424 375 1721 437; x_wconf 90' lang='lat' dir='ltr'><strong>scribebat</strong></span> <span class='ocrx_word' id='word_1_44' title='bbox 1759 377 1972 454; x_wconf 86' lang='lat' dir='ltr'><strong>Apost.</strong></span> <span class='ocrx_word' id='word_1_45' title='bbox 2006 394 2060 438; x_wconf 88' lang='lat' dir='ltr'><strong>c.</strong></span> <span class='ocrx_word' id='word_1_46' title='bbox 2109 395 2159 436; x_wconf 89' lang='lat'><strong>1.</strong></span> <span class='ocrx_word' id='word_1_47' title='bbox 2199 395 2257 437; x_wconf 84' lang='lat' dir='ltr'><strong>v.</strong></span> <span class='ocrx_word' id='word_1_48' title='bbox 2307 395 2399 436; x_wconf 80' lang='lat'><strong>12.</strong></span> <span class='ocrx_word' id='word_1_49' title='bbox 2439 376 2822 456; x_wconf 84' lang='lat' dir='ltr'><strong>Quapropter</strong></span> <span class='ocrx_word' id='word_1_50' title='bbox 2861 379 3002 438; x_wconf 75' lang='lat' dir='ltr'><strong>cum</strong></span> <span class='ocrx_word' id='word_1_51' title='bbox 3032 374 3180 438; x_wconf 84' lang='lat' dir='ltr'>nihil</span> <span class='ocrx_word' id='word_1_52' title='bbox 3199 377 3239 435; x_wconf 77' lang='grc' dir='ltr'>ὲ</span> <span class='ocrx_word' id='word_1_53' title='bbox 3259 375 3440 437; x_wconf 87' lang='lat' dir='ltr'><strong>nobis</strong></span> <span class='ocrx_word' id='word_1_54' title='bbox 3461 375 3540 439; x_wconf 83' lang='lat' dir='ltr'><strong>sit</strong></span> 
     </span>
     <span class='ocr_line' id='line_1_5' title="bbox 600 453 3538 536; baseline 0 -18"><span class='ocrx_word' id='word_1_55' title='bbox 600 455 711 518; x_wconf 87' lang='lat' dir='ltr'><strong>nisi</strong></span> <span class='ocrx_word' id='word_1_56' title='bbox 768 455 993 516; x_wconf 89' lang='lat' dir='ltr'><strong>malum</strong></span> <span class='ocrx_word' id='word_1_57' title='bbox 1050 465 1322 517; x_wconf 89' lang='lat' dir='ltr'><strong>nostrum</strong></span> <span class='ocrx_word' id='word_1_58' title='bbox 1386 459 1443 516; x_wconf 74' lang='grc' dir='ltr'><strong>δε</strong></span> <span class='ocrx_word' id='word_1_59' title='bbox 1503 453 1791 534; x_wconf 88' lang='lat' dir='ltr'><strong>quidquid</strong></span> <span class='ocrx_word' id='word_1_60' title='bbox 1846 453 1994 517; x_wconf 91' lang='lat' dir='ltr'><strong>boni</strong></span> <span class='ocrx_word' id='word_1_61' title='bbox 2034 465 2123 516; x_wconf 87' lang='lat' dir='ltr'><strong>est</strong></span> <span class='ocrx_word' id='word_1_62' title='bbox 2161 465 2289 516; x_wconf 92' lang='lat' dir='ltr'><strong>tum</strong></span> <span class='ocrx_word' id='word_1_63' title='bbox 2328 455 2391 516; x_wconf 93' lang='lat' dir='ltr'><strong>in</strong></span> <span class='ocrx_word' id='word_1_64' title='bbox 2432 455 2628 536; x_wconf 89' lang='lat' dir='ltr'><strong>nobis,</strong></span> <span class='ocrx_word' id='word_1_65' title='bbox 2669 467 2797 518; x_wconf 88' lang='lat' dir='ltr'><strong>tum</strong></span> <span class='ocrx_word' id='word_1_66' title='bbox 2828 456 2888 519; x_wconf 88' lang='lat' dir='ltr'><strong>in</strong></span> <span class='ocrx_word' id='word_1_67' title='bbox 2927 457 3058 536; x_wconf 85' lang='lat' dir='ltr'><strong>ipsa</strong></span> <span class='ocrx_word' id='word_1_68' title='bbox 3097 455 3538 518; x_wconf 89' lang='lat' dir='ltr'><strong>communione</strong></span> 
     </span>
     <span class='ocr_line' id='line_1_6' title="bbox 602 533 3396 618; baseline 0 -20"><span class='ocrx_word' id='word_1_69' title='bbox 602 546 941 598; x_wconf 83' lang='lat' dir='ltr'><strong>sanctorum</strong></span> <span class='ocrx_word' id='word_1_70' title='bbox 960 582 977 615; x_wconf 95' lang='lat'><strong>,</strong></span> <span class='ocrx_word' id='word_1_71' title='bbox 1015 541 1053 599; x_wconf 78' lang='lat' dir='ltr'><strong>a</strong></span> <span class='ocrx_word' id='word_1_72' title='bbox 1090 537 1225 598; x_wconf 90' lang='lat' dir='ltr'><strong>Deo</strong></span> <span class='ocrx_word' id='word_1_73' title='bbox 1266 536 1368 618; x_wconf 87' lang='lat' dir='ltr'><strong>sit;</strong></span> <span class='ocrx_word' id='word_1_74' title='bbox 1409 545 1587 598; x_wconf 83' lang='lat' dir='ltr'><strong>restat</strong></span> <span class='ocrx_word' id='word_1_75' title='bbox 1629 545 1694 596; x_wconf 86' lang='lat' dir='ltr'><strong>vt</strong></span> <span class='ocrx_word' id='word_1_76' title='bbox 1732 535 1809 597; x_wconf 91' lang='lat' dir='ltr'><strong>de</strong></span> <span class='ocrx_word' id='word_1_77' title='bbox 1846 533 2023 597; x_wconf 92' lang='lat' dir='ltr'><strong>bonis</strong></span> <span class='ocrx_word' id='word_1_78' title='bbox 2061 534 2175 598; x_wconf 86' lang='lat' dir='ltr'><strong>illis</strong></span> <span class='ocrx_word' id='word_1_79' title='bbox 2215 556 2288 598; x_wconf 84' lang='lat' dir='ltr'><strong>ex</strong></span> <span class='ocrx_word' id='word_1_80' title='bbox 2326 536 2576 598; x_wconf 87' lang='lat' dir='ltr'><strong>Dauidis</strong></span> <span class='ocrx_word' id='word_1_81' title='bbox 2613 555 2890 598; x_wconf 83' lang='lat' dir='ltr'><strong>sermone</strong></span> <span class='ocrx_word' id='word_1_82' title='bbox 2931 553 3396 616; x_wconf 79' lang='lat' dir='ltr'><strong>cognoscamus·</strong></span> 
     </span>
    </p>

    <p class='ocr_par' dir='ltr' id='par_1_2' title="bbox 600 613 3539 1400">
     <span class='ocr_line' id='line_1_7' title="bbox 683 613 3534 697; baseline 0.001 -21"><span class='ocrx_word' id='word_1_83' title='bbox 683 619 989 677; x_wconf 87' lang='lat' dir='ltr'><strong>Bonorum</strong></span> <span class='ocrx_word' id='word_1_84' title='bbox 1052 634 1195 694; x_wconf 85' lang='lat' dir='ltr'><strong>ergo</strong></span> <span class='ocrx_word' id='word_1_85' title='bbox 1254 634 1409 693; x_wconf 88' lang='lat' dir='ltr'><strong>quae</strong></span> <span class='ocrx_word' id='word_1_86' title='bbox 1462 616 1541 677; x_wconf 90' lang='lat' dir='ltr'><strong>ad</strong></span> <span class='ocrx_word' id='word_1_87' title='bbox 1604 635 1716 677; x_wconf 88' lang='lat' dir='ltr'><strong>nos</strong></span> <span class='ocrx_word' id='word_1_88' title='bbox 1772 615 1836 676; x_wconf 91' lang='lat' dir='ltr'><strong>in</strong></span> <span class='ocrx_word' id='word_1_89' title='bbox 1890 613 2318 678; x_wconf 85' lang='lat' dir='ltr'><strong>communione</strong></span> <span class='ocrx_word' id='word_1_90' title='bbox 2359 627 2704 678; x_wconf 86' lang='lat' dir='ltr'><strong>sanctorum</strong></span> <span class='ocrx_word' id='word_1_91' title='bbox 2743 617 3066 697; x_wconf 85' lang='lat' dir='ltr'><strong>pertinent,</strong></span> <span class='ocrx_word' id='word_1_92' title='bbox 3107 618 3164 678; x_wconf 76' lang='grc' dir='ltr'><strong>δι</strong></span> <span class='ocrx_word' id='word_1_93' title='bbox 3203 615 3267 676; x_wconf 91' lang='lat' dir='ltr'><strong>in</strong></span> <span class='ocrx_word' id='word_1_94' title='bbox 3306 615 3534 694; x_wconf 86' lang='lat' dir='ltr'><strong>quibus</strong></span> 
     </span>
     <span class='ocr_line' id='line_1_8' title="bbox 600 694 3530 776; baseline 0 -18"><span class='ocrx_word' id='word_1_95' title='bbox 600 696 789 774; x_wconf 86' lang='lat' dir='ltr'><strong>magis</strong></span> <span class='ocrx_word' id='word_1_96' title='bbox 811 703 1118 775; x_wconf 70' lang='lat' dir='ltr'><strong>magisque</strong></span> <span class='ocrx_word' id='word_1_97' title='bbox 1137 699 1174 757; x_wconf 76' lang='grc' dir='ltr'>ὲ</span> <span class='ocrx_word' id='word_1_98' title='bbox 1195 698 1329 758; x_wconf 90' lang='lat' dir='ltr'><strong>Deo</strong></span> <span class='ocrx_word' id='word_1_99' title='bbox 1350 694 1765 776; x_wconf 88' lang='lat' dir='ltr'><strong>prouehimur,</strong></span> <span class='ocrx_word' id='word_1_100' title='bbox 1787 696 1909 758; x_wconf 90' lang='lat' dir='ltr'><strong>duo</strong></span> <span class='ocrx_word' id='word_1_101' title='bbox 1929 715 2152 774; x_wconf 85' lang='lat' dir='ltr'><strong>genera</strong></span> <span class='ocrx_word' id='word_1_102' title='bbox 2170 699 2208 758; x_wconf 77' lang='grc' dir='ltr'><strong>ὲ,</strong></span> <span class='ocrx_word' id='word_1_103' title='bbox 2227 699 2423 759; x_wconf 86' lang='lat' dir='ltr'><strong>Psalte</strong></span> <span class='ocrx_word' id='word_1_104' title='bbox 2460 696 2658 776; x_wconf 89' lang='lat' dir='ltr'><strong>posita</strong></span> <span class='ocrx_word' id='word_1_105' title='bbox 2675 708 2847 759; x_wconf 88' lang='lat' dir='ltr'><strong>sunt:</strong></span> <span class='ocrx_word' id='word_1_106' title='bbox 2881 700 3019 759; x_wconf 75' lang='lat' dir='ltr'><strong>cum</strong></span> <span class='ocrx_word' id='word_1_107' title='bbox 3039 695 3530 759; x_wconf 80' lang='lat' dir='ltr'><strong>benedictionem</strong></span> 
     </span>
     <span class='ocr_line' id='line_1_9' title="bbox 601 775 3534 854; baseline 0 -17"><span class='ocrx_word' id='word_1_108' title='bbox 601 777 717 838; x_wconf 91' lang='lat' dir='ltr'><strong>Dei</strong></span> <span class='ocrx_word' id='word_1_109' title='bbox 776 777 833 836; x_wconf 69' lang='grc' dir='ltr'><strong>δι</strong></span> <span class='ocrx_word' id='word_1_110' title='bbox 890 777 1070 838; x_wconf 87' lang='lat' dir='ltr'><strong>vitam</strong></span> <span class='ocrx_word' id='word_1_111' title='bbox 1102 785 1401 838; x_wconf 79' lang='lat' dir='ltr'><strong>aeternam</strong></span> <span class='ocrx_word' id='word_1_112' title='bbox 1440 776 1727 838; x_wconf 89' lang='lat' dir='ltr'><strong>nominat.</strong></span> <span class='ocrx_word' id='word_1_113' title='bbox 1770 779 1863 838; x_wconf 87' lang='lat' dir='ltr'><strong>Ac</strong></span> <span class='ocrx_word' id='word_1_114' title='bbox 1904 777 2024 838; x_wconf 88' lang='lat' dir='ltr'><strong>vita</strong></span> <span class='ocrx_word' id='word_1_115' title='bbox 2061 775 2306 854; x_wconf 90' lang='lat' dir='ltr'><strong>quidem</strong></span> <span class='ocrx_word' id='word_1_116' title='bbox 2345 787 2586 839; x_wconf 89' lang='lat' dir='ltr'><strong>aeterna</strong></span> <span class='ocrx_word' id='word_1_117' title='bbox 2625 795 2890 840; x_wconf 89' lang='lat' dir='ltr'><strong>summus</strong></span> <span class='ocrx_word' id='word_1_118' title='bbox 2929 787 3019 840; x_wconf 90' lang='lat' dir='ltr'><strong>est</strong></span> <span class='ocrx_word' id='word_1_119' title='bbox 3057 775 3368 854; x_wconf 88' lang='lat' dir='ltr'><strong>terminus,</strong></span> <span class='ocrx_word' id='word_1_120' title='bbox 3427 777 3534 839; x_wconf 81' lang='lat' dir='ltr'><strong>vbi</strong></span> 
     </span>
     <span class='ocr_line' id='line_1_10' title="bbox 600 855 3536 938; baseline 0 -20"><span class='ocrx_word' id='word_1_121' title='bbox 600 876 713 918; x_wconf 90' lang='lat' dir='ltr'><strong>nos</strong></span> <span class='ocrx_word' id='word_1_122' title='bbox 752 867 991 935; x_wconf 86' lang='lat' dir='ltr'><strong>oportet</strong></span> <span class='ocrx_word' id='word_1_123' title='bbox 1031 857 1451 936; x_wconf 86' lang='lat' dir='ltr'><strong>conquiescere</strong></span> <span class='ocrx_word' id='word_1_124' title='bbox 1488 856 1551 917; x_wconf 88' lang='lat' dir='ltr'><strong>in</strong></span> <span class='ocrx_word' id='word_1_125' title='bbox 1605 856 2078 934; x_wconf 87' lang='lat' dir='ltr'><strong>praesentissima</strong></span> <span class='ocrx_word' id='word_1_126' title='bbox 2114 857 2618 938; x_wconf 85' lang='lat' dir='ltr'><strong>contemplatione</strong></span> <span class='ocrx_word' id='word_1_127' title='bbox 2655 861 2712 920; x_wconf 74' lang='grc' dir='ltr'><strong>δι</strong></span> <span class='ocrx_word' id='word_1_128' title='bbox 2772 860 2970 921; x_wconf 85' lang='lat' dir='ltr'><strong>fructu</strong></span> <span class='ocrx_word' id='word_1_129' title='bbox 3007 857 3234 937; x_wconf 86' lang='lat' dir='ltr'><strong>gloriae</strong></span> <span class='ocrx_word' id='word_1_130' title='bbox 3275 855 3428 936; x_wconf 85' lang='lat' dir='ltr'><strong>Dei,</strong></span> <span class='ocrx_word' id='word_1_131' title='bbox 3467 857 3536 919; x_wconf 86' lang='lat' dir='ltr'><strong>in</strong></span> 
     </span>
     <span class='ocr_line' id='line_1_11' title="bbox 600 935 3538 1016; baseline 0.001 -18"><span class='ocrx_word' id='word_1_132' title='bbox 600 953 725 1016; x_wconf 92' lang='lat' dir='ltr'><strong>quo</strong></span> <span class='ocrx_word' id='word_1_133' title='bbox 784 954 924 999; x_wconf 91' lang='lat' dir='ltr'><strong>cum</strong></span> <span class='ocrx_word' id='word_1_134' title='bbox 983 937 1223 1000; x_wconf 88' lang='lat' dir='ltr'><strong>Christo</strong></span> <span class='ocrx_word' id='word_1_135' title='bbox 1282 935 1493 998; x_wconf 83' lang='lat' dir='ltr'><strong>victuri</strong></span> <span class='ocrx_word' id='word_1_136' title='bbox 1531 954 1769 998; x_wconf 88' lang='lat' dir='ltr'><strong>sumus:</strong></span> <span class='ocrx_word' id='word_1_137' title='bbox 1830 937 2170 999; x_wconf 90' lang='lat' dir='ltr'><strong>benedictio</strong></span> <span class='ocrx_word' id='word_1_138' title='bbox 2207 942 2352 1000; x_wconf 82' lang='lat' dir='ltr'><strong>vere</strong></span> <span class='ocrx_word' id='word_1_139' title='bbox 2393 939 2660 1002; x_wconf 82' lang='lat' dir='ltr'><strong>vniuerse</strong></span> <span class='ocrx_word' id='word_1_140' title='bbox 2700 938 2902 1000; x_wconf 89' lang='lat' dir='ltr'><strong>omnia</strong></span> <span class='ocrx_word' id='word_1_141' title='bbox 2939 941 3100 1000; x_wconf 87' lang='lat' dir='ltr'><strong>bona</strong></span> <span class='ocrx_word' id='word_1_142' title='bbox 3137 939 3538 1016; x_wconf 79' lang='lat' dir='ltr'><strong>comprehen-</strong></span> 
     </span>
     <span class='ocr_line' id='line_1_12' title="bbox 606 1015 3538 1100; baseline 0 -22"><span class='ocrx_word' id='word_1_143' title='bbox 606 1015 694 1078; x_wconf 92' lang='lat' dir='ltr'><strong>dit</strong></span> <span class='ocrx_word' id='word_1_144' title='bbox 754 1016 1199 1097; x_wconf 80' lang='lat' dir='ltr'><strong>antecedentia,</strong></span> <span class='ocrx_word' id='word_1_145' title='bbox 1258 1017 1474 1095; x_wconf 90' lang='lat' dir='ltr'><strong>quibus</strong></span> <span class='ocrx_word' id='word_1_146' title='bbox 1534 1020 1699 1078; x_wconf 90' lang='lat' dir='ltr'><strong>Deus</strong></span> <span class='ocrx_word' id='word_1_147' title='bbox 1759 1016 2059 1080; x_wconf 90' lang='lat' dir='ltr'><strong>benedicit</strong></span> <span class='ocrx_word' id='word_1_148' title='bbox 2116 1018 2349 1081; x_wconf 77' lang='lat' dir='ltr'><strong>assidue</strong></span> <span class='ocrx_word' id='word_1_149' title='bbox 2407 1020 2584 1081; x_wconf 89' lang='lat' dir='ltr'><strong>nobis</strong></span> <span class='ocrx_word' id='word_1_150' title='bbox 2607 1064 2625 1100; x_wconf 95' lang='lat'><strong>,</strong></span> <span class='ocrx_word' id='word_1_151' title='bbox 2673 1019 2872 1082; x_wconf 92' lang='lat' dir='ltr'><strong>donec</strong></span> <span class='ocrx_word' id='word_1_152' title='bbox 2912 1019 2990 1080; x_wconf 89' lang='lat' dir='ltr'><strong>ad</strong></span> <span class='ocrx_word' id='word_1_153' title='bbox 3030 1035 3326 1079; x_wconf 82' lang='lat' dir='ltr'><strong>summam</strong></span> <span class='ocrx_word' id='word_1_154' title='bbox 3367 1017 3538 1079; x_wconf 83' lang='lat' dir='ltr'><strong>illam</strong></span> 
     </span>
     <span class='ocr_line' id='line_1_13' title="bbox 601 1097 3539 1180; baseline -0 -20"><span class='ocrx_word' id='word_1_155' title='bbox 601 1097 756 1160; x_wconf 85' lang='lat' dir='ltr'><strong>vitae</strong></span> <span class='ocrx_word' id='word_1_156' title='bbox 816 1108 1091 1160; x_wconf 85' lang='lat' dir='ltr'><strong>aeternae</strong></span> <span class='ocrx_word' id='word_1_157' title='bbox 1132 1109 1349 1160; x_wconf 89' lang='lat' dir='ltr'><strong>metam</strong></span> <span class='ocrx_word' id='word_1_158' title='bbox 1389 1100 1649 1177; x_wconf 79' lang='lat' dir='ltr'><strong>perfecte</strong></span> <span class='ocrx_word' id='word_1_159' title='bbox 1708 1098 2190 1159; x_wconf 85' lang='lat' dir='ltr'><strong>transmittamur.</strong></span> <span class='ocrx_word' id='word_1_160' title='bbox 2229 1101 2404 1161; x_wconf 87' lang='lat' dir='ltr'><strong>Haec</strong></span> <span class='ocrx_word' id='word_1_161' title='bbox 2441 1098 2620 1178; x_wconf 86' lang='lat' dir='ltr'><strong>igitur</strong></span> <span class='ocrx_word' id='word_1_162' title='bbox 2657 1101 2840 1162; x_wconf 87' lang='lat' dir='ltr'><strong>bona·</strong></span> <span class='ocrx_word' id='word_1_163' title='bbox 2859 1111 3022 1180; x_wconf 90' lang='lat' dir='ltr'><strong>sunt,</strong></span> <span class='ocrx_word' id='word_1_164' title='bbox 3063 1115 3218 1177; x_wconf 91' lang='lat' dir='ltr'><strong>quae</strong></span> <span class='ocrx_word' id='word_1_165' title='bbox 3257 1097 3322 1159; x_wconf 90' lang='lat' dir='ltr'><strong>in</strong></span> <span class='ocrx_word' id='word_1_166' title='bbox 3363 1118 3539 1160; x_wconf 80' lang='lat' dir='ltr'><strong>com·</strong></span> 
     </span>
     <span class='ocr_line' id='line_1_14' title="bbox 602 1177 3538 1258; baseline 0.001 -20"><span class='ocrx_word' id='word_1_167' title='bbox 602 1177 888 1240; x_wconf 87' lang='lat' dir='ltr'><strong>munione</strong></span> <span class='ocrx_word' id='word_1_168' title='bbox 928 1188 1269 1240; x_wconf 85' lang='lat' dir='ltr'><strong>sanctorum</strong></span> <span class='ocrx_word' id='word_1_169' title='bbox 1308 1182 1347 1239; x_wconf 80' lang='lat' dir='ltr'><strong>a</strong></span> <span class='ocrx_word' id='word_1_170' title='bbox 1385 1180 1521 1240; x_wconf 89' lang='lat' dir='ltr'><strong>Deo</strong></span> <span class='ocrx_word' id='word_1_171' title='bbox 1560 1179 1782 1257; x_wconf 83' lang='lat' dir='ltr'><strong>exponi</strong></span> <span class='ocrx_word' id='word_1_172' title='bbox 1818 1177 2094 1240; x_wconf 86' lang='lat' dir='ltr'><strong>fidelibus</strong></span> <span class='ocrx_word' id='word_1_173' title='bbox 2133 1180 2431 1258; x_wconf 88' lang='lat' dir='ltr'><strong>Propheta</strong></span> <span class='ocrx_word' id='word_1_174' title='bbox 2463 1189 2693 1243; x_wconf 87' lang='lat' dir='ltr'><strong>narrat:</strong></span> <span class='ocrx_word' id='word_1_175' title='bbox 2741 1197 2998 1258; x_wconf 91' lang='lat' dir='ltr'><strong>quorum</strong></span> <span class='ocrx_word' id='word_1_176' title='bbox 3035 1179 3188 1240; x_wconf 87' lang='lat' dir='ltr'><strong>haec</strong></span> <span class='ocrx_word' id='word_1_177' title='bbox 3225 1179 3289 1239; x_wconf 89' lang='lat' dir='ltr'><strong>in</strong></span> <span class='ocrx_word' id='word_1_178' title='bbox 3325 1195 3538 1258; x_wconf 83' lang='lat' dir='ltr'><strong>cursu,</strong></span> 
     </span>
     <span class='ocr_line' id='line_1_15' title="bbox 604 1257 3534 1352; baseline 0 -32"><span class='ocrx_word' id='word_1_179' title='bbox 604 1257 750 1352; x_wconf 79' lang='lat' dir='ltr'><strong>illud</strong></span> <span class='ocrx_word' id='word_1_180' title='bbox 809 1259 872 1319; x_wconf 91' lang='lat' dir='ltr'><strong>in</strong></span> <span class='ocrx_word' id='word_1_181' title='bbox 912 1268 1071 1321; x_wconf 88' lang='lat' dir='ltr'><strong>meta</strong></span> <span class='ocrx_word' id='word_1_182' title='bbox 1119 1260 1381 1338; x_wconf 90' lang='lat' dir='ltr'><strong>positum</strong></span> <span class='ocrx_word' id='word_1_183' title='bbox 1420 1269 1541 1338; x_wconf 90' lang='lat' dir='ltr'><strong>est,</strong></span> <span class='ocrx_word' id='word_1_184' title='bbox 1580 1269 1900 1338; x_wconf 85' lang='lat' dir='ltr'><strong>postquam</strong></span> <span class='ocrx_word' id='word_1_185' title='bbox 1938 1258 2390 1323; x_wconf 86' lang='lat' dir='ltr'><strong>benedictiones</strong></span> <span class='ocrx_word' id='word_1_186' title='bbox 2427 1259 2557 1323; x_wconf 84' lang='lat' dir='ltr'><strong>illas</strong></span> <span class='ocrx_word' id='word_1_187' title='bbox 2599 1259 2662 1321; x_wconf 90' lang='lat' dir='ltr'><strong>in</strong></span> <span class='ocrx_word' id='word_1_188' title='bbox 2697 1260 2856 1323; x_wconf 67' lang='lat' dir='ltr'><strong>vitae</strong></span> <span class='ocrx_word' id='word_1_189' title='bbox 2894 1259 3067 1322; x_wconf 88' lang='lat' dir='ltr'><strong>huius</strong></span> <span class='ocrx_word' id='word_1_190' title='bbox 3105 1259 3362 1321; x_wconf 86' lang='lat' dir='ltr'><strong>decursu</strong></span> <span class='ocrx_word' id='word_1_191' title='bbox 3401 1279 3534 1338; x_wconf 76' lang='lat' dir='ltr'><strong>per·</strong></span> 
     </span>
     <span class='ocr_line' id='line_1_16' title="bbox 606 1355 891 1400; baseline 0 0"><span class='ocrx_word' id='word_1_192' title='bbox 606 1359 678 1400; x_wconf 91' lang='lat' dir='ltr'><strong>ce</strong></span> <span class='ocrx_word' id='word_1_193' title='bbox 721 1355 891 1400; x_wconf 75' lang='lat' dir='ltr'><strong>imus.</strong></span> 
     </span>
    </p>

    <p class='ocr_par' dir='ltr' id='par_1_3' title="bbox 604 1359 3536 2061">
     <span class='ocr_line' id='line_1_17' title="bbox 679 1359 3530 1500; baseline 0 -20"><span class='ocrx_word' id='word_1_194' title='bbox 679 1359 917 1481; x_wconf 57' lang='lat' dir='ltr'><strong>{tarum</strong></span> <span class='ocrx_word' id='word_1_195' title='bbox 955 1430 1158 1482; x_wconf 90' lang='lat' dir='ltr'><strong>autum</strong></span> <span class='ocrx_word' id='word_1_196' title='bbox 1197 1417 1684 1482; x_wconf 87' lang='lat' dir='ltr'><strong>benedictionum</strong></span> <span class='ocrx_word' id='word_1_197' title='bbox 1723 1418 2199 1499; x_wconf 89' lang='lat' dir='ltr'><strong>potentissimum</strong></span> <span class='ocrx_word' id='word_1_198' title='bbox 2243 1431 2423 1500; x_wconf 88' lang='lat' dir='ltr'><strong>caput</strong></span> <span class='ocrx_word' id='word_1_199' title='bbox 2459 1420 2613 1482; x_wconf 91' lang='lat' dir='ltr'><strong>inter</strong></span> <span class='ocrx_word' id='word_1_200' title='bbox 2655 1431 2890 1484; x_wconf 87' lang='lat' dir='ltr'><strong>caetera</strong></span> <span class='ocrx_word' id='word_1_201' title='bbox 2926 1419 3074 1481; x_wconf 86' lang='lat' dir='ltr'><strong>illud</strong></span> <span class='ocrx_word' id='word_1_202' title='bbox 3113 1428 3202 1482; x_wconf 91' lang='lat' dir='ltr'><strong>est</strong></span> <span class='ocrx_word' id='word_1_203' title='bbox 3216 1465 3235 1500; x_wconf 95' lang='lat'><strong>,</strong></span> <span class='ocrx_word' id='word_1_204' title='bbox 3274 1419 3444 1497; x_wconf 91' lang='lat' dir='ltr'><strong>quod</strong></span> <span class='ocrx_word' id='word_1_205' title='bbox 3461 1417 3530 1480; x_wconf 88' lang='lat' dir='ltr'><strong>in</strong></span> 
     </span>
     <span class='ocr_line' id='line_1_18' title="bbox 605 1499 3535 1581; baseline -0.001 -19"><span class='ocrx_word' id='word_1_206' title='bbox 605 1501 883 1578; x_wconf 87' lang='lat' dir='ltr'><strong>symbolo</strong></span> <span class='ocrx_word' id='word_1_207' title='bbox 942 1499 1083 1561; x_wconf 88' lang='lat' dir='ltr'><strong>fidei</strong></span> <span class='ocrx_word' id='word_1_208' title='bbox 1139 1509 1379 1562; x_wconf 88' lang='lat' dir='ltr'><strong>nostrae</strong></span> <span class='ocrx_word' id='word_1_209' title='bbox 1436 1517 1576 1561; x_wconf 89' lang='lat' dir='ltr'><strong>cum</strong></span> <span class='ocrx_word' id='word_1_210' title='bbox 1635 1499 1941 1579; x_wconf 87' lang='lat' dir='ltr'><strong>Apostolis</strong></span> <span class='ocrx_word' id='word_1_211' title='bbox 2002 1503 2060 1562; x_wconf 75' lang='grc' dir='ltr'><strong>δι</strong></span> <span class='ocrx_word' id='word_1_212' title='bbox 2119 1501 2336 1562; x_wconf 88' lang='lat' dir='ltr'><strong>sanctis</strong></span> <span class='ocrx_word' id='word_1_213' title='bbox 2397 1501 2675 1564; x_wconf 87' lang='lat' dir='ltr'><strong>omnibus</strong></span> <span class='ocrx_word' id='word_1_214' title='bbox 2713 1502 3092 1581; x_wconf 90' lang='lat' dir='ltr'><strong>profitemur,</strong></span> <span class='ocrx_word' id='word_1_215' title='bbox 3131 1518 3244 1562; x_wconf 91' lang='lat' dir='ltr'><strong>nos</strong></span> <span class='ocrx_word' id='word_1_216' title='bbox 3285 1501 3535 1561; x_wconf 87' lang='lat' dir='ltr'><strong>credere</strong></span> 
     </span>
     <span class='ocr_line' id='line_1_19' title="bbox 604 1579 3532 1661; baseline -0.001 -19"><span class='ocrx_word' id='word_1_217' title='bbox 604 1579 1014 1642; x_wconf 86' lang='lat' dir='ltr'><strong>remissionem</strong></span> <span class='ocrx_word' id='word_1_218' title='bbox 1064 1591 1472 1658; x_wconf 87' lang='lat' dir='ltr'><strong>peccatorum.</strong></span> <span class='ocrx_word' id='word_1_219' title='bbox 1525 1580 1623 1641; x_wconf 87' lang='lat' dir='ltr'><strong>Sic</strong></span> <span class='ocrx_word' id='word_1_220' title='bbox 1664 1580 1824 1642; x_wconf 92' lang='lat' dir='ltr'><strong>enim</strong></span> <span class='ocrx_word' id='word_1_221' title='bbox 1865 1580 2234 1642; x_wconf 84' lang='lat' dir='ltr'><strong>ostendimus</strong></span> <span class='ocrx_word' id='word_1_222' title='bbox 2273 1599 2416 1661; x_wconf 91' lang='lat' dir='ltr'><strong>nos,</strong></span> <span class='ocrx_word' id='word_1_223' title='bbox 2459 1581 2564 1660; x_wconf 90' lang='lat' dir='ltr'><strong>qui</strong></span> <span class='ocrx_word' id='word_1_224' title='bbox 2603 1581 2720 1644; x_wconf 88' lang='lat' dir='ltr'><strong>fide</strong></span> <span class='ocrx_word' id='word_1_225' title='bbox 2760 1580 3063 1643; x_wconf 83' lang='lat' dir='ltr'><strong>Christum</strong></span> <span class='ocrx_word' id='word_1_226' title='bbox 3103 1580 3532 1658; x_wconf 86' lang='lat' dir='ltr'><strong>prehendimus</strong></span> 
     </span>
     <span class='ocr_line' id='line_1_20' title="bbox 606 1659 3530 1740; baseline -0.001 -18"><span class='ocrx_word' id='word_1_227' title='bbox 606 1661 663 1722; x_wconf 75' lang='grc' dir='ltr'><strong>δι</strong></span> <span class='ocrx_word' id='word_1_228' title='bbox 702 1659 982 1722; x_wconf 89' lang='lat' dir='ltr'><strong>iustitiam</strong></span> <span class='ocrx_word' id='word_1_229' title='bbox 1024 1661 1148 1722; x_wconf 89' lang='lat' dir='ltr'><strong>eius</strong></span> <span class='ocrx_word' id='word_1_230' title='bbox 1188 1679 1305 1738; x_wconf 89' lang='lat' dir='ltr'><strong>qua</strong></span> <span class='ocrx_word' id='word_1_231' title='bbox 1359 1660 1653 1724; x_wconf 89' lang='lat' dir='ltr'><strong>iustificati</strong></span> <span class='ocrx_word' id='word_1_232' title='bbox 1692 1679 1895 1723; x_wconf 89' lang='lat' dir='ltr'><strong>sumus</strong></span> <span class='ocrx_word' id='word_1_233' title='bbox 1932 1679 2138 1722; x_wconf 87' lang='lat' dir='ltr'><strong>coram</strong></span> <span class='ocrx_word' id='word_1_234' title='bbox 2177 1663 2341 1740; x_wconf 93' lang='lat' dir='ltr'><strong>De0,</strong></span> <span class='ocrx_word' id='word_1_235' title='bbox 2378 1677 2506 1723; x_wconf 91' lang='lat' dir='ltr'><strong>non</strong></span> <span class='ocrx_word' id='word_1_236' title='bbox 2545 1661 2714 1724; x_wconf 87' lang='lat' dir='ltr'><strong>aliter</strong></span> <span class='ocrx_word' id='word_1_237' title='bbox 2751 1661 2952 1724; x_wconf 83' lang='lat' dir='ltr'><strong>viuere</strong></span> <span class='ocrx_word' id='word_1_238' title='bbox 2982 1660 3047 1722; x_wconf 90' lang='lat' dir='ltr'><strong>in</strong></span> <span class='ocrx_word' id='word_1_239' title='bbox 3066 1660 3324 1732; x_wconf 88' lang='lat' dir='ltr'><strong>Christo,</strong></span> <span class='ocrx_word' id='word_1_240' title='bbox 3347 1663 3530 1739; x_wconf 78' lang='lat' dir='ltr'><strong>quam</strong></span> 
     </span>
     <span class='ocr_line' id='line_1_21' title="bbox 608 1739 3532 1834; baseline -0.001 -32"><span class='ocrx_word' id='word_1_241' title='bbox 608 1739 657 1802; x_wconf 91' lang='lat' dir='ltr'><strong>si</strong></span> <span class='ocrx_word' id='word_1_242' title='bbox 694 1741 871 1801; x_wconf 90' lang='lat' dir='ltr'><strong>nobis</strong></span> <span class='ocrx_word' id='word_1_243' title='bbox 912 1742 1271 1802; x_wconf 88' lang='lat' dir='ltr'><strong>moriamur:</strong></span> <span class='ocrx_word' id='word_1_244' title='bbox 1329 1740 1485 1803; x_wconf 91' lang='lat' dir='ltr'><strong>mori</strong></span> <span class='ocrx_word' id='word_1_245' title='bbox 1522 1751 1720 1802; x_wconf 87' lang='lat' dir='ltr'><strong>autem</strong></span> <span class='ocrx_word' id='word_1_246' title='bbox 1759 1760 1872 1802; x_wconf 90' lang='lat' dir='ltr'><strong>nos</strong></span> <span class='ocrx_word' id='word_1_247' title='bbox 1911 1739 2090 1802; x_wconf 88' lang='lat' dir='ltr'><strong>nobis</strong></span> <span class='ocrx_word' id='word_1_248' title='bbox 2131 1760 2336 1804; x_wconf 87' lang='lat' dir='ltr'><strong>coram</strong></span> <span class='ocrx_word' id='word_1_249' title='bbox 2374 1741 2662 1822; x_wconf 89' lang='lat' dir='ltr'><strong>Domino,</strong></span> <span class='ocrx_word' id='word_1_250' title='bbox 2723 1743 2861 1804; x_wconf 75' lang='lat' dir='ltr'><strong>cum</strong></span> <span class='ocrx_word' id='word_1_251' title='bbox 2903 1752 3218 1834; x_wconf 86' lang='lat' dir='ltr'><strong>peccatum</strong></span> <span class='ocrx_word' id='word_1_252' title='bbox 3257 1750 3532 1802; x_wconf 86' lang='lat' dir='ltr'><strong>nostrum</strong></span> 
     </span>
     <span class='ocr_line' id='line_1_22' title="bbox 606 1819 3536 1901; baseline -0 -19"><span class='ocrx_word' id='word_1_253' title='bbox 606 1821 957 1883; x_wconf 87' lang='lat' dir='ltr'><strong>remissione</strong></span> <span class='ocrx_word' id='word_1_254' title='bbox 994 1823 1299 1901; x_wconf 82' lang='lat' dir='ltr'><strong>aboletur3</strong></span> <span class='ocrx_word' id='word_1_255' title='bbox 1340 1821 1569 1899; x_wconf 87' lang='lat' dir='ltr'><strong>viuere,</strong></span> <span class='ocrx_word' id='word_1_256' title='bbox 1610 1823 1747 1882; x_wconf 75' lang='lat' dir='ltr'><strong>cum</strong></span> <span class='ocrx_word' id='word_1_257' title='bbox 1787 1821 2023 1900; x_wconf 88' lang='lat' dir='ltr'><strong>peccati</strong></span> <span class='ocrx_word' id='word_1_258' title='bbox 2053 1821 2240 1884; x_wconf 89' lang='lat' dir='ltr'><strong>nostri</strong></span> <span class='ocrx_word' id='word_1_259' title='bbox 2275 1823 2416 1884; x_wconf 87' lang='lat' dir='ltr'><strong>loco</strong></span> <span class='ocrx_word' id='word_1_260' title='bbox 2456 1821 2675 1884; x_wconf 88' lang='lat' dir='ltr'><strong>iustitia</strong></span> <span class='ocrx_word' id='word_1_261' title='bbox 2708 1821 2928 1884; x_wconf 82' lang='lat' dir='ltr'><strong>Christi</strong></span> <span class='ocrx_word' id='word_1_262' title='bbox 2963 1819 3220 1883; x_wconf 84' lang='lat' dir='ltr'><strong>viuentis</strong></span> <span class='ocrx_word' id='word_1_263' title='bbox 3256 1819 3320 1881; x_wconf 90' lang='lat' dir='ltr'><strong>in</strong></span> <span class='ocrx_word' id='word_1_264' title='bbox 3357 1820 3536 1882; x_wconf 86' lang='lat' dir='ltr'><strong>nobis</strong></span> 
     </span>
     <span class='ocr_line' id='line_1_23' title="bbox 609 1900 3533 1982; baseline -0 -19"><span class='ocrx_word' id='word_1_265' title='bbox 609 1901 930 1963; x_wconf 84' lang='lat' dir='ltr'><strong>sufficitur:</strong></span> <span class='ocrx_word' id='word_1_266' title='bbox 974 1919 1156 1981; x_wconf 89' lang='lat' dir='ltr'><strong>quam</strong></span> <span class='ocrx_word' id='word_1_267' title='bbox 1195 1901 1473 1963; x_wconf 89' lang='lat' dir='ltr'><strong>iustitiam</strong></span> <span class='ocrx_word' id='word_1_268' title='bbox 1515 1900 1779 1981; x_wconf 88' lang='lat' dir='ltr'><strong>quisquis</strong></span> <span class='ocrx_word' id='word_1_269' title='bbox 1816 1901 2133 1980; x_wconf 88' lang='lat' dir='ltr'><strong>prehendit</strong></span> <span class='ocrx_word' id='word_1_270' title='bbox 2173 1907 2228 1964; x_wconf 74' lang='grc' dir='ltr'><strong>δι</strong></span> <span class='ocrx_word' id='word_1_271' title='bbox 2267 1902 2542 1964; x_wconf 89' lang='lat' dir='ltr'><strong>conscius</strong></span> <span class='ocrx_word' id='word_1_272' title='bbox 2583 1913 2673 1964; x_wconf 92' lang='lat' dir='ltr'><strong>est</strong></span> <span class='ocrx_word' id='word_1_273' title='bbox 2713 1903 2836 1964; x_wconf 88' lang='lat' dir='ltr'><strong>eius</strong></span> <span class='ocrx_word' id='word_1_274' title='bbox 2877 1901 3038 1982; x_wconf 87' lang='lat' dir='ltr'><strong>apud</strong></span> <span class='ocrx_word' id='word_1_275' title='bbox 3077 1919 3142 1963; x_wconf 92' lang='lat' dir='ltr'><strong>se</strong></span> <span class='ocrx_word' id='word_1_276' title='bbox 3181 1919 3290 1980; x_wconf 89' lang='lat' dir='ltr'><strong>per</strong></span> <span class='ocrx_word' id='word_1_277' title='bbox 3329 1901 3533 1982; x_wconf 86' lang='lat' dir='ltr'><strong>fidem,</strong></span> 
     </span>
     <span class='ocr_line' id='line_1_24' title="bbox 606 1981 2024 2061; baseline 0.001 -19"><span class='ocrx_word' id='word_1_278' title='bbox 606 1983 655 2042; x_wconf 88' lang='lat' dir='ltr'><strong>is</strong></span> <span class='ocrx_word' id='word_1_279' title='bbox 702 1981 949 2042; x_wconf 89' lang='lat' dir='ltr'><strong>omnino</strong></span> <span class='ocrx_word' id='word_1_280' title='bbox 988 1981 1168 2042; x_wconf 88' lang='lat' dir='ltr'><strong>vitam</strong></span> <span class='ocrx_word' id='word_1_281' title='bbox 1212 1993 1514 2044; x_wconf 86' lang='lat' dir='ltr'><strong>aeternam</strong></span> <span class='ocrx_word' id='word_1_282' title='bbox 1554 1982 1874 2061; x_wconf 87' lang='lat' dir='ltr'><strong>adepturus</strong></span> <span class='ocrx_word' id='word_1_283' title='bbox 1914 1991 2024 2046; x_wconf 87' lang='lat' dir='ltr'><strong>est.</strong></span> 
     </span>
    </p>

    <p class='ocr_par' dir='ltr' id='par_1_4' title="bbox 602 2057 3536 3268">
     <span class='ocr_line' id='line_1_25' title="bbox 688 2057 3531 2142; baseline 0 -21"><span class='ocrx_word' id='word_1_284' title='bbox 688 2064 771 2122; x_wconf 84' lang='lat' dir='ltr'><strong>At</strong></span> <span class='ocrx_word' id='word_1_285' title='bbox 812 2081 968 2140; x_wconf 88' lang='lat' dir='ltr'><strong>quae</strong></span> <span class='ocrx_word' id='word_1_286' title='bbox 1003 2057 1209 2124; x_wconf 84' lang='lat' dir='ltr'><strong>bona?</strong></span> <span class='ocrx_word' id='word_1_287' title='bbox 1260 2064 1481 2124; x_wconf 88' lang='lat' dir='ltr'><strong>amabo</strong></span> <span class='ocrx_word' id='word_1_288' title='bbox 1534 2081 1671 2138; x_wconf 72' lang='lat' dir='ltr'><strong>vos:</strong></span> <span class='ocrx_word' id='word_1_289' title='bbox 1730 2073 2100 2142; x_wconf 86' lang='lat' dir='ltr'><strong>quantopere</strong></span> <span class='ocrx_word' id='word_1_290' title='bbox 2141 2061 2515 2140; x_wconf 82' lang='lat' dir='ltr'><strong>expetenda?</strong></span> <span class='ocrx_word' id='word_1_291' title='bbox 2565 2061 3058 2124; x_wconf 88' lang='lat' dir='ltr'><strong>Benedictionem</strong></span> <span class='ocrx_word' id='word_1_292' title='bbox 3097 2061 3214 2124; x_wconf 93' lang='lat' dir='ltr'><strong>Dei</strong></span> <span class='ocrx_word' id='word_1_293' title='bbox 3253 2065 3310 2122; x_wconf 78' lang='grc' dir='ltr'><strong>δι</strong></span> <span class='ocrx_word' id='word_1_294' title='bbox 3349 2059 3531 2122; x_wconf 79' lang='lat' dir='ltr'><strong>vitam</strong></span> 
     </span>
     <span class='ocr_line' id='line_1_26' title="bbox 608 2140 3532 2222; baseline -0 -19"><span class='ocrx_word' id='word_1_295' title='bbox 608 2153 931 2204; x_wconf 87' lang='lat' dir='ltr'><strong>aeternam.</strong></span> <span class='ocrx_word' id='word_1_296' title='bbox 970 2141 1311 2204; x_wconf 88' lang='lat' dir='ltr'><strong>benedictio</strong></span> <span class='ocrx_word' id='word_1_297' title='bbox 1352 2143 1513 2204; x_wconf 90' lang='lat' dir='ltr'><strong>enim</strong></span> <span class='ocrx_word' id='word_1_298' title='bbox 1558 2144 1703 2222; x_wconf 92' lang='lat' dir='ltr'><strong>Dei,</strong></span> <span class='ocrx_word' id='word_1_299' title='bbox 1744 2161 1925 2222; x_wconf 90' lang='lat' dir='ltr'><strong>quam</strong></span> <span class='ocrx_word' id='word_1_300' title='bbox 1965 2140 2066 2204; x_wconf 80' lang='lat' dir='ltr'><strong>hic</strong></span> <span class='ocrx_word' id='word_1_301' title='bbox 2093 2143 2392 2222; x_wconf 86' lang='lat' dir='ltr'><strong>Propheta</strong></span> <span class='ocrx_word' id='word_1_302' title='bbox 2431 2142 2610 2205; x_wconf 92' lang='lat' dir='ltr'><strong>docet</strong></span> <span class='ocrx_word' id='word_1_303' title='bbox 2630 2189 2648 2222; x_wconf 93' lang='lat'><strong>,</strong></span> <span class='ocrx_word' id='word_1_304' title='bbox 2685 2162 2812 2204; x_wconf 91' lang='lat' dir='ltr'><strong>non</strong></span> <span class='ocrx_word' id='word_1_305' title='bbox 2852 2143 3000 2205; x_wconf 90' lang='lat' dir='ltr'><strong>leuis</strong></span> <span class='ocrx_word' id='word_1_306' title='bbox 3031 2141 3374 2204; x_wconf 87' lang='lat' dir='ltr'><strong>benedictio</strong></span> <span class='ocrx_word' id='word_1_307' title='bbox 3409 2152 3532 2221; x_wconf 85' lang='lat' dir='ltr'><strong>est,</strong></span> 
     </span>
     <span class='ocr_line' id='line_1_27' title="bbox 604 2221 3525 2302; baseline -0.001 -18"><span class='ocrx_word' id='word_1_308' title='bbox 604 2222 711 2284; x_wconf 91' lang='lat' dir='ltr'><strong>sed</strong></span> <span class='ocrx_word' id='word_1_309' title='bbox 770 2241 979 2284; x_wconf 89' lang='lat' dir='ltr'><strong>omnes</strong></span> <span class='ocrx_word' id='word_1_310' title='bbox 1039 2221 1488 2284; x_wconf 89' lang='lat' dir='ltr'><strong>benedictiones</strong></span> <span class='ocrx_word' id='word_1_311' title='bbox 1550 2241 1706 2302; x_wconf 89' lang='lat' dir='ltr'><strong>quae</strong></span> <span class='ocrx_word' id='word_1_312' title='bbox 1746 2224 1807 2285; x_wconf 89' lang='lat' dir='ltr'><strong>in</strong></span> <span class='ocrx_word' id='word_1_313' title='bbox 1846 2225 2025 2284; x_wconf 90' lang='lat' dir='ltr'><strong>rebus</strong></span> <span class='ocrx_word' id='word_1_314' title='bbox 2065 2222 2276 2284; x_wconf 88' lang='lat' dir='ltr'><strong>creatis</strong></span> <span class='ocrx_word' id='word_1_315' title='bbox 2315 2233 2564 2301; x_wconf 86' lang='lat' dir='ltr'><strong>possunt</strong></span> <span class='ocrx_word' id='word_1_316' title='bbox 2597 2222 2872 2302; x_wconf 79' lang='lat' dir='ltr'><strong>existere,</strong></span> <span class='ocrx_word' id='word_1_317' title='bbox 2913 2223 3162 2284; x_wconf 90' lang='lat' dir='ltr'><strong>omnino</strong></span> <span class='ocrx_word' id='word_1_318' title='bbox 3201 2239 3525 2300; x_wconf 87' lang='lat' dir='ltr'><strong>superans:</strong></span> 
     </span>
     <span class='ocr_line' id='line_1_28' title="bbox 605 2300 3530 2395; baseline 0 -31"><span class='ocrx_word' id='word_1_319' title='bbox 605 2305 899 2381; x_wconf 87' lang='lat' dir='ltr'><strong>Auctore,</strong></span> <span class='ocrx_word' id='word_1_320' title='bbox 938 2321 1079 2364; x_wconf 89' lang='lat' dir='ltr'><strong>nam</strong></span> <span class='ocrx_word' id='word_1_321' title='bbox 1117 2305 1282 2365; x_wconf 90' lang='lat' dir='ltr'><strong>Deus</strong></span> <span class='ocrx_word' id='word_1_322' title='bbox 1322 2315 1529 2364; x_wconf 89' lang='lat' dir='ltr'><strong>auctor</strong></span> <span class='ocrx_word' id='word_1_323' title='bbox 1568 2314 1683 2395; x_wconf 87' lang='lat' dir='ltr'><strong>est,</strong></span> <span class='ocrx_word' id='word_1_324' title='bbox 1722 2306 1779 2366; x_wconf 76' lang='grc' dir='ltr'><strong>δι</strong></span> <span class='ocrx_word' id='word_1_325' title='bbox 1810 2322 1937 2365; x_wconf 88' lang='lat' dir='ltr'><strong>non</strong></span> <span class='ocrx_word' id='word_1_326' title='bbox 1977 2305 2190 2365; x_wconf 89' lang='lat' dir='ltr'><strong>homo:</strong></span> <span class='ocrx_word' id='word_1_327' title='bbox 2232 2303 2604 2382; x_wconf 89' lang='lat' dir='ltr'><strong>Quantitate,</strong></span> <span class='ocrx_word' id='word_1_328' title='bbox 2643 2303 2694 2364; x_wconf 89' lang='lat' dir='ltr'><strong>si</strong></span> <span class='ocrx_word' id='word_1_329' title='bbox 2721 2313 2948 2382; x_wconf 72' lang='lat' dir='ltr'><strong>quaest</strong></span> <span class='ocrx_word' id='word_1_330' title='bbox 2966 2301 3177 2363; x_wconf 73' lang='lat' dir='ltr'><strong>infiniti</strong></span> <span class='ocrx_word' id='word_1_331' title='bbox 3197 2319 3340 2362; x_wconf 91' lang='lat' dir='ltr'><strong>cum</strong></span> <span class='ocrx_word' id='word_1_332' title='bbox 3360 2300 3530 2364; x_wconf 77' lang='lat' dir='ltr'><strong>finito</strong></span> 
     </span>
     <span class='ocr_line' id='line_1_29' title="bbox 602 2381 3534 2464; baseline -0.001 -19"><span class='ocrx_word' id='word_1_333' title='bbox 602 2381 974 2463; x_wconf 88' lang='lat' dir='ltr'><strong>comparatio</strong></span> <span class='ocrx_word' id='word_1_334' title='bbox 995 2429 1014 2464; x_wconf 93' lang='lat'><strong>,</strong></span> <span class='ocrx_word' id='word_1_335' title='bbox 1054 2402 1193 2445; x_wconf 88' lang='lat' dir='ltr'><strong>nam</strong></span> <span class='ocrx_word' id='word_1_336' title='bbox 1234 2383 1428 2445; x_wconf 90' lang='lat' dir='ltr'><strong>omnis</strong></span> <span class='ocrx_word' id='word_1_337' title='bbox 1467 2383 1807 2446; x_wconf 77' lang='lat' dir='ltr'><strong>benedictio</strong></span> <span class='ocrx_word' id='word_1_338' title='bbox 1848 2394 1936 2446; x_wconf 88' lang='lat' dir='ltr'><strong>est</strong></span> <span class='ocrx_word' id='word_1_339' title='bbox 1973 2383 2037 2445; x_wconf 91' lang='lat' dir='ltr'><strong>in</strong></span> <span class='ocrx_word' id='word_1_340' title='bbox 2077 2402 2321 2445; x_wconf 89' lang='lat' dir='ltr'><strong>omnem</strong></span> <span class='ocrx_word' id='word_1_341' title='bbox 2360 2382 2789 2463; x_wconf 90' lang='lat' dir='ltr'><strong>plenitudinem</strong></span> <span class='ocrx_word' id='word_1_342' title='bbox 2809 2429 2828 2461; x_wconf 95' lang='lat'><strong>,</strong></span> <span class='ocrx_word' id='word_1_343' title='bbox 2869 2383 3096 2445; x_wconf 88' lang='lat' dir='ltr'><strong>infinita</strong></span> <span class='ocrx_word' id='word_1_344' title='bbox 3117 2383 3178 2445; x_wconf 91' lang='lat' dir='ltr'><strong>in</strong></span> <span class='ocrx_word' id='word_1_345' title='bbox 3197 2381 3534 2463; x_wconf 83' lang='lat' dir='ltr'><strong>infinitum3</strong></span> 
     </span>
     <span class='ocr_line' id='line_1_30' title="bbox 604 2463 3532 2557; baseline 0 -32"><span class='ocrx_word' id='word_1_346' title='bbox 604 2484 729 2526; x_wconf 90' lang='lat' dir='ltr'><strong>non</strong></span> <span class='ocrx_word' id='word_1_347' title='bbox 770 2474 969 2526; x_wconf 90' lang='lat' dir='ltr'><strong>autem</strong></span> <span class='ocrx_word' id='word_1_348' title='bbox 1008 2466 1159 2526; x_wconf 87' lang='lat' dir='ltr'><strong>haec</strong></span> <span class='ocrx_word' id='word_1_349' title='bbox 1198 2476 1299 2525; x_wconf 89' lang='lat' dir='ltr'><strong>aut</strong></span> <span class='ocrx_word' id='word_1_350' title='bbox 1338 2464 1467 2542; x_wconf 89' lang='lat' dir='ltr'><strong>illa,</strong></span> <span class='ocrx_word' id='word_1_351' title='bbox 1508 2466 1621 2526; x_wconf 88' lang='lat' dir='ltr'><strong>hac</strong></span> <span class='ocrx_word' id='word_1_352' title='bbox 1661 2476 1764 2525; x_wconf 85' lang='lat' dir='ltr'><strong>aut</strong></span> <span class='ocrx_word' id='word_1_353' title='bbox 1801 2466 1902 2526; x_wconf 91' lang='lat' dir='ltr'><strong>illa</strong></span> <span class='ocrx_word' id='word_1_354' title='bbox 1940 2483 2005 2525; x_wconf 91' lang='lat' dir='ltr'><strong>re</strong></span> <span class='ocrx_word' id='word_1_355' title='bbox 2045 2464 2328 2525; x_wconf 85' lang='lat' dir='ltr'><strong>seorsim:</strong></span> <span class='ocrx_word' id='word_1_356' title='bbox 2371 2467 2596 2545; x_wconf 80' lang='lat' dir='ltr'><strong>Mod03</strong></span> <span class='ocrx_word' id='word_1_357' title='bbox 2638 2484 2781 2526; x_wconf 88' lang='lat' dir='ltr'><strong>nam</strong></span> <span class='ocrx_word' id='word_1_358' title='bbox 2816 2463 3128 2557; x_wconf 89' lang='lat' dir='ltr'><strong>spiritualis</strong></span> <span class='ocrx_word' id='word_1_359' title='bbox 3169 2474 3260 2525; x_wconf 89' lang='lat' dir='ltr'><strong>est</strong></span> <span class='ocrx_word' id='word_1_360' title='bbox 3296 2482 3374 2523; x_wconf 86' lang='lat' dir='ltr'><strong>ac</strong></span> <span class='ocrx_word' id='word_1_361' title='bbox 3405 2482 3532 2525; x_wconf 86' lang='lat' dir='ltr'><strong>non</strong></span> 
     </span>
     <span class='ocr_line' id='line_1_31' title="bbox 605 2543 3536 2626; baseline -0.001 -20"><span class='ocrx_word' id='word_1_362' title='bbox 605 2544 931 2624; x_wconf 85' lang='lat' dir='ltr'><strong>corporalis</strong></span> <span class='ocrx_word' id='word_1_363' title='bbox 963 2544 1324 2626; x_wconf 79' lang='lat' dir='ltr'><strong>benedictiO,</strong></span> <span class='ocrx_word' id='word_1_364' title='bbox 1376 2545 1628 2623; x_wconf 91' lang='lat' dir='ltr'><strong>proinde</strong></span> <span class='ocrx_word' id='word_1_365' title='bbox 1666 2556 2122 2607; x_wconf 87' lang='lat' dir='ltr'><strong>momentanea:</strong></span> <span class='ocrx_word' id='word_1_366' title='bbox 2165 2544 2348 2624; x_wconf 86' lang='lat' dir='ltr'><strong>Sede,</strong></span> <span class='ocrx_word' id='word_1_367' title='bbox 2390 2565 2532 2607; x_wconf 88' lang='lat' dir='ltr'><strong>nam</strong></span> <span class='ocrx_word' id='word_1_368' title='bbox 2571 2544 2914 2607; x_wconf 76' lang='lat' dir='ltr'><strong>benedictio</strong></span> <span class='ocrx_word' id='word_1_369' title='bbox 2955 2554 3044 2605; x_wconf 88' lang='lat' dir='ltr'><strong>est</strong></span> <span class='ocrx_word' id='word_1_370' title='bbox 3057 2590 3076 2625; x_wconf 90' lang='lat'><strong>,</strong></span> <span class='ocrx_word' id='word_1_371' title='bbox 3115 2543 3178 2605; x_wconf 91' lang='lat' dir='ltr'><strong>in</strong></span> <span class='ocrx_word' id='word_1_372' title='bbox 3219 2543 3398 2605; x_wconf 87' lang='lat' dir='ltr'><strong>caelis</strong></span> <span class='ocrx_word' id='word_1_373' title='bbox 3439 2562 3536 2603; x_wconf 81' lang='lat' dir='ltr'><strong>ex-</strong></span> 
     </span>
     <span class='ocr_line' id='line_1_32' title="bbox 606 2623 3532 2706; baseline -0.001 -19"><span class='ocrx_word' id='word_1_374' title='bbox 606 2625 946 2706; x_wconf 85' lang='lat' dir='ltr'><strong>celsissima,</strong></span> <span class='ocrx_word' id='word_1_375' title='bbox 982 2644 1108 2686; x_wconf 92' lang='lat' dir='ltr'><strong>non</strong></span> <span class='ocrx_word' id='word_1_376' title='bbox 1142 2632 1340 2687; x_wconf 83' lang='lat' dir='ltr'><strong>autem</strong></span> <span class='ocrx_word' id='word_1_377' title='bbox 1370 2626 1434 2687; x_wconf 89' lang='lat' dir='ltr'><strong>in</strong></span> <span class='ocrx_word' id='word_1_378' title='bbox 1472 2625 1643 2687; x_wconf 91' lang='lat' dir='ltr'><strong>terris</strong></span> <span class='ocrx_word' id='word_1_379' title='bbox 1682 2624 2112 2687; x_wconf 87' lang='lat' dir='ltr'><strong>abiectissima:</strong></span> <span class='ocrx_word' id='word_1_380' title='bbox 2153 2625 2574 2688; x_wconf 88' lang='lat' dir='ltr'><strong>Fundamentis</strong></span> <span class='ocrx_word' id='word_1_381' title='bbox 2615 2624 2998 2705; x_wconf 84' lang='lat' dir='ltr'><strong>materiaque,</strong></span> <span class='ocrx_word' id='word_1_382' title='bbox 3031 2644 3172 2686; x_wconf 87' lang='lat' dir='ltr'><strong>nam</strong></span> <span class='ocrx_word' id='word_1_383' title='bbox 3191 2623 3532 2685; x_wconf 86' lang='lat' dir='ltr'><strong>benedictio</strong></span> 
     </span>
     <span class='ocr_line' id='line_1_33' title="bbox 604 2702 3534 2786; baseline -0.001 -18"><span class='ocrx_word' id='word_1_384' title='bbox 604 2716 692 2768; x_wconf 86' lang='lat' dir='ltr'><strong>est</strong></span> <span class='ocrx_word' id='word_1_385' title='bbox 729 2706 792 2767; x_wconf 90' lang='lat' dir='ltr'><strong>in</strong></span> <span class='ocrx_word' id='word_1_386' title='bbox 814 2705 1071 2783; x_wconf 81' lang='lat' dir='ltr'><strong>Christe,</strong></span> <span class='ocrx_word' id='word_1_387' title='bbox 1102 2725 1226 2767; x_wconf 89' lang='lat' dir='ltr'><strong>non</strong></span> <span class='ocrx_word' id='word_1_388' title='bbox 1260 2718 1459 2769; x_wconf 89' lang='lat' dir='ltr'><strong>autem</strong></span> <span class='ocrx_word' id='word_1_389' title='bbox 1498 2706 1559 2766; x_wconf 89' lang='lat' dir='ltr'><strong>in</strong></span> <span class='ocrx_word' id='word_1_390' title='bbox 1598 2706 1775 2767; x_wconf 87' lang='lat' dir='ltr'><strong>nobis</strong></span> <span class='ocrx_word' id='word_1_391' title='bbox 1814 2708 1853 2767; x_wconf 74' lang='lat' dir='ltr'><strong>a</strong></span> <span class='ocrx_word' id='word_1_392' title='bbox 1901 2708 2037 2766; x_wconf 89' lang='lat' dir='ltr'><strong>Deo</strong></span> <span class='ocrx_word' id='word_1_393' title='bbox 2078 2705 2376 2786; x_wconf 91' lang='lat' dir='ltr'><strong>deposita,</strong></span> <span class='ocrx_word' id='word_1_394' title='bbox 2417 2716 2480 2767; x_wconf 90' lang='lat' dir='ltr'><strong>vt</strong></span> <span class='ocrx_word' id='word_1_395' title='bbox 2519 2709 2684 2767; x_wconf 78' lang='lat' dir='ltr'><strong>certe</strong></span> <span class='ocrx_word' id='word_1_396' title='bbox 2725 2705 2980 2768; x_wconf 89' lang='lat' dir='ltr'><strong>sciamus</strong></span> <span class='ocrx_word' id='word_1_397' title='bbox 3021 2705 3324 2766; x_wconf 89' lang='lat' dir='ltr'><strong>neminem</strong></span> <span class='ocrx_word' id='word_1_398' title='bbox 3367 2704 3445 2765; x_wconf 90' lang='lat' dir='ltr'><strong>de</strong></span> <span class='ocrx_word' id='word_1_399' title='bbox 3463 2702 3534 2765; x_wconf 89' lang='lat' dir='ltr'><strong>iis</strong></span> 
     </span>
     <span class='ocr_line' id='line_1_34' title="bbox 606 2783 3534 2866; baseline -0.001 -19"><span class='ocrx_word' id='word_1_400' title='bbox 606 2804 761 2866; x_wconf 92' lang='lat' dir='ltr'><strong>quos</strong></span> <span class='ocrx_word' id='word_1_401' title='bbox 800 2788 973 2848; x_wconf 88' lang='lat' dir='ltr'><strong>Pater</strong></span> <span class='ocrx_word' id='word_1_402' title='bbox 1013 2786 1245 2847; x_wconf 89' lang='lat' dir='ltr'><strong>dederit</strong></span> <span class='ocrx_word' id='word_1_403' title='bbox 1290 2786 1351 2846; x_wconf 91' lang='lat' dir='ltr'><strong>in</strong></span> <span class='ocrx_word' id='word_1_404' title='bbox 1390 2806 1634 2848; x_wconf 88' lang='lat' dir='ltr'><strong>manum</strong></span> <span class='ocrx_word' id='word_1_405' title='bbox 1672 2784 1825 2847; x_wconf 91' lang='lat' dir='ltr'><strong>illius</strong></span> <span class='ocrx_word' id='word_1_406' title='bbox 1843 2833 1859 2863; x_wconf 93' lang='lat'><strong>,</strong></span> <span class='ocrx_word' id='word_1_407' title='bbox 1900 2784 2254 2866; x_wconf 89' lang='lat' dir='ltr'><strong>periturum,</strong></span> <span class='ocrx_word' id='word_1_408' title='bbox 2287 2789 2456 2849; x_wconf 87' lang='lat' dir='ltr'><strong>Ioan.</strong></span> <span class='ocrx_word' id='word_1_409' title='bbox 2495 2806 2586 2848; x_wconf 83' lang='grc' dir='ltr'><strong>ιο.</strong></span> <span class='ocrx_word' id='word_1_410' title='bbox 2631 2790 2725 2847; x_wconf 89' lang='lat'><strong>28.</strong></span> <span class='ocrx_word' id='word_1_411' title='bbox 2767 2803 2922 2865; x_wconf 92' lang='lat' dir='ltr'><strong>quae</strong></span> <span class='ocrx_word' id='word_1_412' title='bbox 2943 2784 3146 2847; x_wconf 88' lang='lat' dir='ltr'><strong>omnia</strong></span> <span class='ocrx_word' id='word_1_413' title='bbox 3167 2783 3534 2847; x_wconf 78' lang='lat' dir='ltr'><strong>sanctissime</strong></span> 
     </span>
     <span class='ocr_line' id='line_1_35' title="bbox 606 2865 3536 2946; baseline -0.001 -17"><span class='ocrx_word' id='word_1_414' title='bbox 606 2868 802 2929; x_wconf 88' lang='lat' dir='ltr'><strong>verbis</strong></span> <span class='ocrx_word' id='word_1_415' title='bbox 852 2865 1215 2946; x_wconf 83' lang='lat' dir='ltr'><strong>paucissimis</strong></span> <span class='ocrx_word' id='word_1_416' title='bbox 1277 2868 1605 2945; x_wconf 88' lang='lat' dir='ltr'><strong>Apostolus</strong></span> <span class='ocrx_word' id='word_1_417' title='bbox 1666 2867 2014 2945; x_wconf 83' lang='lat' dir='ltr'><strong>complexus</strong></span> <span class='ocrx_word' id='word_1_418' title='bbox 2075 2877 2192 2939; x_wconf 89' lang='lat' dir='ltr'><strong>est,</strong></span> <span class='ocrx_word' id='word_1_419' title='bbox 2253 2869 2393 2927; x_wconf 75' lang='lat' dir='ltr'><strong>cum</strong></span> <span class='ocrx_word' id='word_1_420' title='bbox 2435 2867 2514 2927; x_wconf 88' lang='lat' dir='ltr'><strong>ad</strong></span> <span class='ocrx_word' id='word_1_421' title='bbox 2555 2866 2848 2945; x_wconf 87' lang='lat' dir='ltr'><strong>Ephesios</strong></span> <span class='ocrx_word' id='word_1_422' title='bbox 2879 2866 3168 2927; x_wconf 76' lang='lat' dir='ltr'><strong>scriberet</strong></span> <span class='ocrx_word' id='word_1_423' title='bbox 3205 2885 3260 2928; x_wconf 91' lang='lat' dir='ltr'><strong>c.</strong></span> <span class='ocrx_word' id='word_1_424' title='bbox 3308 2886 3361 2927; x_wconf 89' lang='lat'><strong>1.</strong></span> <span class='ocrx_word' id='word_1_425' title='bbox 3401 2866 3536 2926; x_wconf 84' lang='lat' dir='ltr'><strong>Hac</strong></span> 
     </span>
     <span class='ocr_line' id='line_1_36' title="bbox 607 2944 3531 3025; baseline -0.002 -14"><span class='ocrx_word' id='word_1_426' title='bbox 607 2945 1025 3011; x_wconf 88' lang='lat' dir='ltr'><strong>benedictione</strong></span> <span class='ocrx_word' id='word_1_427' title='bbox 1076 2946 1139 3007; x_wconf 92' lang='lat' dir='ltr'><strong>in</strong></span> <span class='ocrx_word' id='word_1_428' title='bbox 1200 2944 1382 3009; x_wconf 88' lang='lat' dir='ltr'><strong>vitam</strong></span> <span class='ocrx_word' id='word_1_429' title='bbox 1420 2946 1582 3008; x_wconf 89' lang='lat' dir='ltr'><strong>illam</strong></span> <span class='ocrx_word' id='word_1_430' title='bbox 1620 2958 1922 3008; x_wconf 87' lang='lat' dir='ltr'><strong>aeternam</strong></span> <span class='ocrx_word' id='word_1_431' title='bbox 1955 2946 2341 3025; x_wconf 85' lang='lat' dir='ltr'><strong>perducimur</strong></span> <span class='ocrx_word' id='word_1_432' title='bbox 2379 2946 2610 3009; x_wconf 86' lang='lat' dir='ltr'><strong>infinite</strong></span> <span class='ocrx_word' id='word_1_433' title='bbox 2648 2948 2816 3009; x_wconf 93' lang='lat' dir='ltr'><strong>bono</strong></span> <span class='ocrx_word' id='word_1_434' title='bbox 2857 2948 2914 3008; x_wconf 72' lang='grc' dir='ltr'><strong>δε</strong></span> <span class='ocrx_word' id='word_1_435' title='bbox 2962 2945 3322 3008; x_wconf 86' lang='lat' dir='ltr'><strong>amoenitate</strong></span> <span class='ocrx_word' id='word_1_436' title='bbox 3363 2964 3531 3023; x_wconf 87' lang='lat' dir='ltr'><strong>prae-</strong></span> 
     </span>
     <span class='ocr_line' id='line_1_37' title="bbox 608 3025 3531 3106; baseline -0.001 -16"><span class='ocrx_word' id='word_1_437' title='bbox 608 3027 795 3091; x_wconf 89' lang='lat' dir='ltr'><strong>ditam</strong></span> <span class='ocrx_word' id='word_1_438' title='bbox 854 3025 1329 3089; x_wconf 87' lang='lat' dir='ltr'><strong>constantissime</strong></span> <span class='ocrx_word' id='word_1_439' title='bbox 1345 3071 1362 3106; x_wconf 89' lang='lat'><strong>,</strong></span> <span class='ocrx_word' id='word_1_440' title='bbox 1403 3030 1460 3089; x_wconf 74' lang='lat'><strong>81</strong></span> <span class='ocrx_word' id='word_1_441' title='bbox 1496 3026 1687 3106; x_wconf 87' lang='lat' dir='ltr'><strong>gloria</strong></span> <span class='ocrx_word' id='word_1_442' title='bbox 1731 3025 2086 3088; x_wconf 84' lang='lat' dir='ltr'><strong>immutabili</strong></span> <span class='ocrx_word' id='word_1_443' title='bbox 2125 3026 2186 3087; x_wconf 88' lang='lat' dir='ltr'><strong>in</strong></span> <span class='ocrx_word' id='word_1_444' title='bbox 2227 3027 2466 3089; x_wconf 89' lang='lat' dir='ltr'><strong>Christo</strong></span> <span class='ocrx_word' id='word_1_445' title='bbox 2505 3030 2678 3089; x_wconf 91' lang='lat' dir='ltr'><strong>Iesu:</strong></span> <span class='ocrx_word' id='word_1_446' title='bbox 2734 3026 2906 3088; x_wconf 91' lang='lat' dir='ltr'><strong>cuius</strong></span> <span class='ocrx_word' id='word_1_447' title='bbox 2945 3026 3201 3088; x_wconf 88' lang='lat' dir='ltr'><strong>infinitas</strong></span> <span class='ocrx_word' id='word_1_448' title='bbox 3240 3026 3326 3087; x_wconf 91' lang='lat' dir='ltr'><strong>sic</strong></span> <span class='ocrx_word' id='word_1_449' title='bbox 3365 3044 3531 3104; x_wconf 88' lang='lat' dir='ltr'><strong>prae-</strong></span> 
     </span>
     <span class='ocr_line' id='line_1_38' title="bbox 606 3106 3534 3188; baseline -0.002 -17"><span class='ocrx_word' id='word_1_450' title='bbox 606 3108 787 3171; x_wconf 89' lang='lat' dir='ltr'><strong>currit</strong></span> <span class='ocrx_word' id='word_1_451' title='bbox 818 3118 1047 3169; x_wconf 90' lang='lat' dir='ltr'><strong>mentes</strong></span> <span class='ocrx_word' id='word_1_452' title='bbox 1092 3117 1342 3187; x_wconf 79' lang='lat' dir='ltr'><strong>nostraS,</strong></span> <span class='ocrx_word' id='word_1_453' title='bbox 1392 3118 1458 3169; x_wconf 89' lang='lat' dir='ltr'><strong>vt</strong></span> <span class='ocrx_word' id='word_1_454' title='bbox 1494 3106 1596 3169; x_wconf 77' lang='lat' dir='ltr'><strong>hic</strong></span> <span class='ocrx_word' id='word_1_455' title='bbox 1635 3126 1759 3169; x_wconf 88' lang='lat' dir='ltr'><strong>non</strong></span> <span class='ocrx_word' id='word_1_456' title='bbox 1799 3106 1989 3185; x_wconf 89' lang='lat' dir='ltr'><strong>possit</strong></span> <span class='ocrx_word' id='word_1_457' title='bbox 2027 3107 2496 3187; x_wconf 86' lang='lat' dir='ltr'><strong>comprehendi:</strong></span> <span class='ocrx_word' id='word_1_458' title='bbox 2537 3106 2622 3169; x_wconf 87' lang='lat' dir='ltr'><strong>sic</strong></span> <span class='ocrx_word' id='word_1_459' title='bbox 2655 3106 2838 3188; x_wconf 91' lang='lat' dir='ltr'><strong>rapit,</strong></span> <span class='ocrx_word' id='word_1_460' title='bbox 2879 3118 2944 3169; x_wconf 79' lang='lat' dir='ltr'><strong>vt</strong></span> <span class='ocrx_word' id='word_1_461' title='bbox 2987 3106 3108 3167; x_wconf 93' lang='lat' dir='ltr'><strong>illic</strong></span> <span class='ocrx_word' id='word_1_462' title='bbox 3145 3107 3534 3185; x_wconf 86' lang='lat' dir='ltr'><strong>comprehen-</strong></span> 
     </span>
     <span class='ocr_line' id='line_1_39' title="bbox 607 3186 2038 3268; baseline -0.002 -16"><span class='ocrx_word' id='word_1_463' title='bbox 607 3186 804 3253; x_wconf 87' lang='lat' dir='ltr'><strong>denda</strong></span> <span class='ocrx_word' id='word_1_464' title='bbox 843 3187 947 3268; x_wconf 89' lang='lat' dir='ltr'><strong>sit,</strong></span> <span class='ocrx_word' id='word_1_465' title='bbox 988 3186 1091 3250; x_wconf 84' lang='lat' dir='ltr'><strong>vbi</strong></span> <span class='ocrx_word' id='word_1_466' title='bbox 1130 3189 1637 3267; x_wconf 87' lang='lat' dir='ltr'><strong>comprehendere</strong></span> <span class='ocrx_word' id='word_1_467' title='bbox 1676 3188 1897 3250; x_wconf 88' lang='lat' dir='ltr'><strong>habere</strong></span> <span class='ocrx_word' id='word_1_468' title='bbox 1934 3198 2038 3249; x_wconf 71' lang='lat' dir='ltr'><strong>est.</strong></span> 
     </span>
    </p>

    <p class='ocr_par' dir='ltr' id='par_1_5' title="bbox 603 3264 3536 4053">
     <span class='ocr_line' id='line_1_40' title="bbox 687 3264 3532 3349; baseline -0.001 -19"><span class='ocrx_word' id='word_1_469' title='bbox 687 3269 1068 3347; x_wconf 88' lang='lat' dir='ltr'><strong>Quapropter</strong></span> <span class='ocrx_word' id='word_1_470' title='bbox 1107 3278 1343 3347; x_wconf 90' lang='lat' dir='ltr'><strong>tempus</strong></span> <span class='ocrx_word' id='word_1_471' title='bbox 1384 3278 1506 3349; x_wconf 87' lang='lat' dir='ltr'><strong>est,</strong></span> <span class='ocrx_word' id='word_1_472' title='bbox 1545 3279 1609 3329; x_wconf 81' lang='lat' dir='ltr'><strong>vt</strong></span> <span class='ocrx_word' id='word_1_473' title='bbox 1648 3268 1767 3331; x_wconf 89' lang='lat' dir='ltr'><strong>iam</strong></span> <span class='ocrx_word' id='word_1_474' title='bbox 1804 3270 1843 3329; x_wconf 76' lang='lat' dir='ltr'><strong>a</strong></span> <span class='ocrx_word' id='word_1_475' title='bbox 1882 3286 2099 3330; x_wconf 90' lang='lat' dir='ltr'><strong>somno</strong></span> <span class='ocrx_word' id='word_1_476' title='bbox 2140 3266 2654 3347; x_wconf 84' lang='lat' dir='ltr'><strong>expergiscamur,</strong></span> <span class='ocrx_word' id='word_1_477' title='bbox 2694 3269 2751 3329; x_wconf 84' lang='lat'>&amp;</span> <span class='ocrx_word' id='word_1_478' title='bbox 2809 3269 2888 3329; x_wconf 90' lang='lat' dir='ltr'><strong>ab</strong></span> <span class='ocrx_word' id='word_1_479' title='bbox 2918 3268 3202 3330; x_wconf 88' lang='lat' dir='ltr'><strong>omnibus</strong></span> <span class='ocrx_word' id='word_1_480' title='bbox 3241 3264 3355 3326; x_wconf 86' lang='lat' dir='ltr'><strong>illis</strong></span> <span class='ocrx_word' id='word_1_481' title='bbox 3396 3283 3532 3327; x_wconf 87' lang='lat' dir='ltr'><strong>auo-</strong></span> 
     </span>
     <span class='ocr_line' id='line_1_41' title="bbox 608 3346 3534 3429; baseline -0.001 -19"><span class='ocrx_word' id='word_1_482' title='bbox 608 3348 895 3410; x_wconf 87' lang='lat' dir='ltr'><strong>camentis</strong></span> <span class='ocrx_word' id='word_1_483' title='bbox 934 3347 1129 3410; x_wconf 88' lang='lat' dir='ltr'><strong>carnis</strong></span> <span class='ocrx_word' id='word_1_484' title='bbox 1169 3358 1348 3427; x_wconf 90' lang='lat' dir='ltr'><strong>atque</strong></span> <span class='ocrx_word' id='word_1_485' title='bbox 1388 3347 1824 3429; x_wconf 88' lang='lat' dir='ltr'><strong>impedimentis</strong></span> <span class='ocrx_word' id='word_1_486' title='bbox 1864 3347 2006 3409; x_wconf 85' lang='lat' dir='ltr'><strong>foris</strong></span> <span class='ocrx_word' id='word_1_487' title='bbox 2039 3346 2496 3411; x_wconf 89' lang='lat' dir='ltr'><strong>obuenientibus</strong></span> <span class='ocrx_word' id='word_1_488' title='bbox 2527 3348 2759 3411; x_wconf 91' lang='lat' dir='ltr'><strong>animos</strong></span> <span class='ocrx_word' id='word_1_489' title='bbox 2799 3358 3043 3409; x_wconf 90' lang='lat' dir='ltr'><strong>nostros</strong></span> <span class='ocrx_word' id='word_1_490' title='bbox 3068 3350 3126 3409; x_wconf 74' lang='grc' dir='ltr'><strong>δι</strong></span> <span class='ocrx_word' id='word_1_491' title='bbox 3145 3346 3534 3425; x_wconf 73' lang='lat' dir='ltr'><strong>cogitationes</strong></span> 
     </span>
     <span class='ocr_line' id='line_1_42' title="bbox 606 3426 3532 3507; baseline -0.001 -18"><span class='ocrx_word' id='word_1_492' title='bbox 606 3429 975 3491; x_wconf 87' lang='lat' dir='ltr'><strong>abducamus</strong></span> <span class='ocrx_word' id='word_1_493' title='bbox 997 3474 1015 3507; x_wconf 90' lang='lat'><strong>,</strong></span> <span class='ocrx_word' id='word_1_494' title='bbox 1072 3438 1138 3489; x_wconf 88' lang='lat' dir='ltr'><strong>vt</strong></span> <span class='ocrx_word' id='word_1_495' title='bbox 1196 3429 1306 3490; x_wconf 92' lang='lat' dir='ltr'><strong>toti</strong></span> <span class='ocrx_word' id='word_1_496' title='bbox 1366 3428 1429 3489; x_wconf 92' lang='lat' dir='ltr'><strong>in</strong></span> <span class='ocrx_word' id='word_1_497' title='bbox 1488 3430 1743 3491; x_wconf 91' lang='lat' dir='ltr'><strong>colenda</strong></span> <span class='ocrx_word' id='word_1_498' title='bbox 1791 3429 1908 3490; x_wconf 87' lang='lat' dir='ltr'><strong>hac</strong></span> <span class='ocrx_word' id='word_1_499' title='bbox 1946 3440 2286 3490; x_wconf 88' lang='lat' dir='ltr'><strong>sanctorum</strong></span> <span class='ocrx_word' id='word_1_500' title='bbox 2327 3428 2752 3491; x_wconf 90' lang='lat' dir='ltr'><strong>communione</strong></span> <span class='ocrx_word' id='word_1_501' title='bbox 2791 3431 2856 3506; x_wconf 86' lang='lat' dir='ltr'><strong>(f.</strong></span> <span class='ocrx_word' id='word_1_502' title='bbox 2885 3430 3027 3503; x_wconf 83' lang='lat'><strong>760)</strong></span> <span class='ocrx_word' id='word_1_503' title='bbox 3069 3443 3436 3506; x_wconf 88' lang='lat' dir='ltr'><strong>occupemur</strong></span> <span class='ocrx_word' id='word_1_504' title='bbox 3471 3426 3532 3487; x_wconf 91' lang='lat' dir='ltr'><strong>in</strong></span> 
     </span>
     <span class='ocr_line' id='line_1_43' title="bbox 605 3507 3534 3588; baseline -0.001 -18"><span class='ocrx_word' id='word_1_505' title='bbox 605 3508 845 3571; x_wconf 87' lang='lat' dir='ltr'><strong>Christo</strong></span> <span class='ocrx_word' id='word_1_506' title='bbox 886 3510 943 3569; x_wconf 74' lang='grc' dir='ltr'><strong>δι</strong></span> <span class='ocrx_word' id='word_1_507' title='bbox 984 3509 1047 3571; x_wconf 92' lang='lat' dir='ltr'><strong>in</strong></span> <span class='ocrx_word' id='word_1_508' title='bbox 1080 3507 1349 3570; x_wconf 84' lang='lat' dir='ltr'><strong>Ecclesia</strong></span> <span class='ocrx_word' id='word_1_509' title='bbox 1362 3556 1380 3587; x_wconf 96' lang='lat'><strong>,</strong></span> <span class='ocrx_word' id='word_1_510' title='bbox 1419 3508 1516 3587; x_wconf 88' lang='lat' dir='ltr'><strong>alij</strong></span> <span class='ocrx_word' id='word_1_511' title='bbox 1557 3508 1683 3571; x_wconf 87' lang='lat' dir='ltr'><strong>aliis</strong></span> <span class='ocrx_word' id='word_1_512' title='bbox 1724 3510 1879 3571; x_wconf 90' lang='lat' dir='ltr'><strong>bene</strong></span> <span class='ocrx_word' id='word_1_513' title='bbox 1919 3508 2200 3570; x_wconf 88' lang='lat' dir='ltr'><strong>facientes</strong></span> <span class='ocrx_word' id='word_1_514' title='bbox 2222 3554 2241 3588; x_wconf 91' lang='lat'><strong>,</strong></span> <span class='ocrx_word' id='word_1_515' title='bbox 2279 3510 2436 3571; x_wconf 90' lang='lat' dir='ltr'><strong>bene</strong></span> <span class='ocrx_word' id='word_1_516' title='bbox 2474 3508 2822 3587; x_wconf 80' lang='lat' dir='ltr'><strong>indicanteS,</strong></span> <span class='ocrx_word' id='word_1_517' title='bbox 2842 3511 3001 3570; x_wconf 90' lang='lat' dir='ltr'><strong>bene</strong></span> <span class='ocrx_word' id='word_1_518' title='bbox 3019 3518 3346 3586; x_wconf 86' lang='lat' dir='ltr'><strong>sperantes,</strong></span> <span class='ocrx_word' id='word_1_519' title='bbox 3377 3507 3534 3567; x_wconf 91' lang='lat' dir='ltr'><strong>bene</strong></span> 
     </span>
     <span class='ocr_line' id='line_1_44' title="bbox 603 3587 3536 3669; baseline -0.001 -19"><span class='ocrx_word' id='word_1_520' title='bbox 603 3588 938 3669; x_wconf 90' lang='lat' dir='ltr'><strong>cupientes,</strong></span> <span class='ocrx_word' id='word_1_521' title='bbox 978 3592 1035 3651; x_wconf 87' lang='lat'>&amp;</span> <span class='ocrx_word' id='word_1_522' title='bbox 1075 3589 1155 3651; x_wconf 89' lang='lat' dir='ltr'><strong>ad</strong></span> <span class='ocrx_word' id='word_1_523' title='bbox 1196 3606 1439 3651; x_wconf 88' lang='lat' dir='ltr'><strong>omnem</strong></span> <span class='ocrx_word' id='word_1_524' title='bbox 1479 3592 1779 3651; x_wconf 90' lang='lat' dir='ltr'><strong>bonorum</strong></span> <span class='ocrx_word' id='word_1_525' title='bbox 1821 3607 1973 3668; x_wconf 90' lang='lat' dir='ltr'><strong>quae</strong></span> <span class='ocrx_word' id='word_1_526' title='bbox 1993 3592 2030 3649; x_wconf 78' lang='lat' dir='ltr'><strong>a</strong></span> <span class='ocrx_word' id='word_1_527' title='bbox 2049 3590 2184 3649; x_wconf 86' lang='lat' dir='ltr'><strong>Deo</strong></span> <span class='ocrx_word' id='word_1_528' title='bbox 2205 3590 2564 3668; x_wconf 80' lang='lat' dir='ltr'><strong>accepimuS,</strong></span> <span class='ocrx_word' id='word_1_529' title='bbox 2585 3587 3190 3650; x_wconf 88' lang='lat' dir='ltr'><strong>communicationem</strong></span> <span class='ocrx_word' id='word_1_530' title='bbox 3211 3587 3536 3648; x_wconf 78' lang='lat' dir='ltr'><strong>secundum</strong></span> 
     </span>
     <span class='ocr_line' id='line_1_45' title="bbox 604 3666 3536 3749; baseline -0.001 -18"><span class='ocrx_word' id='word_1_531' title='bbox 604 3672 800 3731; x_wconf 90' lang='lat' dir='ltr'><strong>Deum</strong></span> <span class='ocrx_word' id='word_1_532' title='bbox 834 3671 1283 3733; x_wconf 86' lang='lat' dir='ltr'><strong>contendentes.</strong></span> <span class='ocrx_word' id='word_1_533' title='bbox 1335 3671 1480 3732; x_wconf 88' lang='lat' dir='ltr'><strong>Hoc</strong></span> <span class='ocrx_word' id='word_1_534' title='bbox 1518 3672 1684 3731; x_wconf 90' lang='lat' dir='ltr'><strong>Deus</strong></span> <span class='ocrx_word' id='word_1_535' title='bbox 1724 3688 1957 3749; x_wconf 90' lang='lat' dir='ltr'><strong>semper</strong></span> <span class='ocrx_word' id='word_1_536' title='bbox 1995 3670 2300 3731; x_wconf 87' lang='lat' dir='ltr'><strong>beneficus</strong></span> <span class='ocrx_word' id='word_1_537' title='bbox 2337 3689 2478 3749; x_wconf 85' lang='lat' dir='ltr'><strong>erga</strong></span> <span class='ocrx_word' id='word_1_538' title='bbox 2516 3688 2628 3730; x_wconf 87' lang='lat' dir='ltr'><strong>nos</strong></span> <span class='ocrx_word' id='word_1_539' title='bbox 2662 3671 2821 3730; x_wconf 85' lang='lat' dir='ltr'><strong>facto</strong></span> <span class='ocrx_word' id='word_1_540' title='bbox 2843 3670 3040 3747; x_wconf 91' lang='lat' dir='ltr'><strong>docet,</strong></span> <span class='ocrx_word' id='word_1_541' title='bbox 3061 3686 3336 3729; x_wconf 90' lang='lat' dir='ltr'><strong>sermone</strong></span> <span class='ocrx_word' id='word_1_542' title='bbox 3351 3666 3536 3745; x_wconf 88' lang='lat' dir='ltr'><strong>iubet,</strong></span> 
     </span>
     <span class='ocr_line' id='line_1_46' title="bbox 606 3746 3533 3830; baseline -0.001 -20"><span class='ocrx_word' id='word_1_543' title='bbox 606 3748 813 3829; x_wconf 88' lang='lat' dir='ltr'><strong>spiritu</strong></span> <span class='ocrx_word' id='word_1_544' title='bbox 854 3750 1066 3811; x_wconf 84' lang='lat' dir='ltr'><strong>efficit:</strong></span> <span class='ocrx_word' id='word_1_545' title='bbox 1106 3748 1289 3811; x_wconf 85' lang='lat' dir='ltr'><strong>efficit</strong></span> <span class='ocrx_word' id='word_1_546' title='bbox 1330 3762 1530 3812; x_wconf 90' lang='lat' dir='ltr'><strong>autem</strong></span> <span class='ocrx_word' id='word_1_547' title='bbox 1568 3750 1632 3811; x_wconf 94' lang='lat' dir='ltr'><strong>in</strong></span> <span class='ocrx_word' id='word_1_548' title='bbox 1667 3750 2092 3811; x_wconf 89' lang='lat' dir='ltr'><strong>communione</strong></span> <span class='ocrx_word' id='word_1_549' title='bbox 2131 3762 2506 3830; x_wconf 90' lang='lat' dir='ltr'><strong>sanctorum,</strong></span> <span class='ocrx_word' id='word_1_550' title='bbox 2545 3750 2624 3811; x_wconf 88' lang='lat' dir='ltr'><strong>ad</strong></span> <span class='ocrx_word' id='word_1_551' title='bbox 2667 3766 2848 3827; x_wconf 89' lang='lat' dir='ltr'><strong>quam</strong></span> <span class='ocrx_word' id='word_1_552' title='bbox 2887 3746 3089 3810; x_wconf 90' lang='lat' dir='ltr'><strong>vocati</strong></span> <span class='ocrx_word' id='word_1_553' title='bbox 3127 3764 3350 3809; x_wconf 89' lang='lat' dir='ltr'><strong>sumus.</strong></span> <span class='ocrx_word' id='word_1_554' title='bbox 3369 3746 3533 3807; x_wconf 88' lang='lat' dir='ltr'><strong>Huic</strong></span> 
     </span>
     <span class='ocr_line' id='line_1_47' title="bbox 607 3826 3534 3909; baseline -0.001 -18"><span class='ocrx_word' id='word_1_555' title='bbox 607 3829 1015 3893; x_wconf 88' lang='lat' dir='ltr'><strong>communioni</strong></span> <span class='ocrx_word' id='word_1_556' title='bbox 1056 3830 1537 3893; x_wconf 89' lang='lat' dir='ltr'><strong>benedictionem</strong></span> <span class='ocrx_word' id='word_1_557' title='bbox 1576 3848 1772 3909; x_wconf 90' lang='lat' dir='ltr'><strong>suam,</strong></span> <span class='ocrx_word' id='word_1_558' title='bbox 1812 3828 2116 3907; x_wconf 78' lang='lat' dir='ltr'><strong>uitamque</strong></span> <span class='ocrx_word' id='word_1_559' title='bbox 2155 3840 2456 3893; x_wconf 89' lang='lat' dir='ltr'><strong>aeternam</strong></span> <span class='ocrx_word' id='word_1_560' title='bbox 2477 3828 2728 3891; x_wconf 89' lang='lat' dir='ltr'><strong>consilio</strong></span> <span class='ocrx_word' id='word_1_561' title='bbox 2753 3828 3018 3908; x_wconf 90' lang='lat' dir='ltr'><strong>instituit,</strong></span> <span class='ocrx_word' id='word_1_562' title='bbox 3038 3826 3305 3906; x_wconf 90' lang='lat' dir='ltr'><strong>promisit</strong></span> <span class='ocrx_word' id='word_1_563' title='bbox 3322 3828 3534 3905; x_wconf 69' lang='lat' dir='ltr'><strong>ver-bn,</strong></span> 
     </span>
     <span class='ocr_line' id='line_1_48' title="bbox 606 3908 3528 3993; baseline -0 -23"><span class='ocrx_word' id='word_1_564' title='bbox 606 3922 863 3990; x_wconf 67' lang='lat' dir='ltr'><strong>praestat</strong></span> <span class='ocrx_word' id='word_1_565' title='bbox 914 3930 1130 3993; x_wconf 81' lang='lat' dir='ltr'><strong>opere3</strong></span> <span class='ocrx_word' id='word_1_566' title='bbox 1184 3912 1240 3971; x_wconf 85' lang='lat'>&amp;</span> <span class='ocrx_word' id='word_1_567' title='bbox 1290 3910 1352 3972; x_wconf 91' lang='lat' dir='ltr'><strong>in</strong></span> <span class='ocrx_word' id='word_1_568' title='bbox 1402 3910 1843 3989; x_wconf 85' lang='lat' dir='ltr'><strong>exoptatissimo</strong></span> <span class='ocrx_word' id='word_1_569' title='bbox 1896 3910 2002 3971; x_wconf 72' lang='lat' dir='ltr'><strong>ino</strong></span> <span class='ocrx_word' id='word_1_570' title='bbox 2057 3909 2156 3972; x_wconf 91' lang='lat' dir='ltr'><strong>die</strong></span> <span class='ocrx_word' id='word_1_571' title='bbox 2204 3910 2448 3972; x_wconf 90' lang='lat' dir='ltr'><strong>secundi</strong></span> <span class='ocrx_word' id='word_1_572' title='bbox 2501 3912 2792 3972; x_wconf 88' lang='lat' dir='ltr'><strong>aduentus</strong></span> <span class='ocrx_word' id='word_1_573' title='bbox 2831 3908 3052 3972; x_wconf 86' lang='lat' dir='ltr'><strong>Christi</strong></span> <span class='ocrx_word' id='word_1_574' title='bbox 3091 3918 3528 3970; x_wconf 85' lang='lat' dir='ltr'><strong>consummatu-</strong></span> 
     </span>
     <span class='ocr_line' id='line_1_49' title="bbox 610 4002 854 4053; baseline -0.004 -1"><span class='ocrx_word' id='word_1_575' title='bbox 610 4008 708 4053; x_wconf 89' lang='lat' dir='ltr'><strong>rus</strong></span> <span class='ocrx_word' id='word_1_576' title='bbox 748 4002 854 4053; x_wconf 91' lang='lat' dir='ltr'><strong>est.</strong></span> 
     </span>
    </p>

    <p class='ocr_par' dir='ltr' id='par_1_6' title="bbox 768 4067 3534 4129">
     <span class='ocr_line' id='line_1_50' title="bbox 768 4067 3534 4129; baseline -0 -1"><span class='ocrx_word' id='word_1_577' title='bbox 768 4097 773 4101; x_wconf 94' lang='lat'>·</span> <span class='ocrx_word' id='word_1_578' title='bbox 3204 4067 3534 4129; x_wconf 85' lang='lat' dir='ltr'><strong>Videamus</strong></span> 
     </span>
    </p>
   </div>
  </div>
 </body>
</html>
