3923 4875
1337 298 1664 353 ‘tunsus
1723 300 2369 354 rnnotoorcat.
3184 306 3299 371 327

466 474 565 549 36.
653 473 930 531 Liberum
994 469 1308 532 arbitrium
1370 474 1428 532 in
1490 473 1693 533 Altera
1756 471 1898 532 Vita
1955 470 2006 533 si
2064 470 2171 533 erit
2184 519 2201 551 ,
2263 482 2363 531 aut
2415 487 2621 532 eorum
2666 470 2767 551 qui
2808 472 3051 532 salutem
3094 472 3309 533 fuerint

385 551 720 630 assequuti,
763 562 868 613 aut
907 552 1353 631 damnatorum,
1393 550 1712 613 dicendum
1753 563 1858 613 est.

467 648 566 706 37.
648 633 877 691 Eorum
921 630 1024 707 qui
1067 634 1314 693 salutem
1356 632 1656 708 assequuti
1673 632 1912 713 [fuerint
1933 630 2571 709 flibemm1·Arbitrium
2612 631 2685 710 (si
2722 630 2803 691 ita
2842 630 3161 693 dicendum
3190 635 3303 706 est)

383 710 494 771 erit
555 711 632 770 ad
693 713 918 772 bonum
984 714 1210 772 tantum
1252 710 1967 793 atquefimmutabiliter,‘
2010 712 2162 775 adeo
2200 709 2284 791 vt}
2302 730 2415 773 nec
2454 730 2648 772 errare
2688 710 2747 771 in
2785 710 3127 790 iudicando,
3190 731 3304 772 nec

382 792 537 851 velle
578 791 900 868 quicquam
945 790 1054 851 nisi
1095 792 1326 852 bonum
1365 796 1421 853 δι
1460 794 1615 853 bene
1655 803 1952 871 poterunt.

466 873 563 945 38.
644 871 770 930 Erit
825 871 980 931 enim
1020 882 1162 931 tunc
1202 872 1464 949 perfecta
1503 872 1866 951 regeneratio
1907 870 2143 945 nostra,
2183 892 2255 931 ac
2295 870 2738 950 non2inchoata
2776 872 2967 931 solum
2980 916 2998 949 ,
3040 880 3103 931 vt
3143 890 3302 932 nunc

385 960 505 1010 est:
567 950 848 1028 quoniam
909 950 1242 1012 videbimus
1293 954 1490 1012 Deum
1547 953 1716 1012 sicuti
1757 964 1881 1013 est:
1947 942 2381 1029 cognosceinus
2420 962 2597 1029 prout
2638 948 2861 1030 cogniti
2898 950 3179 1012 fuerimus
3221 954 3299 1011 ab

386 1030 548 1108 ipsc,
589 1032 643 1090 &
684 1032 952 1092 volemus
992 1030 1054 1091 in
1093 1032 1267 1092 coelo
1308 1035 1672 1093 voluntatem
1716 1031 1858 1111 Dei,
1915 1030 2134 1092 similes
2172 1030 2366 1092 effecti
2405 1030 2651 1109 Angelis
2690 1030 2906 1109 ipsius:
2964 1030 3102 1108 quia
3142 1032 3305 1092 Deus

384 1108 468 1169 ibi
509 1127 812 1187 nunquam
848 1110 1077 1173 deseret
1113 1130 1254 1187 noS,
1295 1112 1400 1172 sed
1443 1112 1500 1171 in
1541 1113 1818 1173 omnibus
1858 1111 2061 1173 omnia
2100 1112 2325 1173 futurus
2364 1122 2468 1172 est.

466 1208 566 1267 39.
645 1192 1080 1252 Damnatorum
1131 1195 1274 1253 vero
1339 1193 1590 1253 liberum
1629 1191 1934 1254 arbitrium
1979 1195 2066 1267 (vt
2104 1191 2187 1251 ita
2225 1192 2513 1267 dicamus)
2553 1190 2662 1251 erit
2698 1192 2777 1251 ad
2818 1192 3038 1252 malurn
3078 1200 3306 1252 tantmn

385 1268 446 1329 in
488 1287 729 1330 omnem
772 1272 1177 1332 aeternitatem
1193 1317 1210 1351 ,
1252 1272 1391 1350 quia
1431 1272 1646 1349 Spiritu
1690 1282 1897 1333 sancto
1937 1270 2231 1350 destituti,
2261 1274 2317 1333 δι
2359 1283 2617 1333 exsortes
2656 1270 2769 1331 Dei
2813 1278 3123 1349 omnisque
3164 1271 3309 1331 boni

385 1352 423 1408 a
461 1350 604 1410 Deo
637 1350 1045 1429 procedentis,
1086 1352 1164 1413 de
1204 1353 1370 1412 bono
1413 1352 1788 1430 desperantes
1805 1398 1822 1429 ,
1864 1351 2029 1412 omni
2070 1354 2228 1414 malo
2270 1350 2553 1421 seruient,
2598 1351 2859 1431 maligno
2880 1352 3308 1430 obsequentur,

388 1431 442 1489 δι
485 1430 693 1490 flentes
730 1430 1162 1509 stridentesque
1203 1430 1511 1511 dentibus,
1550 1444 1722 1493 ruent
1762 1433 2045 1493 aduersus
2088 1431 2285 1492 Deum
2326 1430 2451 1493 tota
2492 1442 2693 1493 mente
2730 1450 2804 1492 ac
2842 1434 3145 1492 voluntate
3182 1450 3305 1493 sua.

469 1529 565 1582 40.
648 1511 1057 1589 Quapropter,
1119 1530 1313 1589 neque
1354 1512 1568 1573 horum
1606 1530 1800 1590 neque
1843 1512 2077 1572 illorum
2120 1511 2179 1572 in
2214 1512 2413 1572 futuro
2452 1514 2653 1573 seculo
2695 1512 3018 1572 Arbitrium
3059 1511 3308 1591 liberum

389 1599 489 1648 aut
535 1592 802 1650 voluntas
845 1591 1026 1653 libere
1067 1590 1318 1653 electiua
1357 1591 1596 1671 proprie
1636 1592 1752 1653 dici
1792 1602 2029 1670 potest:
2072 1594 2209 1653 cum
2252 1610 2446 1670 neque
2492 1592 2842 1653 electionem
2884 1592 3173 1669 habeant,
3193 1592 3310 1667 {sed

390 1682 590 1729 actum
651 1672 968 1733 voluntatis
1029 1671 1455 1732 immutabilem
1517 1674 1840 1749 potentiam
1892 1672 2325 1751 aduersantem,
2366 1690 2561 1750 neque
2600 1670 2770 1733 liberi
2806 1670 2925 1731 sint
2962 1671 3313 1732 disiunctiue

391 1750 469 1807 ad
513 1751 796 1811 vtrumuis
837 1750 1138 1812 obiectum
1175 1750 1345 1813 liberi
1383 1752 1635 1845 arbitrii,
1677 1753 1780 1812 sed
1817 1752 1874 1811 in
1921 1771 1983 1812 se
2017 1750 2201 1813 libera
2241 1754 2565 1832 voluntate,
2604 1752 2664 1813 hi
2706 1752 2781 1812 ad
2823 1752 3045 1812 malum
3084 1762 3309 1827 actum,

391 1826 474 1887 illi
514 1830 592 1889 ad
635 1832 856 1891 malum
898 1833 1164 1892 feruntur
1201 1833 1430 1893 solum:
1473 1832 1536 1892 hi
1575 1831 1887 1893 vitiositate
1928 1844 2173 1892 naturae
2209 1852 2315 1909 per
2357 1832 2704 1893 electionem
2740 1850 2905 1893 suam
2935 1830 3187 1903 adsciti,
3229 1830 3311 1892 illi

391 1907 607 1969 virtute
647 1910 866 1988 gratiae
902 1932 1010 1991 per
1049 1912 1398 1973 electionem
1442 1912 1584 1991 Dei,
1625 1914 1686 1973 hi
1730 1911 2109 1973 subsistentes
2148 1912 2207 1972 in
2249 1930 2313 1973 se
2352 1911 2791 1973 immutabiliter
2832 1912 2999 1987 mali,
3040 1930 3151 1972 nos
3180 1912 3315 1972 sub-

393 1988 661 2080 sistentes
671 1989 760 2129 Ain
802 1992 936 2052 Deo
977 1992 1432 2053 immutabiliter
1468 1992 1631 2054 boni.
1697 1992 1904 2053 Gratia
1943 2006 2141 2053 autern
2172 1991 2246 2052 sit
2271 1993 2405 2052 Deo
2439 2010 2615 2071 super
2656 1991 3031 2052 inenarrabili
3071 2010 3314 2053 munere

390 2085 590 2145 ipsius·
730 2088 884 2131 men.

1655 3005 2036 3067 FINIS.
