3923 4875
688 362 807 419 4⁴²
1758 362 2174 408 cruenter
2233 362 2454 407 rans
2509 364 2556 406 ι.

686 518 1029 581 tenuissima
1086 518 1435 599 ministeria,
1468 520 1551 583 ad
1588 540 1743 601 quae
1780 542 1893 583 nos
1932 522 2270 596 vomuerit,
2311 522 2493 585 fidem
2537 524 2598 583 dt
2635 522 3002 600 obsequium
3043 534 3362 583 nom-um
3399 522 3464 581 ei
3497 522 3692 581 ancti-

688 602 2084 665 ficareexvoluntateeiusz&edeolaetari
2135 604 2510 665 sanctissima
2559 604 2784 665 laetitia
2827 604 3114 681 spiritns.
3171 604 3230 663 si
3279 622 3458 681 quos
3503 604 3686 663 nobis·

686 698 823 743 cum
864 684 901 743 a
940 682 1075 743 Deo
1116 680 1453 745 videbimus
1490 682 1761 745 adhiberi
1800 684 1904 763 qui
1944 684 2180 763 dieunt,
2221 686 2492 745 Domum
2531 686 2800 745 Iehouae
2839 684 3174 745 mamus.

1152 876 1213 939 5.
1302 862 1463 939 Quia
1502 864 1589 923 ibi
1622 864 1921 925 consisient
1950 864 2162 925 throni
2193 865 2354 941 imi,
2393 864 2606 923 throni
2637 864 2846 923 donni
2877 864 3188 923 Daaeijis.

770 1016 845 1075 Ix
880 1016 1275 1095 explicatione
1314 1016 1585 1097 proxime
1624 1018 2038 1097 praecedentis
2075 1037 2280 1080 versus
2313 1018 2684 1079 ostendimus
2702 1018 3072 1095 Prophetam
3097 1020 3361 1077 forme
3381 1018 3668 1078 interme.

686 1112 867 1173 quam
910 1097 1075 1157 Deus
1112 1096 1327 1158 indidit
1364 1098 1671 1159 Ecclesiae
1706 1116 1882 1178 suae,
1912 1110 2220 1161 externam
2245 1101 2502 1159 formam
2521 1099 2848 1159 subiecisse
2869 1098 3086 1159 ordine
3111 1098 3668 1159 commodissimo:

688 1184 751 1237 vt
814 1194 1025 1239 omnes
1072 1176 1381 1241 Ecclesiae
1432 1190 1629 1257 partes
1676 1178 1835 1241 intus
1873 1182 1929 1241 δι
1969 1178 2112 1241 foris
2151 1180 2366 1241 iustam
2407 1180 2866 1258 proportionem
2905 1182 2962 1239 δε
3005 1186 3418 1257 ωυρμ-πρᾶο
3461 1182 3668 1239 hahere

688 1254 1012 1319 videamus.
1070 1257 1233 1319 Illius
1292 1270 1489 1321 autem
1540 1270 1821 1321 externae
1862 1260 2092 1321 formae
2127 1260 2518 1321 substantiam
2551 1278 2682 1320 esse
2723 1259 3044 1319 docuimus
3083 1260 3153 1317 in
3197 1278 3468 1319 canone
3513 1260 3666 1320 verbi

686 1334 831 1415 Dei,
880 1338 1051 1417 quod
1102 1340 1351 1400 verbum
1402 1358 1513 1419 per
1550 1340 1881 1418 Prophetas
1918 1344 1976 1403 &
2013 1343 2346 1419 Apostolos
2383 1344 2422 1399 a
2461 1342 2598 1400 Deo
2637 1340 2958 1417 inspiratos
2993 1338 3188 1399 literis
3229 1340 3662 1419 consignatum

686 1426 775 1477 est
834 1418 891 1479 δι
954 1418 1013 1479 in
1074 1418 1347 1481 Ecclesia
1405 1420 1778 1499 depositum:
1838 1422 1959 1483 hoc
1997 1422 2340 1482 charactere
2381 1420 2672 1499 signatam
2712 1438 2848 1480 esse
2887 1418 3238 1480 Ecle
3283 1420 3560 1494 Christi,
3597 1440 3660 1480 ex

684 1496 853 1559 cuius
893 1500 955 1575 (f.
1006 1502 1147 1575 71⁷)
1186 1499 1539 1561 auctoritate
1578 1504 1635 1563 &
1678 1501 2044 1581 praescripto
2085 1502 2310 1580 duplex
2347 1518 2504 1580 opus
2523 1500 2586 1560 in
2605 1500 3036 1561 communione
3059 1511 3446 1561 sanctorum
3469 1504 3660 1562 obser·

686 1576 817 1639 uari
854 1580 1073 1657 possit:
1120 1597 1333 1651 vnum,
1375 1584 1413 1641 a
1452 1580 1565 1661 piis
1604 1600 1745 1663 erga
1784 1584 1980 1643 Deum
2022 1582 2078 1641 δι
2115 1582 2370 1643 verbum
2409 1581 2620 1660 ipsius:
2659 1583 2916 1641 alterum
2957 1584 2992 1639 a
3031 1582 3176 1639 Deo
3217 1600 3382 1659 erga
3425 1582 3658 1661 pios,&

684 1676 894 1721 omnes
934 1678 1039 1723 eos
1080 1660 1183 1739 qui
1224 1660 1285 1721 in
1324 1660 1659 1723 Ecclesiam
1698 1662 2122 1741 aspectabilem
2164 1661 2332 1724 verbi
2360 1661 2548 1722 diuini
2581 1661 2752 1741 signo
2773 1662 3170 1739 colliguntur:
3211 1660 3458 1739 Operis
3477 1662 3654 1723 nostri

684 1756 825 1819 erga
884 1741 1084 1803 Deum
1143 1740 1293 1803 duas
1353 1762 1481 1804 esse
1538 1754 1769 1823 partes:
1830 1746 2062 1821 Vnam,
2117 1752 2182 1803 vt
2233 1742 2634 1803 indesinenter
2671 1742 3068 1803 ascendamus
3107 1740 3194 1799 ad
3235 1742 3653 1803 testimonium

684 1818 961 1901 Domini,
1016 1824 1072 1883 δι
1126 1822 1560 1885 contendamus
1614 1824 1692 1885 ad
1732 1822 2162 1903 perfectionem
2201 1821 2386 1883 illius:
2445 1826 2741 1901 Alteram,
2783 1832 2848 1882 vt
2889 1822 3098 1883 omnia
3137 1824 3546 1883 conferamus
3581 1824 3650 1882 ad

682 1896 809 1961 eius
847 1900 1133 1981 gloriam,
1172 1900 1450 1982 consilia,
1492 1902 1789 1983 instituta,
1830 1922 2136 1967 sermones
2175 1904 2232 1965 δι
2272 1905 2430 1964 sacta
2467 1915 2687 1964 nostra.
2729 1904 2909 1963 Nunc
2951 1905 3099 1962 vero
3139 1902 3360 1961 locum
3403 1906 3650 1964 alterum

684 1978 787 2057 qui
824 1980 903 2041 ad
942 1982 1431 2044 communionem
1471 1996 1815 2047 sanctorum
1854 1984 2141 2065 pertinet,
2183 1985 2484 2063 Propheta
2523 1985 2644 2045 hoc
2681 2002 2857 2045 versu
2893 1981 3284 2061 aggreditur,
3329 1983 3554 2060 nequis
3591 2002 3648 2043 se

684 2058 745 2119 in
786 2058 1077 2123 incertum
1120 2080 1357 2125 currere
1396 2075 1501 2126 aut
1538 2064 1739 2127 aerem
1780 2065 2030 2127 caedere
2070 2064 2391 2145 existimet,
2431 2064 2578 2125 dum
2617 2082 2866 2142 operam
2907 2064 3014 2123 dat
3053 2064 3380 2123 Ecclesiae
3401 2064 3470 2123 in
3491 2084 3646 2124 com-

684 2138 967 2205 munione
1006 2154 1385 2223 sanctorum3
1426 2144 1533 2207 sed
1574 2145 1773 2225 potius
1816 2146 1895 2207 ita
1936 2156 2155 2207 statuat
2191 2162 2332 2205 cum
2371 2144 2574 2205 animo
2615 2162 2758 2223 suo,
2792 2161 2920 2205 non
2939 2142 3168 2203 debere
3189 2160 3296 2217 se,
3316 2155 3387 2203 vt
3407 2162 3643 2204 seruum

682 2220 961 2301 Domini,
1004 2223 1063 2285 in
1104 2222 1307 2286 officio
1349 2242 1459 2287 suo
1500 2244 1878 2307 segnescere3
1916 2224 2264 2306 praesertim
2305 2226 2446 2287 cum
2488 2224 2634 2285 sciat
2673 2226 3003 2286 Dominum
3025 2222 3089 2282 in
3111 2242 3186 2283 ea
3204 2226 3644 2285 communione

682 2315 1054 2379 praesentem
1096 2322 1251 2383 esse,
1295 2307 1351 2367 δι
1392 2324 1697 2383 nunquam
1737 2308 1815 2369 ab
1855 2306 2190 2370 actionibus
2231 2304 2351 2367 suis
2391 2306 2746 2367 salutaribus
2785 2303 3081 2365 desinere.

764 2382 1006 2448 Summa
1044 2382 1221 2464 igitur
1259 2396 1349 2448 est
1388 2384 1561 2448 huius
1602 2406 1837 2468 versus,
1880 2404 2186 2466 nunquam
2229 2386 2344 2448 Dei
2385 2396 2578 2466 partes
2620 2384 2924 2458 desinere,
2966 2394 3072 2446 aut
3111 2382 3294 2444 otiari
3335 2384 3548 2446 Deum
3583 2384 3640 2445 in

682 2465 1103 2528 communione
1142 2476 1515 2528 sanctorum:
1558 2468 1755 2530 Deum
1794 2487 2030 2548 semper
2067 2487 2194 2529 esse
2233 2469 2656 2528 accedentibus
2697 2471 2752 2530 &
2792 2463 3248 2527 consulentibus
3271 2485 3344 2525 se
3363 2485 3642 2544 praesen·

680 2541 1002 2626 tissimum,
1042 2545 1145 2624 qui
1186 2545 1485 2628 exaudiat,
1533 2560 1731 2627 curet,
1772 2561 2032 2628 praestet
2070 2546 2360 2626 quicquid
2399 2565 2552 2626 opus
2593 2558 2682 2609 est
2719 2547 2800 2608 ad
2837 2563 3086 2607 suorum
3127 2547 3404 2624 bonurn,
3453 2559 3520 2606 vt
3539 2565 3638 2607 rex

678 2621 1055 2708 iustissimus,
1107 2626 1559 2706 gratiosissimus
1608 2649 1681 2690 ac
1722 2627 2196 2708 potentissimus,
2237 2627 2614 2691 sanctificans
2657 2625 2994 2689 Ecclesiam
3036 2644 3234 2702 suam,
3279 2627 3480 2704 idque
3519 2645 3636 2687 non

676 2705 869 2768 solum
922 2705 1129 2786 spiritu
1170 2707 1315 2784 (hoc
1355 2707 1513 2768 enim
1553 2709 1633 2770 ad
1674 2711 1928 2772 sormam
1971 2709 2262 2771 internam
2299 2708 2584 2788 pertinet,
2625 2710 2702 2769 de
2744 2725 2864 2786 qua
2901 2709 3042 2768 ante
3083 2705 3386 2788 diximus)
3429 2709 3634 2768 verum

676 2782 853 2846 etiam
894 2785 1107 2849 ordine
1147 2787 1491 2866 aspectabili
1527 2789 1853 2852 coniuncto
1894 2809 2032 2851 cum
2078 2791 2262 2850 verbo
2279 2835 2296 2868 ,
2338 2800 2518 2868 atque
2559 2806 2631 2849 ex
2671 2788 2863 2850 verbo
2905 2787 3110 2864 ipsius.
3152 2784 3254 2845 Ad
3275 2787 3456 2847 hunc
3479 2788 3630 2848 enim

675 2863 949 2928 ordinem
987 2865 1411 2946 aspectabilem
1452 2869 1753 2948 Propheta
1792 2869 2077 2951 respexit,
2119 2867 2356 2930 dicens:
2410 2869 2572 2948 Quia
2611 2869 2698 2928 ibi
2736 2869 3038 2928 consident
3077 2867 3294 2925 throni
3321 2870 3488 2944 eiu-i,
3517 2870 3632 2928 &a

676 2943 894 3008 Sensus
938 2945 1115 3026 igitur
1156 2956 1277 3040 est,
1322 2947 1455 3026 pios
1496 2967 1705 3012 omnes
1746 2949 1949 3012 laetari
1990 2967 2128 3011 eum
2171 2947 2383 3010 animis
2422 2949 2572 3028 suis,
2613 2967 2960 3026 accurrere,
2991 2949 3049 3006 δε
3069 2948 3254 3024 figere
3277 2947 3480 3038 pedes
3502 2967 3634 3008 suos

672 3021 733 3084 in
790 3025 1059 3088 Ecclesia
1109 3025 1353 3105 visibili,
1396 3038 1523 3089 tum
1566 3041 1809 3110 propter
1849 3033 2104 3092 sormam
2144 3027 2434 3090 internam
2475 3047 2655 3107 quam
2698 3031 2865 3090 Deus
2905 3027 3150 3088 exhibet
3192 3025 3467 3102 Spu-itu.
3511 3039 3630 3088 tum

670 3115 914 3184 propter
954 3107 1209 3169 sormam
1248 3118 1552 3170 externam
1598 3109 1846 3172 inditam
1892 3109 2206 3172 traditione
2243 3110 2442 3201 verbi,
2482 3111 2539 3171 δι
2579 3109 2781 3170 officia
2827 3110 2980 3168 vitro
3022 3105 3299 3182 citroque
3331 3125 3408 3168 ex
3445 3109 3630 3168 verbo

670 3188 1127 3266 consequentia3
1182 3186 1247 3248 id
1294 3197 1410 3268 est,
1452 3207 1575 3250 non
1616 3190 1810 3252 solum
1862 3200 2108 3270 propter
2144 3187 2342 3250 officia
2381 3207 2616 3282 piorum
2656 3188 2736 3249 ad
2775 3187 3120 3250 testimonia
3158 3184 3278 3246 Dei
3323 3189 3631 3248 confluen-

670 3261 816 3354 tium
856 3269 911 3328 &
952 3265 1378 3329 celebrantium
1420 3286 1645 3332 nomen
1684 3269 1867 3346 illius,
1907 3270 2015 3332 sed
2059 3280 2196 3332 ante
2238 3287 2444 3330 omma
2482 3280 2727 3349 propter
2760 3267 2991 3340 officia,
3016 3285 3168 3345 quae
3189 3267 3366 3327 Deus
3389 3278 3630 3328 exercet

668 3361 727 3402 in
769 3343 1039 3408 Ecclesia
1081 3347 1457 3426 aspectabili,
1496 3369 1631 3410 eam
1671 3369 1883 3430 regens
1924 3361 2162 3428 sceptro
2203 3360 2450 3428 potente
2489 3347 2686 3428 verbi,
2729 3349 2785 3408 δι
2829 3346 2986 3409 iusto
3027 3346 3238 3408 ordine
3277 3347 3365 3406 ad
3409 3349 3629 3426 sceptri

666 3419 818 3484 illius
860 3425 1201 3488 exercitium
1242 3425 1334 3507 (vt
1373 3429 1555 3508 vulgo
1597 3431 1943 3508 loquuntur)
1983 3429 2334 3508 pertinente.
2377 3431 2455 3490 Et
2495 3433 2654 3490 certe
2689 3427 2994 3490 neminem
3029 3437 3176 3504 puto
3210 3425 3296 3486 ita
3319 3427 3626 3507 desipere,

668 3513 731 3564 vt
788 3504 955 3568 domi
1016 3525 1159 3568 suae
1220 3507 1494 3570 ordinem
1554 3509 1902 3573 habendum
1960 3519 2162 3588 putet,
2226 3506 2286 3570 in
2351 3510 2536 3570 domo
2587 3507 2704 3570 Dei
2741 3527 2869 3571 non
2909 3517 3105 3586 putet:
3147 3507 3292 3566 cum
3339 3507 3522 3568 Deus
3558 3509 3626 3567 sit

668 3581 921 3664 ordinis,
964 3605 1087 3648 non
1128 3597 1327 3648 autem
1367 3588 1735 3652 confusionis
1776 3593 1831 3652 δι
1872 3601 2055 3652 status
2095 3589 2594 3668 incompositi,vt
2615 3587 2759 3650 dicit
2779 3589 3127 3666 Apostolus,
3157 3585 3381 3647 1.Cor.
3411 3607 3512 3662 14.
3533 3607 3628 3664 33.

666 3663 849 3738 Quod
892 3666 941 3728 si
982 3665 1115 3758 quis
1156 3665 1429 3729 ordinem
1472 3667 1639 3730 illum
1682 3670 1951 3732 diuinum
1989 3671 2050 3731 in
2094 3667 2304 3746 spiritu
2343 3671 2573 3738 solum..
2614 3689 2686 3730 ac
2727 3687 2852 3730 non
2894 3667 2953 3728 in
2995 3667 3172 3727 rebus
3208 3667 3626 3728 externisesse

662 3747 1066 3824 contenderit,
1122 3747 1393 3824 profecto
1451 3767 1591 3811 eum
1628 3748 1935 3812 hominem
1975 3761 2077 3811 aut
2117 3751 2293 3828 plane
2335 3749 2725 3828 spiritualem,
2769 3759 2872 3809 aut
2915 3748 3078 3809 nulla
3119 3765 3192 3806 ex
3236 3757 3413 3823 parte
3459 3747 3624 3826 spiri-

664 3823 880 3888 tualem
936 3845 1063 3888 esse
1104 3827 1422 3906 oportebit.
1464 3829 1623 3890 Nam
1662 3829 1713 3893 si
1752 3828 1949 3892 omnis
1991 3828 2144 3890 ordo
2185 3831 2223 3890 a
2261 3841 2426 3891 recta
2470 3827 2698 3890 ratione
2740 3837 2860 3908 est,
2903 3830 2959 3889 &
2999 3839 3163 3888 recta
3203 3825 3362 3887 ratio
3403 3829 3444 3885 a
3491 3829 3624 3888 Deo

662 3902 821 3965 velut
864 3905 1153 3984 principio
1196 3905 1391 3968 omnis
1433 3907 1579 3970 boni
1618 3908 1679 3970 in
1720 3921 1931 3973 natura
1971 3926 2202 3987 rerum,
2243 3908 2508 3988 quisquis
2547 3908 2630 3968 ita
2667 3907 2848 3970 sentit
2887 3917 2989 3968 aut
3031 3907 3177 3986 pure
3219 3907 3516 3967 naturalis
3539 3921 3622 3969 est

661 3981 713 4040 ἃ
761 3985 1012 4060 ψυχικὸς
1052 3992 1141 4064 (vt
1180 3985 1479 4066 Scriptura
1520 3989 1781 4068 loquitur
1830 4011 1881 4052 1.
1923 3991 2068 4052 Cor.
2109 4007 2163 4049 a.
2213 3993 2330 4067 14.)
2377 3989 2480 4069 qui
2519 3987 2793 4049 ordinem
2826 3989 2888 4048 in
2915 3986 3101 4048 domo
3123 3985 3242 4047 Dei
3263 4005 3399 4046 non
3421 3987 3624 4064 videt,

659 4073 759 4151 aut
800 4065 989 4142 (quod
1029 4065 1281 4158 amplius
1321 4077 1436 4146 est)
1476 4067 1669 4148 ipsum
1712 4081 1959 4132 naturae
1999 4085 2235 4132 sensum
2278 4067 2569 4130 amiserit:
2611 4067 2998 4144 spiritualem.
3022 4086 3084 4127 n.
3102 4065 3372 4127 hominis
3394 4071 3622 4146 perfec·

660 4151 913 4223 tionem,
954 4143 1097 4208 dum
1136 4166 1197 4207 in
1238 4148 1351 4209 hac
1393 4147 1511 4208 vita
1552 4160 1669 4225 est,
1702 4149 2010 4228 imaginari
2041 4147 2375 4210 ridiculum.
2417 4149 2480 4210 Si
2521 4166 2665 4226 ergo
2689 4149 2950 4210 mundus
2970 4157 3216 4206 naturae
3238 4145 3616 4208 domicilium

658 4231 777 4295 cst,
820 4225 875 4286 δι
915 4223 1033 4286 hoc
1076 4225 1445 4288 domicilium
1485 4227 1759 4292 ordinem
1796 4248 1968 4292 suum
2007 4229 2214 4306 habet3
2260 4227 2406 4307 quid
2449 4229 2526 4290 de
2569 4227 2877 4300 Ecclesia,
2919 4245 3074 4306 quae
3110 4225 3502 4288 domicilium
3537 4239 3621 4289 est

656 4299 909 4388 gratiae,
969 4303 1183 4367 dicturi
1238 4301 1483 4370 sumus?
1542 4309 1779 4372 Scilicet
1838 4309 2028 4403 gratia
2085 4319 2357 4370 naturam
2411 4319 2754 4388 corruptam
2815 4305 3200 4379 instaurabit,
3241 4307 3296 4366 &
3349 4309 3618 4386 perficiet

658 4383 1093 4458 imperfectam:
1137 4385 1387 4448 domum
1427 4389 1571 4448 vero
1610 4407 1779 4450 suam
1818 4408 1945 4452 stne
1991 4386 2206 4450 ordine
2245 4387 2409 4451 abire
2447 4388 2599 4449 sinet
2641 4397 2856 4450 auctor
2901 4387 3002 4448 ille
3042 4385 3286 4466 gratiae·
3415 4467 3486 4526 H
3531 4469 3547 4481 ·

3485 4483 3614 4528 mus
