3923 4875
595 0 705 22 ‘T'V
1666 0 2070 8 ---*------
2135 0 2341 36 ““”““’

588 119 920 198 Ecclesiae,
982 141 1101 183 non
1164 121 1507 200 simpliciter
1566 126 1685 201 qua
1744 125 1959 186 domus
2015 135 2107 186 εει
2159 144 2232 184 ex
2283 123 2568 186 membris
2605 121 2878 183 humanis
2919 133 3364 200 coagwnentata
3427 123 3574 186 sed

584 201 957 292 singulariter
1018 207 1137 279 qua
1192 205 1407 262 (lomus
1466 215 1557 263 est
1614 207 1875 264 Iehouae
1926 205 2039 264 nei
2099 203 2318 282 nostri,
2358 207 2436 262 ab
2479 203 2582 263 illo
2621 203 2988 264 inhabitante
3028 204 3406 295 sanctificata
3465 205 3575 262 ad

580 281 833 358 gloriam
874 299 1057 341 suam.
1101 282 1359 342 Proinde
1397 285 1535 342 cum
1582 285 1850 345 Ecclesia
1894 303 2016 344 non
2058 284 2244 362 possit
2283 288 2444 344 recte
2479 289 2518 344 a
2537 283 2712 344 nobis
2734 283 3128 358 considerari,
3167 283 3280 343 nisi
3301 303 3574 344 secun-

582 361 726 422 dum
766 362 1113 422 relationem
1157 363 1315 422 illam
1356 361 1477 440 qua
1515 365 1593 424 ad
1636 365 1832 424 Deum
1874 375 1964 425 est
2004 364 2306 442 ordinata3
2349 383 2424 424 ex
2443 381 2519 424 eo
2541 363 2810 440 sequitur
2830 364 3039 440 plane3
3083 365 3182 440 qui
3206 365 3573 426 Ecclesiae

586 442 739 502 bene
796 443 991 520 cupit,
1031 444 1288 503 eundem
1330 443 1509 502 etiam
1551 444 2002 520 quodammodo
2043 463 2259 522 cupere
2301 446 2434 505 Deo
2477 443 2578 520 qui
2618 443 2946 504 Ecclesiam
2983 443 3289 504 inhabitat.
3331 445 3570 522 Cupit

586 533 783 581 autem
844 487 1147 582 Eceicsiae
1206 521 1366 600 pius,
1428 535 1711 600 tanquam
1772 523 1849 584 ad
1904 527 2084 584 finem
2123 523 2611 602 propinquiorem
2653 525 2709 584 δι
2749 524 3202 614 quodammodo
3241 531 3522 598 συμφυῆ
3541 571 3562 598 ,

585 601 709 662 siue
764 605 851 676 (vt
904 605 1250 694 loquuntur)
1308 607 1753 664 connaturalem
1809 605 2168 682 respiciens:
2225 607 2359 664 Deo
2415 616 2614 664 autem
2654 605 2846 680 cupit,
2887 615 3168 680 tanquam
3209 605 3288 662 ad
3329 607 3559 662 finem

585 698 915 756 summum,
976 683 1036 743 in
1100 699 1222 759 quo
1284 683 1553 774 Ecclesia
1592 684 1720 760 ipsa
1760 685 1815 744 δι
1857 683 2073 762 singuli
2113 697 2380 744 nostrum
2425 683 2482 744 in
2529 683 2800 744 Ecclesia
2839 683 3292 761 conquiescunt.
3353 685 3556 742 Nam

584 763 1091 853 quemadmodum
1132 781 1245 823 nos
1286 761 1346 822 in
1389 763 1655 822 Ecclesia
1694 765 2213 840 conquiescimus
2255 783 2376 824 non
2420 764 2558 840 quia
2601 766 2818 824 domus
2847 776 2969 840 est,
3009 765 3112 822 sed
3136 762 3274 840 quia
3293 764 3554 822 domus

585 842 727 932 Dei,
780 861 903 902 non
958 841 1097 917 quia
1136 859 1387 920 corpus,
1444 843 1549 904 sed
1593 844 1733 920 quia
1770 863 1988 922 corpus
2029 844 2276 905 Christi:
2325 843 2404 904 ita
2445 849 2480 904 ε
2523 843 2795 921 diuers0,
2835 845 2970 903 cum
3015 845 3167 903 bene
3209 845 3556 904 Ecclesiae

582 922 886 998 cupimus,
948 940 1069 982 non
1130 927 1205 983 eo
1264 922 1606 999 simpliciter
1655 925 1959 1001 cupimuS,
1999 925 2164 1000 quod
2205 925 2422 984 domus
2461 925 2516 984 δι
2561 943 2780 1001 corpus
2819 924 2920 998 sit·
2961 925 3066 983 sed
3109 927 3184 984 εὸ
3226 923 3548 1000 maxime,

581 1002 749 1077 quod
790 1003 1007 1062 domus
1050 1002 1165 1061 Dei
1206 1002 1457 1063 viuentis
1498 1014 1588 1064 est
1628 1005 1681 1064 &
1722 1022 1943 1082 corpus
1986 1003 2223 1064 Christi.

666 1085 865 1158 Atque
929 1083 1073 1142 haec
1132 1101 1312 1142 causa
1372 1095 1499 1156 est,
1560 1103 1667 1143 cur
1726 1085 2024 1160 Propheta
2082 1103 2204 1144 non
2245 1087 2472 1144 tantum
2505 1083 2566 1144 in
2609 1083 3007 1162 descriptione
3049 1082 3352 1144 Ecclesiae
3391 1088 3546 1160 qua

581 1174 711 1238 est,
752 1162 855 1221 sed
913 1161 971 1220 in
1014 1161 1415 1239 descriptione
1454 1162 1588 1240 Dei,
1626 1167 1664 1222 a
1704 1181 1827 1239 quo
1870 1167 1925 1226 &
1967 1163 2026 1223 in
2069 1182 2192 1242 quo
2236 1164 2504 1224 Ecclesia
2543 1174 2662 1242 est,
2703 1164 2956 1241 amplius
2991 1164 3227 1240 haeret,
3267 1163 3540 1222 dicens:

584 1243 811 1302 domum
874 1243 1131 1301 Iehouae
1168 1244 1296 1302 Dei
1348 1246 1557 1302 nostri.
1620 1245 1773 1303 Nam
1834 1245 2117 1304 Iehouam
2178 1243 2548 1305 nominando
2565 1288 2582 1319 ,
2643 1244 2722 1302 ad
2785 1262 2958 1302 vnam
2997 1243 3159 1303 illam
3199 1242 3538 1302 essentiam

584 1322 875 1400 respicere
916 1340 1027 1380 nos
1065 1321 1261 1398 iubet,
1300 1340 1453 1398 quae
1494 1325 1617 1382 sola
1658 1335 1745 1383 est
1788 1343 1893 1400 per
1932 1344 2029 1400 se,
2071 1325 2126 1382 δι
2167 1324 2298 1384 aliis
2338 1325 2441 1384 dat
2481 1342 2642 1400 esse,
2684 1325 2742 1384 &
2785 1323 3138 1400 principium
3177 1333 3268 1382 est
3307 1323 3532 1382 omnis

583 1401 729 1462 boni
790 1401 849 1459 in
910 1418 1105 1460 rerum
1168 1413 1403 1462 natura:
1458 1404 1633 1478 boni,
1671 1401 1943 1481 inquam,
1985 1413 2112 1464 tum
2154 1424 2226 1464 ex
2265 1414 2508 1480 natura,
2549 1416 2678 1464 tum
2719 1423 2794 1461 ex
2835 1402 3020 1480 gratia
3052 1403 3112 1463 in
3155 1421 3266 1462 nos
3305 1421 3535 1462 omnes

582 1481 802 1542 collati.
860 1482 1055 1541 Deum
1115 1486 1260 1543 vero
1302 1490 1565 1542 nostrum
1583 1485 1998 1575 appellando,
2053 1484 2290 1560 respicit
2330 1485 2407 1543 ad
2457 1483 2664 1543 foedus
2705 1483 2848 1543 illud
2889 1482 3350 1560 sanctissimum,
3389 1500 3530 1558 quo

587 1562 753 1621 Deus
814 1573 1017 1620 noster
1075 1572 1189 1632 est,
1253 1563 1310 1622 δι
1373 1581 1481 1622 nos
1544 1562 1797 1623 vicissim
1860 1566 2118 1641 populus
2178 1563 2364 1640 illius,
2413 1565 2469 1622 δι
2531 1565 2610 1623 ad
2649 1563 3218 1622 demonstrationem
3259 1562 3528 1622 foederis

565 1641 847 1702 'eiusdem
909 1659 1016 1718 per
1074 1660 1411 1702 sermonem
1472 1644 1527 1702 δι
1590 1643 1968 1720 operationes
2006 1643 2248 1722 gratiae.
2291 1644 2389 1704 Sic
2428 1641 2588 1703 enim
2633 1641 2850 1720 passim
2891 1642 2950 1702 in
2993 1642 3310 1719 Scripturis
3349 1643 3524 1701 Deus

582 1720 1005 1812 promissiones
1046 1739 1183 1782 suas
1222 1733 1323 1782 aut
1360 1721 1739 1815 operationes
1780 1741 2076 1816 asserens,
2126 1725 2511 1784 fundamenta
2551 1732 2794 1782 naturae
2838 1724 2893 1781 &
2935 1723 3157 1800 gratiae
3185 1723 3262 1782 ad
3303 1723 3522 1781 confir-

584 1799 903 1861 mationem
958 1817 1097 1861 suae
1146 1801 1405 1862 veritatis
1446 1802 1505 1861 in
1546 1803 1665 1863 suis
1706 1804 1858 1862 solet
1898 1769 2280 1894 coniungere.
2325 1803 2466 1878 Quo
2507 1801 2682 1862 etiam
2725 1801 2872 1861 illud
2913 1801 3204 1880 pertinet,
3245 1803 3410 1879 quod
3451 1801 3516 1860 in

581 1881 979 1942 declaratione
1019 1899 1257 1942 suarum
1299 1881 1794 1959 promissionum,
1836 1882 2140 1943 Vnitatem
2180 1884 2496 1958 essentiae,
2538 1882 2591 1941 δι
2634 1900 3020 1960 personarum
3062 1881 3411 1941 Trinitatem
3451 1882 3516 1940 in

582 1961 803 2020 vnitate
844 1961 1161 2037 plurimum
1204 1961 1487 2021 denotat!
1532 1926 1868 2032 Vnitatein
1912 1981 2094 2040 quam
2133 1983 2208 2023 ex
2249 1975 2458 2024 natura
2497 1962 2776 2022 nouimus
2819 1961 3070 2022 naturali
3113 1960 3515 2038 appellatione

580 2043 875 2102 Iehouae.·
934 2040 1315 2112 Trinitatem,
1378 2059 1561 2117 quam
1622 2061 1698 2102 ex
1758 2043 2034 2102 doctrina
2086 2043 2141 2102 &
2204 2043 2565 2104 reuelatione
2605 2041 2829 2120 gratiae
2864 2041 3208 2119 didicimus,
3250 2041 3512 2119 gratioso

582 2119 839 2181 foederis
879 2121 1101 2198 ellogio
1140 2119 1511 2198 significans,
1553 2123 1689 2182 cum
1733 2141 1795 2182 se
1835 2121 2104 2184 inscribit
2143 2124 2420 2198 Elohim,
2465 2124 2561 2182 vel
2606 2124 2802 2182 Deum
2843 2131 3125 2182 nostrum.

664 2201 833 2260 Haec
865 2211 1062 2261 autem
1102 2219 1279 2261 causa
1319 2219 1499 2278 quam
1544 2202 1841 2279 Propheta
1880 2203 2106 2280 adfert,
2147 2204 2420 2280 profecto
2483 2205 2546 2274 (s.
2597 2207 2736 2277 743)
2797 2199 3090 2262 eiusmodi
3129 2212 3246 2276 est,
3299 2210 3364 2258 vt
3401 2199 3514 2260 sin·

584 2283 756 2373 gulos
796 2277 1063 2340 nostrum
1106 2281 1233 2341 dies
1273 2287 1599 2358 noctesque
1639 2281 1825 2359 possit
1863 2284 2104 2342 afficere
2145 2282 2696 2358 vehementissime,
2737 2281 2848 2342 nisi
2887 2281 3236 2359 grauissimo
3271 2293 3516 2340 veterno

582 2359 643 2421 in
684 2360 1003 2420 sentiendis
1042 2363 1099 2422 δι
1138 2361 1561 2440 persequendis
1602 2361 1809 2441 bonis,
1851 2361 2318 2441 grauissimaque
2361 2361 2782 2422 obfirmatione
2817 2361 2876 2420 in
2899 2359 3308 2439 amplexandis
3329 2361 3518 2435 malis,

581 2442 661 2501 ad
720 2440 1043 2533 perniciem
1102 2453 1367 2501 nostram
1422 2452 1776 2503 teneremur.
1840 2442 1996 2503 Cum
2059 2453 2258 2505 autem
2319 2442 2436 2503 iam
2490 2442 2588 2503 ille
2621 2442 2848 2501 Iehoua
2887 2444 3052 2503 Deus
3091 2451 3294 2501 noster
3333 2460 3446 2500 nos
3481 2445 3519 2500 a

586 2522 753 2581 malis
798 2520 1215 2595 vindicauerit,
1256 2524 1311 2583 δι
1351 2522 1528 2582 nobis
1569 2525 1729 2583 bona
1770 2522 2200 2583 adiudicauerit
2244 2540 2658 2601 quaecumque
2697 2524 2774 2581 ab
2813 2522 2944 2599 ipso
2989 2522 3066 2582 ad
3108 2540 3234 2581 rem
3256 2532 3517 2580 creatam

583 2600 891 2695 peruenire
951 2614 1224 2692 possent3
1282 2602 1427 2679 quid
1480 2602 1875 2663 excusationis
1918 2604 2013 2663 vel
2055 2602 2115 2662 in
2163 2603 2422 2680 speciem
2463 2614 2874 2681 praetexemus
2915 2620 3118 2662 coram
3160 2603 3296 2661 Deo
3338 2612 3518 2677 atque

584 2680 953 2755 hominibus,
1016 2680 1065 2741 si
1124 2684 1203 2741 ab
1266 2680 1479 2742 eadem
1540 2700 1719 2743 causa
1781 2682 2195 2759 persequenda
2247 2680 2674 2755 abstineamus,
2715 2702 2788 2743 ex
2829 2699 2951 2759 quo
2985 2683 3274 2743 Iehouam
3317 2682 3518 2741 Deum

582 2774 853 2821 nostrum
914 2763 969 2821 &
1028 2762 1359 2822 Ecclesiam
1402 2763 1667 2821 Domum
1709 2763 1969 2823 Iehouae
2005 2760 2122 2822 Dei
2155 2761 2344 2821 nostri
2383 2782 2502 2854 ’per
2545 2728 2876 2839 Scripturas
2921 2781 3118 2821 sacras
3163 2754 3520 2819 didicimus?

582 2843 967 2921 Quapropter
1004 2842 1095 2917 (vt
1136 2841 1215 2901 ait
1256 2843 1591 2933 Apostolus
1634 2843 1949 2920 Ephes.5.
2001 2844 2116 2917 14.)
2157 2843 2637 2920 expergiscamur
2675 2840 2779 2919 qui
2823 2842 3185 2933 dormimus,
3226 2842 3281 2899 δι
3323 2858 3524 2931 surga-

584 2940 715 2982 mus
772 2926 811 2983 a
874 2921 1153 3000 mortuis,
1214 2925 1269 2983 &
1328 2920 1630 2981 illucescet
1689 2922 1865 2982 nobis
1906 2922 2194 2981 Christus.
2239 2924 2578 2982 intueamur
2620 2939 2858 3000 semper
2897 2920 2956 2981 in
2999 2920 3160 2981 illam
3205 2920 3523 2981 essentiam

586 3001 849 3063 diuinam
868 3046 886 3075 ,
944 3018 1099 3078 quae
1159 3000 1511 3079 principium
1573 3011 1665 3060 est
1714 3000 1910 3061 omnis
1968 3000 2140 3075 boni,
2181 3013 2312 3061 tum
2353 3012 2562 3063 natura
2602 3001 2939 3091 communi,
2983 3011 3110 3061 tum
3151 3000 3340 3079 gratia
3379 3018 3522 3078 erga

584 3100 697 3141 nos
748 3080 1058 3159 singulari.
1108 3084 1451 3141 Intueamur
1496 3080 1557 3141 in
1602 3082 1834 3140 Patrem
1878 3080 2043 3141 illum
2085 3081 2591 3157 omnipotentem,
2631 3080 2733 3158 qui
2775 3100 2888 3140 nos
2929 3081 3095 3141 dedit
3137 3080 3262 3140 filio
3303 3080 3364 3140 in
3407 3081 3520 3139 Ec·

584 3160 825 3223 clesiam
868 3160 1277 3239 colligendos.
1318 3164 1661 3221 Intueamur
1700 3162 1761 3221 in
1802 3162 1943 3221 fidei
1982 3162 2200 3221 ducem
2238 3181 2312 3221 ac
2357 3164 2748 3239 perfectorem
2769 3162 2999 3238 Iesum,
3039 3161 3142 3238 qui
3165 3179 3274 3239 pro
3295 3158 3520 3237 gaudio

584 3240 696 3301 sibi
739 3240 1049 3319 proposito
1089 3240 1327 3318 pertulit
1367 3258 1637 3318 crucem,
1684 3244 1738 3300 δι
1778 3242 1855 3300 ad
1898 3242 2165 3301 dextram
2205 3240 2406 3301 throni
2449 3242 2564 3302 Dei
2583 3240 2888 3317 consedit,
2931 3245 3054 3317 quo
3075 3259 3190 3301 nos
3208 3242 3520 3300 eueheret.

585 3323 780 3383 Hebr.
845 3340 935 3381 12.
1002 3340 1053 3380 2.
1116 3322 1459 3381 Intueamur
1516 3320 1577 3379 in
1640 3319 1920 3412 Spiritum
1983 3321 2146 3381 illum
2205 3321 2387 3399 patris
2447 3322 2505 3381 δι
2565 3318 2666 3395 filij
2713 3320 3074 3381 habitantem
3114 3321 3171 3381 in
3213 3320 3422 3395 nobiS,
3462 3320 3521 3379 δι

586 3412 901 3463 testantem
960 3400 1191 3478 spiritui
1244 3411 1449 3460 nostro
1494 3419 1605 3461 nos
1646 3420 1773 3461 csse
1816 3399 1972 3460 filios
2014 3400 2167 3475 Dei,
2209 3404 2263 3461 δι
2305 3402 2527 3477 templa
2567 3411 2774 3461 sancta
2813 3400 3120 3460 Domino.
3179 3402 3526 3461 Intueamur

586 3482 647 3543 in
705 3478 1067 3558 Ecclesiam,
1116 3479 1175 3540 in
1218 3498 1398 3557 quam
1443 3481 1602 3541 velut
1642 3482 1930 3558 templum
1972 3480 2358 3541 lectissimum
2405 3482 2568 3541 Deus
2606 3498 2720 3541 nos
2759 3492 3092 3557 conuocat,
3133 3491 3197 3541 vt
3239 3498 3344 3557 per
3388 3498 3521 3539 eam

584 3562 663 3623 ad
726 3581 789 3623 se
849 3562 1281 3622 contendamus
1338 3560 1547 3620 virtute
1600 3559 1823 3621 aeterni
1884 3560 2120 3637 spiritus
2183 3560 2430 3621 viuentis
2491 3560 2550 3620 in
2614 3559 2810 3621 nobis.
2867 3560 2982 3621 hae
3033 3576 3249 3620 causae
3288 3577 3402 3617 nos
3439 3558 3522 3617 ita

588 3654 899 3721 moueant,
946 3654 1010 3700 vt
1064 3651 1328 3701 caeteras
1372 3657 1580 3700 causas
1623 3638 1969 3701 dimoueant
2007 3659 2081 3699 ex
2117 3640 2414 3701 mentibus
2454 3640 2704 3719 nostriS,
2747 3640 2802 3699 &
2841 3638 3074 3717 rapiant
3113 3640 3191 3699 ad
3231 3636 3524 3699 sanctissi-

589 3741 753 3783 mum
796 3722 939 3781 illud
982 3721 1275 3795 studium,
1316 3720 1485 3781 cuius
1524 3719 1623 3780 hic
1662 3721 1961 3799 Propheta
2003 3719 2298 3792 meminit,
2343 3722 2398 3781 δι
2440 3720 2695 3799 seipsum
2736 3720 2973 3781 exhibet
2994 3729 3200 3797 typum
3223 3720 3282 3778 in
3305 3717 3527 3796 pietate

588 3804 645 3861 &
687 3801 1079 3862 sanctimonia
1120 3800 1197 3860 ad
1238 3802 1385 3861 haec
1428 3800 1624 3861 officia
1664 3774 2042 3877 praeiturum.

668 3882 829 3957 Quid
892 3900 1037 3960 ergo
1102 3893 1185 3941 est
1230 3882 1444 3958 officij,
1483 3881 1647 3958 quod
1692 3882 1988 3957 Propheta
2031 3881 2146 3939 hoc
2190 3882 2330 3941 loco
2375 3874 2717 3959 praedicat?
2768 3880 3092 3957 Quaeram,
3132 3878 3358 3957 inquit,
3397 3877 3524 3937 siue

576 3964 922 4041 procurabo
982 3964 1144 4039 quod
1190 3964 1399 4020 bomem
1453 3970 1541 4021 est
1578 3962 1713 4039 tibi,
1756 3961 1794 4021 ὃ
1836 3962 2190 4039 Ierusalem,
2231 3963 2320 4021 vel
2361 3962 2577 4021 domus
2617 3961 2888 4021 Iehouae.
2931 3962 3340 4095 Procurant:ur¹
3371 3975 3528 4096 quae

3265 4059 3300 4097 a
3347 4052 3454 4095 sun
3501 4080 3520 4114 ,

2566 4544 3872 4661 ---
