3923 4875
730 325 848 396 406
1798 338 2208 385 ιιιιιιιιει
2267 340 2486 385 rans
2541 340 2583 383 1

728 520 791 559 se
847 517 1237 578 quaecunque
1288 511 1425 561 sunt
1462 518 1613 579 opus
1650 502 1731 561 ad
1772 504 2020 563 salutem
2061 512 2354 581 nostram,
2409 514 2536 563 tum
2575 502 2908 593 posteriore
2949 503 3055 563 illo
3095 504 3708 580 exoptatiss-‚imoque

728 580 1022 649 aduentu,
1064 598 1187 659 quo
1226 580 1431 641 omnia
1470 580 1531 641 in
1571 581 1749 643 nobis
1786 592 2300 643 consummaturus
2341 594 2462 659 est,
2501 594 2566 643 vt
2603 582 2678 643 sit
2717 584 2886 642 Deus
2927 582 3134 643 omnia
3177 582 3246 643 in
3291 583 3626 644 omnibus.

808 662 945 720 Hac
998 660 1173 739 igitur
1210 660 1530 722 occasione
1570 662 1851 723 diuinitus
1890 662 2004 723 sibi
2042 663 2246 723 oblata
2281 664 2483 723 Dauid
2519 663 2598 723 ad
2635 662 2976 723 canendum
3017 666 3186 723 hunc
3231 666 3595 741 psalmum,
3645 667 3702 724 dt

726 741 1083 801 tradendum
1124 741 1431 803 Ecclesiae
1468 742 1797 834 productus
1836 753 1943 803 est.
1987 744 2159 819 Quae
2199 742 2438 803 occasio
2477 742 2586 803 etsi
2624 742 2716 803 his
2755 742 3130 835 temporibus
3175 743 3416 803 vltimis
3459 744 3533 803 in
3551 756 3698 822 typo

724 819 967 881 minime
1006 831 1371 901 perseuerat,
1411 820 1661 884 omnino
1702 832 1899 883 tamen
1938 824 2002 883 in
2049 822 2134 883 rei
2173 822 2420 883 veritate
2439 822 2718 899 perdurat
2737 823 3246 885 constantissime.
3287 825 3696 903 Quapropter

725 901 990 991 aequitas
1030 903 1318 979 postulat,
1358 905 1415 963 &
1452 902 1617 963 iubet
1656 902 1875 981 pietas,
1917 904 1974 963 &
2015 904 2179 981 cogit
2217 902 2566 980 necessitas,
2609 913 2674 963 vt
2713 905 2860 964 dum
2901 906 3190 965 aberrans
3225 908 3266 965 a
3303 908 3691 982 contenpla-

726 979 889 1041 tione
936 981 1109 1042 huius
1160 982 1563 1045 sanctissimae
1610 982 1943 1045 occasionis
1995 982 2258 1044 Mundus
2305 983 2446 1043 furit
2495 983 2558 1043 in
2611 1000 2720 1043 sua
2766 982 2952 1061 ipsius
2991 984 3257 1059 viscera,
3313 985 3404 1045 ad
3443 1002 3688 1045 semum

730 1058 913 1139 illius,
971 1061 1333 1139 agnitionem
1349 1108 1368 1139 ,
1420 1083 1719 1141 amorem,
1760 1066 1817 1125 δι
1856 1063 2119 1125 studium
2157 1073 2550 1141 prouocetur.
2603 1066 2660 1124 δι
2699 1082 2914 1125 omnes
2953 1063 3088 1141 pios
3125 1064 3252 1125 Dei
3289 1064 3688 1125 adminisnoe

728 1140 807 1201 ad
846 1161 975 1201 rem
1017 1142 1175 1203 hanc
1213 1142 1565 1234 adlaborare
1608 1163 1853 1205 necesse
1892 1156 2014 1223 est,
2055 1146 2240 1205 fretos
2281 1143 2446 1203 certa
2483 1144 2896 1221 expectatione
2938 1144 3218 1205 caelestis
3259 1156 3684 1223 paternaeque

732 1221 1193 1300 benedictionis,
1234 1221 1285 1283 si
1324 1222 1385 1283 in
1424 1224 1545 1285 hoc
1584 1240 1735 1301 opus
1774 1223 1835 1283 in
1876 1225 1996 1285 fide
2035 1223 2426 1285 incubuerint.

808 1304 935 1361 Iam
976 1302 1053 1363 de
1094 1302 1207 1363 illis
1250 1303 1479 1365 duabus
1517 1302 1781 1381 partibus
1824 1323 1974 1380 quas
2013 1308 2152 1365 ante
2190 1302 2530 1382 statuimus,
2569 1303 2810 1365 Gaudio
2850 1303 3100 1381 inquam
3141 1305 3200 1365 δι
3227 1306 3398 1365 Pace
3423 1304 3682 1383 piorum.

726 1380 1053 1443 videndum
1093 1393 1199 1443 est.
1242 1382 1545 1445 Gaudium
1586 1400 1758 1443 suum
1772 1428 1789 1461 ,
1830 1402 1953 1461 quo
1993 1384 2128 1462 pius
2167 1383 2584 1475 perfunditur'
2566 1402 2629 1443 ιιι
2651 1382 2861 1461 spiritu
2883 1384 3034 1463 Dei,
3073 1385 3336 1476 exponit
3351 1386 3680 1463 Propheta,

728 1464 867 1522 cum
907 1463 964 1522 δι
1002 1462 1381 1525 affectionem
1418 1480 1587 1525 suam
1624 1473 1846 1539 narrat,
1899 1466 1955 1525 &
1998 1480 2206 1525 causas
2245 1463 2416 1525 illius.
2459 1464 2856 1525 Affectionem
2897 1464 3186 1543 proponit
3229 1464 3424 1526 vnico
3457 1467 3678 1540 verbo,

731 1544 955 1603 Laetor
995 1543 1121 1603 siue
1159 1546 1410 1604 laetam
1448 1564 1597 1604 sunt.
1636 1544 1861 1605 Causas
1899 1548 2044 1605 vero
2085 1542 2374 1636 percurrit
2413 1543 2812 1621 sequentibus.

812 1624 955 1685 Non
994 1626 1218 1685 temere
1256 1633 1453 1684 autem
1494 1627 1533 1683 a
1568 1624 1931 1703 professione
1971 1641 2112 1685 suae
2151 1622 2304 1684 illius
2333 1623 2585 1685 laetitiae
2605 1622 2729 1684 siue
2747 1624 2944 1702 gaudij
2970 1627 3276 1703 Propheta
3295 1642 3562 1685 exorsus
3579 1636 3678 1685 est.

730 1704 887 1763 Nam
928 1700 1243 1795 plurimae
1252 1706 1389 1763 ante
1428 1704 1575 1765 illud
1614 1714 1845 1781 tempus
1884 1703 2250 1765 calamitates
2289 1707 2577 1783 populum
2601 1704 2718 1765 Dei
2736 1716 3152 1797 peruaserant.
3193 1722 3406 1781 neque
3425 1704 3671 1766 dubium

732 1796 851 1860 est,
906 1782 1048 1860 quin
1102 1802 1177 1844 eo
1226 1782 1357 1861 ipso
1407 1793 1677 1861 tempore
1730 1786 1927 1845 adhuc
1975 1793 2286 1845 manarent
2335 1787 2536 1845 vlcera
2573 1782 2866 1845 tristitiam
2909 1784 3088 1846 bonis
3125 1785 3508 1859 ιιᾶίειειιιὶιι,
3559 1786 3672 1845 sitne

728 1864 809 1923 ad
846 1862 1104 1923 internas
1142 1864 1453 1925 hominum
1492 1864 1883 1941 infirmitates,
1922 1864 2050 1925 siue
2089 1864 2168 1925 ad
2209 1866 2364 1925 mala
2403 1864 2548 1925 foris
2587 1864 2936 1925 accedentia
2955 1864 3341 1955 respicerent.
3389 1866 3517 1925 Sed
3537 1867 3669 1924 cium

732 1945 1033 2033 Propheta
1076 1943 1294 2003 horum
1349 1943 1617 2005 omnium
1668 1947 1961 2005 malorum
2015 1944 2212 2007 sensui
2251 1944 2506 2024 opponit
2541 1944 2824 2023 gaudium
2839 1990 2858 2023 ,
2911 1964 2988 2005 eo
3029 1945 3162 2022 ipso
3203 1944 3394 2005 docet
3439 1945 3670 2005 euiden-

734 2022 955 2085 tissime
1008 2026 1193 2100 quam
1233 2026 1371 2085 vere
1413 2024 1489 2085 sit
1526 2028 1565 2084 a
1600 2023 1799 2087 Tullio
1838 2023 2066 2087 dictum
2080 2069 2100 2104 ‚
2151 2025 2284 2087 Lib.
2327 2044 2384 2101 3.
2427 2026 2504 2085 de
2543 2024 2798 2103 legibus,
2851 2023 3122 2101 iniquam
3163 2043 3298 2085 oese
3339 2024 3668 2103 praeteritis

732 2103 907 2164 bonis
948 2106 1243 2165 malorum
1282 2104 1821 2166 enumerationem.
1858 2122 2014 2183 quae
2055 2124 2149 2166 res
2167 2105 2280 2165 etsi
2295 2108 2334 2165 a
2353 2104 2560 2165 natura
2581 2116 2670 2165 est
2683 2148 2702 2182 ,
2742 2104 3065 2182 plurimum
3085 2116 3292 2165 tamen
3311 2103 3666 2182 ignorantis,

732 2184 1099 2261 infirmitate,
1147 2187 1204 2246 δι
1258 2183 1421 2259 sin(f.
1462 2184 1911 2263 686)gularibus
1949 2185 2252 2246 nostr-ibus
2289 2184 2497 2247 studiis
2537 2196 2933 2263 oppugnatur.
2993 2186 3154 2245 Nam
3193 2184 3667 2262 quotusquisque

732 2275 853 2339 est,
896 2229 1185 2339 obsecio,
1246 2263 1351 2357 qui
1388 2277 1635 2343 urgente
1672 2284 1795 2326 vno
1834 2264 2038 2356 aliquo
2081 2267 2242 2325 malo
2281 2284 2405 2326 non
2447 2269 2522 2326 εὸ
2561 2264 2884 2342 abripiatur
2924 2264 3158 2341 statim,
3197 2264 3459 2341 perinde
3497 2276 3663 2341 atque

734 2344 783 2405 si
824 2344 1027 2404 omnia
1066 2345 1231 2405 bona
1269 2344 1603 2405 interuentu
1641 2345 1813 2407 vnius
1854 2345 1996 2405 mali
2037 2340 2468 2439 concidissent?
2509 2348 2593 2404 Vt
2619 2364 2762 2423 ergo
2783 2364 2858 2405 ex
2877 2346 3039 2406 malo
3059 2342 3292 2405 tristitia
3311 2344 3661 2423 concipitur,

735 2422 821 2487 sic
870 2445 947 2485 ex
986 2424 1161 2486 bonis
1202 2424 1657 2488 delectationem
1696 2428 1753 2487 δι
1790 2425 2104 2518 gaudium,
2157 2423 2428 2504 quamuis
2467 2426 2528 2486 in
2567 2427 2726 2488 malo
2767 2422 3245 2504 praesentissimo
3259 2470 3280 2502 ,
3321 2436 3660 2486 constanter

732 2511 771 2566 a
801 2504 921 2598 ,piis
960 2505 1145 2566 teneri
1184 2525 1425 2566 necesse
1464 2516 1571 2568 εει.
1614 2524 1795 2584 quam
1834 2506 1955 2567 vim
1997 2507 2046 2567 si
2087 2518 2330 2568 naturae
2369 2506 2646 2566 instinctu
2685 2505 2976 2584 pecudeS,
3019 2509 3078 2566 δι
3115 2504 3362 2566 rationis
3407 2508 3550 2566 luce
3567 2507 3658 2565 ho-

734 2585 953 2663 mines,
994 2585 1169 2646 etiam
1210 2589 1249 2646 a
1288 2588 1423 2648 Deo
1454 2585 1659 2666 alieni,
1696 2587 1978 2648 omnibus
1997 2585 2209 2648 seculis
2229 2588 2639 2648 ostenderunt:
2683 2585 3022 2664 indignum,
3066 2597 3265 2664 turpe,
3307 2584 3658 2663 flagitiosum

734 2677 856 2740 εει,
896 2665 1202 2727 hominem
1244 2631 1659 2728 Christianum
1686 2665 1869 2728 diuini
1906 2665 2141 2745 spiritus
2181 2665 2394 2727 virtute
2433 2670 2490 2728 δι
2527 2666 2790 2728 veritatis
2807 2667 2944 2725 luce
2965 2665 3388 2726 circumfusum
3401 2711 3424 2742 ,
3465 2667 3532 2726 in
3549 2683 3656 2724 vno

734 2757 836 2808 aut
888 2750 1075 2807 altero
1132 2747 1273 2806 mali
1324 2746 1719 2825 impendentis
1766 2765 1975 2824 sensu,
2027 2745 2204 2808 exuta
2254 2749 2552 2807 bonorum
2599 2763 2754 2823 quae
2791 2763 3026 2806 summa
3063 2750 3122 2807 ἃ
3161 2747 3422 2824 plurima.
3459 2749 3502 2805 a
3539 2749 3658 2806 Deo

734 2827 983 2898 obtinet,
1024 2825 1389 2888 conscientia
1428 2828 1795 2888 mollescere.
1844 2830 2019 2888 Haec
2057 2826 2232 2904 igitur
2271 2825 2370 2886 illa
2409 2826 2498 2887 vis
2541 2838 2655 2904 est,
2697 2843 2816 2904 qua
2855 2825 3258 2887 sanctissimus
3301 2825 3428 2886 Dei
3467 2843 3656 2887 seruus

732 2909 1047 2987 praeterita
1082 2906 1533 3000 praesentiaque
1570 2907 1778 2986 populi
1820 2909 1978 2968 mala
2014 2925 2124 2986 per
2161 2907 2342 2966 fidem
2379 2909 2765 2984 superuolans
2803 2908 3006 2966 Deum
3045 2905 3299 2998 assurgit
3337 2906 3468 2967 hoc
3509 2908 3652 2980 loco,

734 2991 789 3048 δι
832 2990 1087 3047 fructum
1126 2986 1241 3048 sibi
1280 2987 1473 3048 inesse
1512 2987 1817 3066 praedicat
1856 3005 2038 3065 quem
2079 2987 2336 3048 mundus
2373 3005 2500 3047 non
2541 2996 2758 3078 potest
2777 2986 3035 3064 eripere·
3077 2987 3360 3047 nimirum
3379 2986 3654 3064 gaudium

736 3067 883 3128 illud
926 3065 1192 3158 spirituS,
1234 3067 1399 3127 cuius
1440 3087 1553 3128 nos
1594 3069 1758 3128 Deus
1800 3067 1941 3128 facit
1979 3067 2298 3146 participes
2339 3065 2883 3127 communicatione
2921 3065 3179 3144 gratiae,
3217 3067 3374 3127 adeo
3407 3077 3478 3126 vt
3495 3067 3654 3126 etiam

733 3149 795 3208 in
838 3145 981 3224 ipsis
1018 3147 1441 3208 afflictionibus
1480 3166 1589 3208 no:
1634 3149 1892 3226 gaudere
1931 3157 2132 3208 narret
2169 3149 2530 3225 Apostolus,
2571 3147 2628 3206 δι
2667 3147 2928 3224 gaudere
2968 3146 3174 3207 iubent
3211 3146 3268 3206 in
3303 3165 3414 3224 spe
3431 3193 3450 3224 ,
3491 3157 3654 3224 atque

735 3226 797 3288 in
850 3227 1147 3289 Domino:
1200 3245 1396 3305 neque
1448 3227 1511 3287 id
1560 3230 1755 3289 solum
1768 3273 1785 3307 ,
1836 3228 1943 3289 sed
2001 3227 2179 3290 etiarn
2231 3227 2308 3288 de
2345 3225 2564 3288 nostris
2603 3225 3024 3288 afflictionibus
3063 3225 3368 3305 praedicet
3407 3225 3653 3306 gloriari.

740 3311 921 3368 Rom.
966 3324 1023 3385 5.
1060 3325 1123 3398 3.
1137 3308 1219 3368 &
1266 3327 1431 3369 12.1
1444 3327 1499 3370 2.

814 3389 934 3448 Sed
974 3388 1113 3464 quia
1152 3386 1435 3466 gaudium
1474 3407 1597 3449 non
1641 3387 1781 3448 satis
1820 3397 1911 3450 est
1950 3386 2254 3466 imperari,
2295 3387 2408 3448 nisi
2447 3385 2692 3448 materia
2729 3385 2882 3447 iusta
2919 3384 3076 3446 illius
3099 3384 3356 3446 extiterit
3376 3385 3652 3462 (alioquin

734 3486 859 3528 non
912 3466 1195 3544 gaudium
1208 3512 1225 3544 ,
1286 3468 1349 3529 id
1398 3478 1519 3546 est,
1580 3466 1898 3529 delectatio
1954 3485 2094 3528 cum
2135 3467 2365 3528 ratione
2406 3465 2755 3546 coniuncta,
2797 3465 2906 3528 sed
2946 3465 3156 3542 opinio
3197 3475 3354 3526 esset
3391 3485 3472 3528 ac
3507 3469 3651 3541 (yar

736 3549 1071 3622 παιζόμενον)
1130 3547 1209 3606 ad
1242 3565 1449 3608 causas
1487 3547 1795 3609 veniamus
1840 3547 1994 3609 illius
2031 3547 2228 3626 gaudij
2247 3593 2266 3626 ,
2319 3548 2488 3625 quod
2527 3547 2726 3608 Dauid
2765 3557 2890 3606 tum
2933 3546 3010 3607 de
3051 3566 3116 3606 se
3155 3545 3571 3625 praedicabat,
3607 3547 3652 3604 ἃ

740 3625 907 3703 quod
946 3627 1061 3686 Dei
1101 3625 1351 3704 Spiritus
1390 3626 1533 3689 inde
1572 3630 1651 3690 ab
1692 3645 1767 3689 eo
1810 3637 2084 3707 tempore
2123 3627 2434 3706 imperauit
2472 3625 2620 3702 suis,
2661 3628 2798 3686 eum
2839 3625 3194 3687 auctoritate
3211 3643 3318 3687 sua
3337 3629 3504 3686 hunc
3520 3627 3650 3703 psal-

740 3723 901 3766 mum
945 3706 1322 3768 sanctificans
1360 3710 1719 3770 seruandum
1760 3710 1817 3769 &
1858 3709 2300 3772 obseruandum
2339 3707 2402 3768 in
2442 3707 2712 3768 Ecclesia
2751 3707 3101 3784 deponeret.
3143 3707 3478 3766 Causarum
3513 3723 3652 3783 quae

742 3795 1013 3846 sanctum
1056 3787 1202 3847 illud
1244 3787 1531 3865 gaudium
1571 3787 1791 3848 Dauidi
1832 3790 2186 3868 attulerunt,
2227 3789 2352 3849 duo
2393 3799 2529 3849 sunt
2567 3807 2818 3866 genera.
2859 3803 3111 3864 quarum
3151 3786 3302 3846 aliae
3343 3790 3432 3862 (vt
3471 3786 3552 3846 ita
3581 3787 3654 3845 lo-

738 3867 1011 3943 quamur)
1054 3878 1192 3927 sunt
1234 3866 1619 3945 particulares
1634 3913 1651 3945 ,
1692 3871 1749 3929 δι
1788 3867 2088 3946 priuatum
2129 3869 2429 3960 quendam
2469 3878 2802 3945 respectum
2841 3869 3092 3927 habent.
3135 3866 3306 3927 Aliae
3343 3869 3491 3926 vero
3511 3885 3652 3926 com-

740 3963 949 4006 munes
1006 3958 1175 4024 sunt,
1234 3948 1316 4008 ad
1366 3947 1593 4008 bonum
1650 3948 1957 4026 publicum
2005 3947 2382 4027 pertinentes.
2444 3951 2778 4024 Vtrumque
2823 3963 3012 4026 genus
3064 3948 3368 4024 Propheta
3405 3946 3654 4007 distincte

736 4025 1027 4103 explicat:
1069 4045 1209 4088 nam
1253 4027 1482 4105 priores
1522 4047 1677 4090 vers.
1706 4047 1757 4089 1.
1778 4031 1833 4088 &
1858 4048 1910 4088 2.
1933 4028 2320 4120 posteriores,
2357 4028 2548 4088 tribus
2567 4027 2952 4120 sequentibus
2975 4025 3246 4086 versibus
3265 4027 3652 4087 ostenduntur.

740 4107 937 4179 Quem
988 4106 1271 4167 ordinem
1326 4107 1953 4168 conuenientissimum
2005 4111 2044 4168 a
2083 4108 2194 4186 piis
2235 4109 2512 4169 omnibus
2554 4106 2862 4184 diligenter
2899 4123 3052 4183 opus
3092 4117 3184 4165 est
3223 4107 3558 4198 obseruari,
3601 4115 3653 4164 vt

738 4201 1042 4262 nunquam
1106 4186 1165 4246 in
1222 4185 1341 4247 suis
1394 4186 1638 4265 priuatis
1678 4188 2016 4249 commodis
2055 4199 2157 4248 aut
2195 4187 2402 4248 studiis
2439 4188 2894 4278 conquiescant,
2951 4185 3058 4246 sed
3097 4187 3177 4245 ab
3219 4185 3290 4246 iis
3327 4205 3560 4263 semper
3589 4187 3652 4246 ad

738 4265 1072 4324 communis
1136 4269 1191 4326 δι
1250 4266 1477 4344 publici
1528 4267 1673 4328 boni
1712 4266 2004 4330 rationem
2044 4267 2442 4347 gaudiumque
2483 4267 2560 4328 de
2601 4286 2674 4328 eo
2715 4266 2790 4343 (si
2829 4233 2994 4342 quod
3033 4267 3320 4326 obtulerit
3357 4266 3650 4338 Dominus)

742 4344 1103 4406 attollantur.
1156 4347 1286 4408 Has
1330 4345 1505 4426 igitur
1544 4365 1755 4408 causus
1795 4348 2006 4410 ordine
2046 4347 2468 4426 expendamus.

3225 4425 3646 4486 Particularium
