3923 4875
1392 360 1799 405 nrannrcr
1859 362 2076 405 PARS
2141 361 2208 405 11.
3130 366 3244 424 493

400 526 728 589 Videamus
764 544 939 605 ergo,
990 523 1031 587 6
1071 526 1279 585 fratres
1316 522 1379 585 in
1418 520 1658 585 Christo
1696 520 2090 603 dilectissimi,
2147 522 2454 585 videamus
2501 524 2760 585 obsecro
2778 568 2797 599 ,
2853 534 2918 587 vt
2959 523 3244 603 deinceps

282 606 597 687 religioso
656 605 855 667 studio
906 606 985 667 ad
1041 602 1527 667 benedictionem
1556 603 1673 665 Dei
1710 602 2012 681 vitamque
2050 614 2350 667 aeternam
2390 604 2788 665 attendamus:
2851 605 2931 665 ad
2969 606 3255 666 Iehouam

284 698 625 749 auctorem
664 686 819 748 illius
856 684 1267 764 respiciamus:
1308 682 1802 763 conquiescamus
1840 682 1903 744 in
1943 684 2228 745 mandato
2267 688 2324 747 δι
2363 683 2737 761 beneplacito
2777 683 3102 746 uoluntatis
3125 684 3252 746 eius

286 766 703 830 ineluctabili:
744 766 809 829 in
847 766 1119 828 Ecclesia
1149 766 1206 826 δι
1246 764 1671 847 communione
1708 775 2054 826 sanctorum
2089 765 2203 827 hos
2243 767 2552 827 thesauros
2591 762 2816 843 gratiae
2855 764 3170 844 depositos
3191 764 3254 827 in

295 848 451 911 dies
493 850 856 909 recolamus:
908 865 1108 908 rorem
1150 849 1205 908 δι
1246 848 1536 907 culturam
1575 842 1821 905 Domini
1859 848 2042 922 quam
2081 844 2418 906 fidelissime
2457 862 2852 923 agnoscamus
2895 844 2958 905 in
2999 864 3260 923 corpore

290 929 624 990 Ecclesiae
666 931 721 990 δι
760 925 1042 989 membris
1086 924 1329 1004 singulis
1368 925 1523 987 illius
1544 970 1561 1003 ,
1603 924 1879 986 abdicata
1902 924 2070 986 omni
2109 923 2444 986 animorum
2464 924 2912 1002 perturbatione
2945 942 3102 1005 quae
3143 945 3255 986 nos

298 1017 607 1071 occaecat
646 1006 1081 1086 indignissime:
1143 1006 1465 1068 odoremur
1502 1004 1791 1083 optimam
1830 1004 1994 1065 illam
2030 1004 2412 1084 fragrantiam
2451 1003 2670 1067 Christi
2710 1004 3082 1085 odoremque
3128 1024 3258 1067 sua·

300 1088 631 1151 nissimum
672 1089 751 1150 ad
791 1090 1062 1149 membra
1098 1084 1327 1165 singula
1365 1085 1427 1147 in
1464 1083 1733 1147 Ecclesia
1774 1096 2207 1163 permeantem:
2249 1102 2446 1164 neque
2483 1084 2978 1164 persentiscendis
3013 1085 3258 1163 priuatis

298 1169 653 1231 foetoribus
720 1166 1273 1245 infirmitatibusque
1332 1164 1644 1227 hominum
1713 1164 2139 1243 inuestigandis
2199 1168 2256 1227 &
2316 1165 2756 1244 consequendis
2809 1164 3260 1245 incumbamus3

300 1247 606 1329 quicquid
644 1249 720 1310 ad
760 1246 1243 1310 communionem
1284 1256 1625 1308 sanctorum
1664 1244 2055 1325 sarciendam,
2089 1247 2385 1325 alendam,
2417 1246 2474 1307 δι
2510 1244 2946 1323 :continendam
2983 1244 3264 1337 pertinet,

306 1333 505 1409 quam
564 1327 1009 1407 diligentissime
1068 1344 1483 1405 procuremus:
1536 1326 1795 1403 denique
1855 1335 2148 1404 quantum
2195 1325 2372 1388 nobis
2413 1324 2584 1388 cordi
2623 1336 2712 1386 est
2753 1324 3044 1404 quidquid
3081 1325 3230 1388 boni
3244 1370 3264 1406 ,

310 1408 616 1489 quidquid
656 1410 899 1471 amoeni
938 1408 999 1471 in
1040 1408 1333 1488 Ecclesia,
1374 1407 1437 1469 in
1479 1403 1717 1468 Christo
1732 1450 1748 1481 ,
1799 1404 1862 1467 in
1898 1404 2090 1486 gloria
2127 1406 2243 1469 Dei
2284 1416 2373 1467 est
2387 1452 2405 1486 ,
2445 1406 2509 1467 id
2549 1404 2858 1467 vnanimes
2897 1406 2960 1467 in
2995 1423 3263 1467 commu·

308 1489 507 1551 nione
566 1499 908 1551 sanctorum
922 1534 941 1569 ,
1002 1488 1081 1549 ad
1140 1505 1321 1567 quam
1376 1485 1579 1549 vocati
1618 1503 1849 1566 sumus,
1907 1504 2328 1565 procuremus:
2372 1496 2438 1549 vt
2477 1487 2733 1549 decurso
2775 1486 2898 1547 hoc
2945 1486 3164 1547 misero
3206 1489 3263 1548 &

306 1568 626 1632 laborioso
684 1568 878 1632 stadio
923 1567 1245 1647 praesentis
1285 1567 1469 1649 vitae,
1529 1566 1590 1629 in
1628 1567 1729 1629 illa
1762 1566 1885 1628 vita
1922 1567 2166 1629 tandem
2209 1566 2697 1645 conquiescamus
2713 1610 2731 1645 ,
2783 1564 2887 1630 vbi
2925 1564 3094 1643 quies
3134 1565 3262 1628 sine

314 1649 837 1729 interturbatione,
875 1648 1066 1730 gloria
1104 1647 1231 1710 sine
1266 1648 1429 1729 labe,
1470 1648 1527 1709 &
1564 1646 1688 1709 vita
1725 1646 1852 1709 sine
1888 1648 2010 1709 fine
2047 1649 2354 1709 aeternum
2393 1650 2589 1709 futura
2617 1656 2734 1728 est,
2767 1646 2832 1709 in
2869 1645 3109 1708 Christo
3127 1648 3264 1708 Iesu

314 1730 502 1793 vnico
542 1731 858 1793 Seruatore
895 1742 1123 1791 nostro.

403 1814 495 1873 Te
534 1821 753 1889 autem,
790 1809 831 1873 6
870 1812 1037 1871 Deus
1076 1811 1133 1871 δε
1170 1811 1345 1871 Pater
1364 1806 1831 1888 miserationum,
1866 1806 1972 1887 qui
1999 1817 2246 1887 propter
2263 1806 2694 1870 sanctissimum
2715 1807 2900 1869 filium
2923 1806 3258 1869 dilectionis

322 1901 463 1953 tuae
501 1888 922 1971 gratiosissime
961 1889 1235 1951 misertus
1272 1886 1461 1950 nostri
1499 1887 1735 1950 voluisti
1774 1908 1887 1951 nos
1918 1888 1982 1949 in
2019 1888 2388 1950 consortium
2427 1888 2592 1967 pacis
2633 1891 2688 1950 δι
2710 1888 2910 1967 gaudij
2947 1885 3262 1966 spiritualis

329 1972 663 2051 adducere,
721 1972 887 2050 quod
945 1970 1252 2032 Ecclesiae
1312 1980 1451 2031 tuae
1488 1968 1551 2030 in
1594 1968 1810 2031 eodem
1856 1968 1982 2030 filio
2019 1978 2126 2030 tuo
2165 1970 2472 2030 aeternum
2519 1966 2943 2047 praeparauisti
2957 2012 2976 2047 ,
3017 1970 3264 2047 supplex

330 2070 441 2113 oro
482 2052 795 2113 condones
836 2052 1037 2113 omnia
1074 2060 1323 2129 peccata
1361 2060 1566 2111 nostra
1581 2094 1600 2129 ,
1674 2047 1815 2127 quia
1857 2048 2236 2128 peccauimus
2275 2048 2338 2109 in
2378 2059 2466 2125 te3
2530 2050 2587 2111 δι
2627 2048 2992 2111 mortificans
3025 2068 3264 2110 carnem

322 2142 595 2194 nostram
636 2146 775 2193 cum
815 2130 941 2193 eius
980 2128 1506 2210 concupiscentiis,
1545 2148 1747 2191 veram
1788 2128 2070 2191 laetitiam
2109 2129 2271 2191 illam
2311 2128 2671 2208 spiritualem
2707 2148 2783 2190 ex
2812 2148 2950 2191 vera
2969 2128 3268 2191 charitatis

322 2222 565 2274 sanctae
605 2210 973 2275 conscientia
1012 2209 1490 2291 proficiscentem
1532 2212 1673 2271 cum
1712 2208 1775 2271 in
1814 2229 1912 2271 me
1950 2208 2084 2289 ipso
2099 2255 2117 2289 ,
2158 2220 2284 2271 tum
2319 2208 2380 2270 in
2417 2208 2697 2272 omnibus
2736 2208 2912 2272 nobis
2941 2208 3268 2289 ingeneres,

329 2291 635 2370 faciasque
671 2303 741 2353 vt
777 2310 1081 2369 nunquam
1122 2291 1217 2369 alij
1263 2289 1391 2352 aliis
1428 2288 1829 2369 inuideamus,
1870 2300 1973 2351 aut
2013 2288 2442 2367 impedimento
2485 2288 2666 2351 sirnus
2683 2336 2701 2369 ,
2739 2299 2844 2351 aut
2884 2288 3062 2351 etiam
3099 2290 3261 2352 labe-

326 2374 656 2453 factemus,
697 2382 801 2433 aut
840 2372 985 2449 de(f.
1010 2372 1460 2450 761)turbemus
1499 2370 1579 2431 de
1618 2369 2044 2433 communione
2085 2368 2187 2432 illa
2225 2386 2406 2450 quam
2445 2369 2700 2450 imperas
2716 2416 2734 2450 ,
2774 2380 2877 2431 aut
2917 2368 3116 2431 ordini
3156 2380 3264 2431 tuo

332 2455 741 2532 aduersemur,
776 2463 880 2514 aut
921 2451 1059 2532 paci
1103 2451 1458 2516 obsistamus
1471 2496 1489 2530 ,
1528 2461 1631 2512 aut
1669 2454 1899 2513 bonum
1939 2453 1997 2514 &
2035 2450 2460 2513 amoenitatem
2475 2496 2493 2531 ,
2534 2468 2714 2529 qnam
2753 2449 2817 2511 in
2838 2451 3266 2514 communione

330 2544 671 2596 sanctorum
712 2533 988 2612 posuisti,
1030 2532 1480 2594 interuertamus
1518 2551 1627 2610 per
1658 2530 1943 2593 malitiam
1958 2577 1978 2611 ,
2029 2530 2461 2598 infirmitatem,
2511 2531 2968 2608 imprudentiam
2981 2575 2999 2610 ,
3039 2542 3140 2592 aut
3179 2531 3262 2611 ig·

328 2613 705 2676 notationem
745 2623 1011 2675 nostram
1050 2623 1282 2692 mente,
1323 2611 1525 2674 animo
1538 2655 1559 2690 ,
1597 2630 1871 2674 sermone
1884 2657 1904 2692 ,
1942 2621 2046 2673 aut
2083 2613 2276 2673 facto:
2319 2612 2425 2674 sed
2463 2610 2659 2690 potius
2699 2609 2992 2704 quidquid
3011 2611 3265 2691 bonum,

330 2705 619 2774 sanctum,
658 2694 877 2756 iustum
891 2738 910 2773 ,
950 2693 1007 2753 δε
1050 2692 1413 2756 conueniens
1452 2691 1723 2753 charitati
1762 2703 1851 2752 est
1864 2736 1883 2770 ,
1921 2691 2070 2754 illud
2108 2691 2326 2754 virtute
2365 2691 2614 2770 Spiritus
2650 2701 2737 2753 tur
2777 2691 2894 2754 acti
2915 2689 3262 2770 cogitemuS,

330 2776 705 2854 studeamus,
742 2775 1120 2855 eloquamur3
1160 2789 1461 2837 seruemus
1478 2816 1496 2851 ,
1536 2770 1935 2851 faciamusque
1975 2774 2056 2833 ad
2093 2771 2346 2850 gloriam
2369 2771 2455 2833 tui
2478 2770 2766 2833 nominis:
2797 2771 2894 2852 da,
2928 2771 2969 2832 6
2991 2772 3257 2834 caelestis

324 2857 531 2934 Pater,
568 2865 633 2918 vt
673 2865 733 2916 te
770 2855 1059 2915 lehouam
1099 2870 1569 2934 cognoscamus,
1610 2855 1667 2914 &
1708 2853 1957 2914 domum
2006 2863 2171 2913 tuam
2210 2852 2273 2913 in
2313 2863 2400 2930 te,
2440 2869 2596 2946 quae
2633 2854 2918 2931 spelunca
2955 2856 3113 2915 foret
3131 2853 3258 2914 sine

326 2945 421 3017 te3
460 2935 567 3015 da,
613 2946 678 2995 vt
714 2935 999 2997 adeuntes
1046 2933 1295 2996 domurn
1328 2943 1521 3010 tuam,
1558 2933 1616 2992 &
1656 2933 2045 2994 consistentes
2071 2932 2134 2993 in
2169 2951 2269 3011 ea,
2298 2933 2671 2994 sanctissimo
2689 2935 2820 2994 zelo
2841 2950 3259 3012 agnoscamus,

331 3021 683 3094 semperque
721 3015 1008 3076 laetemur
1045 3013 1123 3075 de
1162 3013 1233 3076 iis
1273 3013 1377 3092 qui
1415 3013 1653 3086 dicunt,
1714 3015 1771 3074 δι
1810 3012 2058 3075 consilia
2098 3012 2338 3092 capiunt
2383 3014 2460 3075 de
2501 3012 2769 3074 Ecclesia
2807 3023 2910 3073 tua
2953 3013 3258 3093 adeunda,

331 3095 529 3158 studio
572 3094 795 3174 gloriae
836 3103 1002 3172 tuae,
1040 3095 1097 3156 δι
1137 3095 1339 3157 salutis
1378 3111 1551 3154 suae:
1598 3092 1707 3174 da,
1746 3103 1810 3156 vt
1839 3093 2114 3155 Ecclesia
2153 3093 2378 3172 optime
2419 3103 2760 3155 constructa
2799 3091 2872 3155 sit
2881 3114 2906 3187 3
2940 3096 2997 3156 &
3037 3097 3258 3155 refecta

328 3176 465 3237 labe
502 3175 683 3252 illius,
727 3192 882 3255 quae
921 3177 1041 3236 hoc
1075 3185 1346 3254 tempore
1384 3172 1745 3253 amplissima
1782 3181 1906 3248 est,
1946 3183 2300 3252 coagmenta
2337 3173 2566 3252 lapides
2603 3173 2775 3235 vinos
2815 3173 2968 3236 illius
3007 3174 3252 3254 pariter:

330 3257 425 3317 fac
438 3301 457 3335 ,
508 3266 576 3317 vt
624 3273 835 3317 omnes
876 3256 1203 3317 ascendant
1244 3259 1318 3317 eo
1358 3255 1437 3316 ad
1478 3253 1927 3333 percipiendum
1969 3253 2372 3315 testimonium
2410 3253 2576 3316 verbi
2614 3253 2880 3316 salutaris
2919 3253 3036 3334 tui,
3076 3257 3133 3316 δι
3165 3273 3259 3315 ce-

330 3335 722 3398 lebrationem
763 3334 1023 3397 nominis
1062 3335 1148 3397 tui
1188 3335 1613 3398 exercendam:
1656 3335 1823 3396 effice
1836 3380 1855 3413 ,
1896 3335 1937 3396 6
1978 3337 2144 3395 Deus
2184 3332 2438 3414 ordinis,
2475 3345 2540 3394 vt
2563 3334 2750 3397 iustus
2779 3335 2934 3396 ordo
2963 3334 3024 3396 in
3045 3335 3260 3397 misera

336 3415 770 3479 christianitate
830 3415 1121 3478 obtineat:
1183 3425 1247 3477 vt
1305 3413 1409 3494 qui
1460 3416 1639 3476 rebus
1676 3413 1860 3476 sacris
1898 3425 2180 3493 praesunt
2193 3460 2211 3495 ,
2251 3433 2352 3475 eas
2395 3424 2717 3494 procurent
2753 3419 2954 3476 sancte
2969 3461 2988 3495 ,
3027 3416 3261 3478 abiecta

336 3513 537 3558 rerum
575 3494 822 3558 aliarum
868 3495 1133 3558 omnium
1174 3495 1565 3575 cogitatione,
1608 3495 1664 3554 ὅτ
1702 3493 1937 3556 adiecto
1971 3495 2172 3557 animo
2213 3496 2292 3555 ad
2329 3497 2580 3556 salutem
2618 3495 2812 3574 gregis
2850 3495 3034 3577 illius,
3077 3514 3258 3574 quem

339 3575 489 3638 filius
528 3576 777 3639 dilectus
817 3586 953 3638 tuus
984 3575 1268 3656 sanguine
1308 3574 1573 3656 pretioso
1612 3591 1723 3636 suo
1760 3573 2131 3653 comparauit
2142 3594 2163 3667 3
2200 3585 2266 3634 vt
2303 3573 2405 3653 qui
2425 3576 2602 3637 rebus
2623 3573 2892 3637 ciuilibus
2913 3579 2969 3638 &
2988 3575 3262 3638 humanis

337 3655 617 3736 praefecti
676 3667 844 3736 sunt,
904 3656 1022 3719 suis
1081 3656 1345 3735 partibus
1402 3667 1530 3718 tum
1568 3656 1629 3716 in
1670 3674 1765 3716 res
1802 3653 2072 3733 publicas
2111 3653 2224 3716 s1bi
2262 3655 2637 3732 commissas,
2693 3664 2821 3718 tum
2863 3655 2924 3717 in
2966 3667 3028 3717 te
3057 3659 3096 3716 a
3137 3673 3258 3733 quo

338 3737 533 3798 omnis
572 3746 833 3816 potestas
874 3747 991 3814 est,
1031 3735 1368 3798 fidelissime
1406 3738 1857 3827 perfungantur,
1909 3743 2132 3828 tuoque
2175 3735 2370 3796 ordini
2407 3734 2762 3797 inseruiant:
2801 3735 2942 3798 inde
2980 3735 3260 3798 omnibus

339 3817 545 3896 simul,
583 3817 895 3896 praefectis
934 3819 991 3878 δι
1033 3816 1282 3878 subditis
1296 3863 1314 3896 ,
1355 3815 1758 3895 superioribus
1796 3815 1851 3875 δι
1880 3814 2278 3893 infenoribuS,
2295 3833 2502 3877 verum
2525 3815 2782 3876 studium
2803 3816 2968 3894 pacis
2987 3815 3262 3894 publicae

334 3897 398 3958 in
456 3897 739 3960 societate
793 3899 1053 3958 humana
1112 3899 1169 3957 δι
1228 3897 1287 3958 in
1348 3895 1767 3958 Ecclesiastica
1812 3907 2156 3956 sanctorum
2198 3893 2615 3956 communione
2651 3896 3090 3974 persequenda,
3131 3905 3258 3956 tum

340 3987 585 4056 propter
620 3980 830 4039 fratres
868 3979 925 4038 &
964 3976 1191 4039 amicos
1230 3995 1439 4039 omnes
1454 4021 1472 4057 ,
1524 3987 1651 4038 tum
1690 3979 2008 4055 propterea
2043 3974 2212 4052 quod
2249 3976 2399 4036 haec
2439 3975 2654 4036 domus
2693 3983 2796 4036 tua
2833 3987 2954 4050 est,
2995 3976 3036 4037 6
3077 3977 3260 4054 DeuS,

340 4057 445 4136 qui
480 4057 755 4136 dignatus
796 4077 861 4120 es
900 4057 1171 4119 Ecclesia
1209 4055 1375 4136 capi,
1418 4055 1691 4134 quamuis
1730 4055 1879 4117 caeli
1919 4057 2222 4116 caelorum
2261 4073 2386 4116 non
2427 4059 2664 4134 capiant
2701 4063 2792 4116 te:
2833 4057 2930 4134 da,
2950 4066 3015 4115 vt
3031 4057 3262 4117 bonum

341 4137 881 4216 amoenitatemque
921 4136 1359 4199 communionis
1394 4136 1547 4198 illius
1584 4135 1865 4198 omnibus
1906 4134 2284 4197 documentis
2321 4146 2570 4196 naturae
2608 4137 2663 4197 δι
2705 4135 2925 4214 gratiae
2966 4135 3266 4197 discamus

344 4235 738 4296 cognoscere,
778 4221 835 4280 δι
876 4235 1073 4280 rerum
1114 4218 1357 4280 istarum
1396 4216 1929 4295 comprehensione
1971 4215 2267 4295 possimus
2305 4215 2508 4276 omnia
2543 4217 2775 4295 fugere,
2819 4216 3104 4291 auersas-i,
3159 4233 3264 4294 op-

346 4313 610 4376 pugnare
623 4344 642 4376 ,
680 4299 953 4378 vincere,
1004 4315 1389 4378 perrumpere
1402 4343 1420 4370 ,
1480 4314 1633 4375 quae
1672 4297 1833 4357 illam
1872 4297 2354 4358 communionem
2395 4305 2733 4357 sanctorum
2747 4340 2766 4375 ,
2806 4297 3153 4374 bonumque
3206 4297 3262 4355 δι

347 4377 763 4442 amoenitatem
802 4377 957 4442 illius
994 4378 1357 4459 praeripiunt
1394 4377 1699 4440 Ecclesiae
1738 4386 1893 4438 tuae.
1932 4377 2223 4458 Attende,
2275 4377 2316 4439 6
2355 4378 2551 4460 Deus,
2591 4379 2625 4440 e
2664 4377 2836 4440 caelo
2851 4420 2869 4456 ,
2908 4379 2966 4521 ἓ
3005 4375 3231 4518 respisse
3244 4421 3262 4452 ,

2573 4493 2586 4507 ·
2985 4474 3124 4518 man
3203 4466 3264 4518 ta
