3923 4875
579 305 651 364 62
1548 321 1651 364 nii
1710 321 1931 364 VERA
1991 319 2526 365 rnnonociA.

574 501 725 560 quae
766 482 1126 560 procedente
1166 493 1431 560 tempore
1470 481 1709 541 rationis
1751 486 1978 545 cultura
2015 494 2328 562 assurgunt
2355 483 2434 542 ad
2455 481 2867 542 conclusiones
2890 483 2945 540 δι
2965 481 3481 542 determinationes

574 562 759 624 iustae
800 561 1077 623 scientiae
1116 581 1225 639 pro
1265 572 1506 622 naturae
1546 563 1838 624 humanae
1880 565 2094 624 modo:
2139 563 2223 623 sic
2265 562 2441 624 etiam
2481 561 2540 620 in
2576 579 2758 638 opere
2779 560 3029 639 gratiae,
3052 563 3217 622 Deus
3237 573 3479 622 naturae

568 642 837 704 ordinem
877 641 1135 703 imitatus
1173 645 1211 702 a
1250 641 1549 720 principiis
1586 643 1809 720 gratiae
1848 647 1904 705 &
1934 643 2258 720 sapientiae
2287 642 2440 703 illius
2460 639 2794 721 exorditur3
2815 659 2966 719 quae
2992 640 3278 720 principia
3301 641 3477 703 nobis

564 722 625 783 in
666 721 786 782 vita
825 725 941 782 hac
984 741 1090 800 per
1126 721 1376 800 gratiam
1414 721 1605 782 infusa
1642 721 1953 802 irrigantur
1994 725 2050 782 δι
2087 733 2415 801 augescunt
2454 723 2666 782 eadem
2703 720 2946 796 virtute,
2990 722 3185 783 donec
3219 725 3475 801 comple·

564 813 827 864 mentum
866 802 1127 881 gloriosa
1162 802 1277 863 Dei
1315 801 1543 864 visione
1581 802 1638 861 δι
1676 803 2102 866 communione
2139 803 2202 864 in
2243 802 2424 864 coelis
2465 801 2859 863 obtineamus
2920 803 3066 862 Sunt
3107 801 3282 881 igitur
3319 801 3474 894 prin-

564 882 721 960 cipia
755 884 935 961 haec,
978 881 1101 944 siue
1140 881 1392 944 semina:
1434 894 1845 961 argumentum
1886 883 2254 964 Theologiae
2283 882 2465 962 illius,
2487 899 2666 960 quam
2687 881 3082 961 Theologiam
3101 881 3475 944 reuelationis

562 965 945 1041 appellamus.
992 963 1191 1022 Thess.
1236 979 1368 1023 xm.
1419 963 1541 1022 Est
1572 971 1759 1024 autem
1795 965 2116 1039 Theologia
2155 965 2529 1023 reuelationis
2567 981 2716 1040 quae
2753 963 2847 1021 hic
2876 965 3328 1022 communicatur
3347 982 3472 1021 cum

563 1044 816 1102 humano
845 1061 1088 1120 genere:
1128 1063 1303 1120 quam
1338 1046 1509 1103 ctiam
1547 1062 1662 1101 non
1699 1045 2045 1104 incommode
2092 1045 2466 1120 Theologiam
2505 1049 2768 1101 nostram
2804 1043 3212 1120 appellaueris.
3268 1044 3471 1117 Quum

561 1122 937 1184 reuelationis
975 1122 1369 1201 Theologiam
1409 1120 1659 1184 dicimus
1672 1168 1693 1202 ,
1730 1142 1855 1183 non
1896 1125 2149 1184 obscure
2182 1123 2342 1183 idem
2373 1121 2738 1183 ostendimus
2771 1121 2936 1199 quod
2965 1123 3143 1199 paule
3163 1126 3298 1184 ante
3317 1121 3475 1182 dice-

560 1204 791 1264 bamus.
830 1204 987 1262 Nam
1025 1201 1254 1263 homini
1292 1201 1353 1263 in
1392 1203 1505 1263 hac
1546 1201 1665 1262 vita
1706 1203 1856 1264 solet
1895 1203 2168 1264 accidere
2205 1212 2476 1279 respectu
2513 1201 2780 1262 salutaris
2821 1200 3040 1280 gratiae
3053 1248 3071 1280 ,
3113 1212 3292 1279 prout
3325 1201 3474 1263 aciei

561 1285 875 1344 oculorum
934 1292 1273 1344 nostrorum
1332 1282 1392 1342 in
1442 1283 1615 1342 rebus
1656 1281 1968 1344 cernendis
2009 1281 2242 1344 accidit.
2284 1285 2406 1343 Res
2441 1279 2960 1359 longinquissimas
2973 1326 2992 1359 ,
3039 1281 3310 1359 quamuis
3347 1301 3474 1341 am-

558 1361 849 1440 plissimas
862 1408 881 1438 ,
942 1363 1148 1422 oculus
1206 1381 1331 1423 non
1380 1361 1571 1441 videt,
1630 1362 1767 1440 quia
1826 1361 2164 1425 debilitatur
2215 1361 2600 1438 hebescitque
2651 1361 2742 1422 vis
2795 1361 2894 1422 illa
2933 1363 3246 1423 oculorum
3287 1360 3472 1422 nimio

560 1459 754 1503 rerum
792 1441 1135 1503 interuallo:
1177 1442 1421 1520 propius
1459 1441 1879 1503 accedentibus
1919 1461 2015 1504 res
2055 1442 2330 1503 videntur
2369 1443 2662 1502 obscurae
2675 1487 2692 1518 ,
2714 1461 2786 1500 ac
2809 1460 2933 1502 non
2957 1441 3469 1522 internoscuntiir3

560 1522 831 1600 proxime
888 1528 1031 1585 vero
1086 1522 1361 1583 admotae
1411 1524 1467 1583 δι
1508 1541 1619 1599 pro
1661 1521 2008 1583 conditione
2047 1522 2206 1584 visus
2244 1521 2461 1599 nostri,
2503 1532 2949 1599 cognoscuntur
2987 1523 3178 1599 plane.
3241 1521 3470 1582 Eadem

560 1601 709 1664 ratio
749 1613 841 1664 est
872 1603 934 1664 in
974 1601 1496 1680 comtemplatione
1536 1603 1593 1662 ὅτ
1638 1602 2182 1665 communicatione
2221 1601 2474 1696 gratiae:
2515 1601 2734 1662 etenim
2772 1600 3020 1679 gratiam
3058 1601 3221 1663 illam
3251 1603 3469 1662 lucem-

558 1699 674 1760 que
714 1686 845 1760 re(f.
890 1685 1217 1762 1389.)rum
1256 1681 1617 1760 diuinarum,
1658 1683 1819 1742 velut
1858 1699 2040 1759 quam
2077 1682 2417 1762 longissime
2438 1699 2616 1760 supra
2635 1701 2746 1741 nos
2765 1684 2821 1741 δι
2841 1701 2934 1742 res
2954 1701 3162 1744 omnes
3183 1680 3434 1760 positam
3450 1727 3468 1760 ,

557 1762 758 1823 videre
796 1782 974 1823 nemo
1016 1761 1281 1823 nosti-{im
1316 1769 1536 1839 potest;
1570 1760 1913 1840 praesertim
1954 1766 2093 1823 cum
2126 1762 2379 1824 caecitas
2398 1761 2612 1822 mentis
2631 1771 2872 1822 nostrae
2893 1780 2967 1822 eo
2987 1761 3328 1840 accesserit,
3347 1779 3466 1840 qua

558 1841 911 1919 impedimur
950 1841 1011 1901 in
1051 1841 1525 1921 contemplandis
1564 1841 1779 1902 diuinis
1815 1844 2022 1918 rebus,
2063 1841 2294 1903 etiarnsi
2333 1861 2442 1920 per
2481 1861 2545 1902 se
2565 1845 2813 1920 possent
2831 1860 2936 1902 eae
2955 1841 3182 1920 percipi
3201 1851 3464 1904 contem-

559 1921 821 1998 platione
861 1932 1080 1982 nostra.
1139 1921 1343 1996 Quum
1382 1931 1578 1982 autem
1619 1924 1755 1982 Deo
1794 1922 1986 1984 visum
2025 1933 2116 1984 est
2135 1942 2228 1984 res
2247 1921 2375 1983 illas
2397 1923 2865 1998 supernaturales
2883 1921 3204 1982 admouere
3223 1921 3466 2000 propius

558 1999 745 2062 oculis
786 2001 999 2062 mentis
1039 2011 1277 2062 nostrae
1313 2020 1422 2080 per
1460 2003 1855 2080 Theologiam
1893 2003 2079 2082 hanc,
2121 2021 2300 2080 quam
2335 2001 2709 2063 reuelationis
2739 2003 3132 2081 appellamuS,
3154 2012 3281 2062 tum
3299 2001 3466 2079 quasi

561 2083 594 2140 e
653 2080 980 2159 long-inquo
1042 2081 1316 2142 videntur
1364 2081 1465 2142 illa
1518 2083 1808 2144 beneficia
1846 2082 2097 2162 gratiae,
2137 2086 2195 2144 &
2233 2081 2466 2143 videtui·
2505 2082 2668 2142 Deus
2705 2092 3004 2142 tantorum
3041 2081 3466 2143 beneficiorum

556 2170 791 2221 auctor:
833 2161 941 2222 sed
979 2160 1062 2223 ita
1098 2172 1300 2222 tamen
1338 2172 1402 2222 vt
1441 2162 1837 2224 communiter
1873 2163 2070 2223 adhuc
2083 2209 2102 2238 ,
2140 2165 2197 2223 δι
2239 2165 2493 2224 obscure
2507 2207 2526 2239 ,
2565 2165 2622 2222 &
2661 2162 3008 2255 imperfecte
3041 2161 3350 2222 videamus
3364 2207 3381 2240 ,
3401 2172 3468 2222 vt

557 2239 659 2317 qui
716 2240 998 2317 paulatim
1046 2241 1340 2302 accedunt
1384 2241 1627 2320 propius
1680 2243 1759 2303 ad
1794 2261 1921 2304 rem
1960 2243 2150 2304 oculis
2189 2243 2308 2304 suis
2348 2241 2675 2319 expositam
2712 2243 2915 2303 videre
2954 2243 3165 2303 solent.
3207 2243 3326 2303 Sed
3363 2241 3466 2303 vbi

557 2318 914 2380 curriculum
955 2319 1110 2382 vitae
1148 2321 1311 2382 istius
1325 2367 1343 2400 ,
1383 2321 1443 2382 in
1484 2339 1602 2398 qua
1644 2322 2084 2400 peregrinamur
2121 2327 2158 2384 a
2194 2322 2460 2384 Domino
2473 2367 2493 2401 ,
2526 2321 2752 2383 emensi
2768 2322 3081 2400 fuerimus,
3100 2320 3280 2399 idque
3301 2341 3462 2400 prae-

554 2401 786 2461 lucente
822 2400 1193 2464 reuelationis
1234 2403 1361 2464 face
1377 2450 1394 2483 ,
1435 2419 1614 2481 quam
1656 2402 1832 2465 docet
1869 2404 2023 2465 haec
2065 2402 2422 2482 Theologia:
2465 2411 2592 2463 tum
2629 2401 2900 2463 cominus
2937 2399 3115 2463 visuri
3153 2418 3356 2463 sumus
3369 2448 3387 2480 ,
3407 2402 3463 2462 δι

554 2480 979 2559 perfectionem
1020 2482 1376 2562 cognitionis
1416 2482 1476 2543 in
1515 2482 1752 2545 Christo
1794 2482 2092 2575 adepturi,
2113 2502 2265 2561 quae
2285 2482 2620 2561 Theologia
2638 2482 2878 2544 visionis
2897 2482 3244 2561 appellatur.
3285 2484 3464 2541 Hanc

555 2565 698 2621 vero
759 2563 1153 2642 Theologiam
1200 2562 1584 2624 'reuelationis
1597 2609 1615 2636 ,
1658 2581 1811 2641 quae
1850 2574 2030 2624 etiam
2067 2574 2271 2625 nostra
2309 2562 2526 2624 dicitur
2539 2609 2558 2641 ,
2593 2564 2812 2624 eodem
2853 2565 3030 2640 plane
3071 2560 3282 2624 ordine
3320 2561 3463 2622 defi-

551 2640 746 2701 nimus
804 2659 926 2720 quo
981 2643 1433 2705 antecedentem
1490 2643 1755 2705 fecimus.
1822 2644 1971 2704 Sunt
2031 2643 2190 2705 enim
2238 2661 2423 2723 genus
2476 2644 2531 2702 81
2571 2642 2900 2703 differentia
2939 2640 3272 2703 communis
3311 2641 3434 2702 eius
3447 2688 3463 2719 ,

553 2722 850 2798 Sapientia
889 2743 1089 2783 rerum
1129 2726 1493 2783 diuinarum:
1534 2740 1683 2801 quas
1720 2743 1903 2785 voces
1938 2723 2077 2786 idee
2119 2742 2244 2784 non
2277 2722 2698 2802 expressimus,
2721 2720 2859 2800 quia
2879 2740 2952 2782 ex
2970 2720 3463 2799 praecedentibus

553 2804 752 2878 aperte
784 2801 1200 2881 intellig-untur.
1238 2803 1602 2895 Singulas-em
1643 2809 1783 2866 vero
1824 2802 2213 2865 differentiam
2255 2802 2430 2864 huius
2467 2802 2835 2882 Theologiae
2875 2802 2953 2861 ab
2992 2800 3119 2862 aliis
3158 2800 3298 2881 illis,
3317 2820 3463 2878 quas

554 2884 689 2941 ante
738 2881 1220 2944 adumbrauimus
1235 2929 1252 2961 ,
1305 2885 1396 2943 his
1433 2883 1628 2944 verbis
1668 2882 2232 2944 demonstrauimus:
2274 2904 2423 2961 quae
2460 2885 2553 2943 Ιιίι·
2593 2884 3007 2942 communicata
3045 2902 3171 2941 cum
3210 2883 3463 2941 humano

545 2980 778 3036 genere.
818 2962 1039 3023 Modus
1077 2974 1167 3024 est
1204 2966 1757 3025 communicationis:
1801 2962 2146 3025 Subiectum
2185 2963 2263 3024 ad
2303 2980 2482 3041 quam
2521 2964 2671 3023 haec
2709 2960 3172 3023 communicatio
3212 2960 3464 3040 pertinet

553 3042 867 3100 humanum
919 3062 1109 3118 genus
1170 3042 1465 3103 statuitur:
1525 3045 1694 3104 locus
1754 3046 1810 3105 δι
1870 3054 2103 3123 tempus
2164 3042 2519 3104 definiuntur
2575 3063 2726 3104 voce
2739 3088 2756 3121 ,
2811 3044 2906 3101 hic
2922 3088 2939 3119 ,
2979 3040 3043 3101 id
3083 3051 3173 3103 est
3186 3086 3203 3117 ,
3247 3041 3309 3101 in
3347 3042 3462 3101 hac

552 3119 802 3181 statione
848 3122 903 3179 δι
942 3133 1252 3199 praesente
1293 3124 1514 3183 seculo.
1570 3124 1803 3198 Quibus
1842 3142 1914 3183 ex
1953 3126 2133 3185 rebus
2175 3122 2487 3185 conficitur
2526 3122 2675 3184 illud
2712 3120 3046 3185 necessario
3063 3166 3080 3199 ,
3120 3122 3286 3199 quod
3323 3124 3461 3181 ante

550 3198 1024 3275 perstrinximus:
1067 3200 1345 3261 nimirum
1384 3203 1583 3262 lumen
1625 3203 2016 3264 intellectuale
2045 3202 2218 3264 huius
2236 3202 2602 3281 Theologiae
2622 3221 2746 3263 non
2767 3220 3120 3279 permanens
3140 3246 3158 3279 ,
3180 3203 3285 3262 sed
3305 3210 3460 3261 tran·

551 3278 732 3339 siens:
771 3299 897 3340 non
936 3282 1267 3359 perfectum
1306 3280 1678 3359 simpliciter,
1719 3283 1825 3343 sed
1862 3286 2090 3343 tantum
2129 3284 2459 3375 perfectum
2499 3284 2554 3342 &
2592 3284 2930 3343 absolutum
2969 3282 3296 3342 secundum
3317 3280 3461 3358 quid

553 3358 835 3435 appellari
893 3379 1085 3438 posse.
1146 3363 1301 3421 Nam
1358 3360 1482 3422 siue
1538 3362 1787 3423 modum
1845 3362 2401 3424 communicationis
2453 3372 2786 3440 spectemus
2801 3407 2818 3439 ,
2866 3364 3145 3421 reuelatio
3185 3370 3272 3421 est
3287 3405 3304 3437 ,
3344 3377 3460 3437 qua

552 3440 715 3499 Deus
774 3456 897 3499 non
955 3450 1147 3502 totum
1207 3440 1509 3501 obiectum
1562 3442 1955 3519 Theologiae,
1998 3453 2175 3520 prout
2215 3452 2304 3502 est
2319 3488 2335 3520 ,
2377 3442 2590 3520 aperit:
2636 3443 2744 3502 sed
2783 3451 2961 3517 prout
2996 3443 3074 3501 ab
3115 3438 3356 3501 homine
3399 3439 3460 3499 in

550 3520 665 3579 hac
704 3518 955 3580 statione
996 3522 1051 3580 δι
1090 3518 1427 3580 infirmitate
1465 3520 1588 3581 eius
1628 3521 2054 3600 comprehendi
2091 3532 2318 3601 potest:
2360 3522 2498 3582 Siue
2537 3524 2866 3583 subiectum
2890 3519 3086 3598 ipsum
3105 3518 3455 3600 respexeris,

552 3598 696 3658 nihil
760 3602 916 3660 certe
976 3600 1095 3660 hoc
1158 3600 1237 3659 ad
1299 3598 1585 3661 infinitam
1645 3600 1865 3661 obiecti
1914 3600 2068 3662 illius
2107 3602 2584 3680 amplitudinem,
2625 3600 2700 3661 de
2742 3617 2860 3678 qua
2897 3620 2974 3661 ne
3014 3620 3121 3692 per
3161 3598 3455 3661 somnium

554 3677 792 3755 quidem
832 3680 893 3739 in
932 3689 1191 3740 mentem
1228 3678 1455 3739 homini
1494 3680 1692 3741 venire
1728 3690 1951 3758 potest:
1996 3682 2132 3743 Siue
2174 3680 2425 3758 denique
2463 3680 2665 3741 animo
2705 3683 2760 3740 δι
2802 3679 3162 3759 cogitatione
3193 3688 3454 3740 contem-

552 3756 728 3835 pleris
763 3760 921 3819 hanc
961 3758 1275 3820 stationem
1313 3769 1577 3820 nostram
1615 3760 1954 3839 longissime
1993 3765 2030 3822 a
2069 3764 2202 3823 Deo
2243 3760 2534 3835 dissitam,
2575 3762 2631 3820 δι
2651 3759 3002 3821 breuitatem
3024 3758 3456 3836 vanitatemque

552 3836 716 3898 istius
775 3838 905 3898 aeui
964 3838 1180 3917 nostri,
1242 3838 1367 3899 fieri
1426 3842 1695 3915 profecto
1756 3859 1879 3900 non
1938 3851 2162 3919 potest,
2214 3840 2356 3918 quin
2396 3840 2740 3902 tenuitatem
2778 3842 2994 3900 horum
3033 3838 3457 3917 principiorum

546 3935 934 3995 agnoscamus
974 3922 1011 3977 a
1051 3936 1284 3979 summa
1326 3918 1693 3997 perfectione
1732 3920 2006 3981 coelestis
2045 3919 2198 3981 illius
2250 3920 2617 3999 Theologiae
2657 3918 2978 3997 plurimum
3018 3917 3309 3979 dissitam:
3370 3920 3456 3977 Vt

546 4000 619 4056 ee
681 3995 1008 4073 religiosius
1066 4018 1174 4075 per
1232 3999 1383 4059 haec
1444 3998 1643 4059 tenuia
1692 3998 1927 4060 diuinae
1981 3998 2202 4077 gratiae
2242 4000 2603 4061 documenta
2641 3999 3069 4060 contendamus
3107 3999 3186 4057 ad
3225 4014 3456 4057 summa

537 4075 664 4150 illa,
706 4074 1117 4155 enitamurque
1158 4077 1372 4155 singuli
1410 4078 1869 4158 diligentissime.
1910 4078 2096 4155 Quod
2129 4079 2178 4139 si
2215 4078 2347 4155 quis
2386 4090 2584 4141 tamen
2625 4082 2868 4140 alteram
2897 4076 3067 4138 huius
3087 4077 3453 4155 Theologiae

541 4151 942 4243 definitionem
983 4175 1089 4233 per
1127 4175 1335 4218 causas
1374 4158 1788 4237 postulauerit,
1829 4168 1893 4219 vt
1928 4159 2182 4218 antehac
2220 4158 2466 4220 fecimus
2498 4160 2558 4220 in
2594 4158 2873 4237 persimili
2893 4168 3240 4234 argumento
3256 4203 3273 4236 ,
3293 4157 3454 4217 haud

546 4252 673 4293 scio
724 4252 800 4292 an
838 4236 989 4294 haec
1030 4238 1352 4297 commoda
1392 4238 1467 4299 sit
1504 4240 1726 4299 futura:
1788 4240 2110 4314 Theologia
2148 4246 2352 4298 nostra
2393 4248 2480 4298 est
2514 4240 2812 4313 Sapientia
2849 4256 3048 4296 rerum
3089 4240 3422 4297 diuinarum
3436 4283 3452 4310 ,

553 4312 900 4374 reuelatione
921 4324 1043 4392 per
1081 4316 1365 4393 Spiritum
1405 4319 1529 4377 Dei
1563 4320 1978 4379 communicata
2017 4326 2268 4379 naturae
2305 4320 2477 4378 liuius
2509 4328 2617 4377 aut
2643 4320 2886 4393 gratiae
2921 4318 3193 4386 beneficio
3227 4338 3350 4377 cum
3381 4320 3454 4376 iis

3252 4416 3350 4473 qut
3390 4416 3452 4454 m
