<?xml version="1.0" encoding="UTF-8"?>
<!DOCTYPE html PUBLIC "-//W3C//DTD XHTML 1.0 Transitional//EN"
    "http://www.w3.org/TR/xhtml1/DTD/xhtml1-transitional.dtd">
<html xmlns="http://www.w3.org/1999/xhtml" xml:lang="en" lang="en">
 <head>
  <title>
</title>
<meta http-equiv="Content-Type" content="text/html;charset=utf-8" />
  <meta name='ocr-system' content='tesseract 3.04.00' />
  <meta name='ocr-capabilities' content='ocr_page ocr_carea ocr_par ocr_line ocrx_word'/>
</head>
<body>
  <div class='ocr_page' id='page_1' title='image "./dfranciscijunii00junigoog_0498.png"; bbox 0 0 3923 4875; ppageno 0'>
   <div class='ocr_carea' id='block_1_1' title="bbox 573 0 2432 33">
    <p class='ocr_par' dir='ltr' id='par_1_1' title="bbox 573 0 2432 33">
     <span class='ocr_line' id='line_1_1' title="bbox 573 0 2432 33; baseline 0.001 -15"><span class='ocrx_word' id='word_1_1' title='bbox 573 0 693 33; x_wconf 55' lang='lat' dir='ltr'>q&#39;v</span> <span class='ocrx_word' id='word_1_2' title='bbox 1642 0 2432 20; x_wconf 53' lang='lat' dir='ltr'>EEEEEEEEEEEEEEE</span> 
     </span>
    </p>
   </div>
   <div class='ocr_carea' id='block_1_2' title="bbox 568 134 3518 4141">
    <p class='ocr_par' dir='ltr' id='par_1_2' title="bbox 568 134 3502 1029">
     <span class='ocr_line' id='line_1_2' title="bbox 568 134 3498 215; baseline 0 -19"><span class='ocrx_word' id='word_1_3' title='bbox 568 134 733 196; x_wconf 89' lang='lat' dir='ltr'>Pauli</span> <span class='ocrx_word' id='word_1_4' title='bbox 773 145 1005 197; x_wconf 81' lang='lat' dir='ltr'>vtamur</span> <span class='ocrx_word' id='word_1_5' title='bbox 1046 137 1255 198; x_wconf 84' lang='lat' dir='ltr'>verbis.</span> <span class='ocrx_word' id='word_1_6' title='bbox 1308 157 1359 197; x_wconf 83' lang='lat'>1.</span> <span class='ocrx_word' id='word_1_7' title='bbox 1402 137 1539 198; x_wconf 87' lang='lat' dir='ltr'>Cor.</span> <span class='ocrx_word' id='word_1_8' title='bbox 1582 157 1641 212; x_wconf 88' lang='lat'>9.</span> <span class='ocrx_word' id='word_1_9' title='bbox 1684 155 1778 210; x_wconf 83' lang='lat'>27.</span> <span class='ocrx_word' id='word_1_10' title='bbox 1814 139 1887 196; x_wconf 87' lang='lat' dir='ltr'>In</span> <span class='ocrx_word' id='word_1_11' title='bbox 1926 137 2086 198; x_wconf 87' lang='lat' dir='ltr'>hunc</span> <span class='ocrx_word' id='word_1_12' title='bbox 2124 135 2299 215; x_wconf 88' lang='lat' dir='ltr'>igitur</span> <span class='ocrx_word' id='word_1_13' title='bbox 2320 135 2572 198; x_wconf 88' lang='lat' dir='ltr'>modum</span> <span class='ocrx_word' id='word_1_14' title='bbox 2593 137 2849 207; x_wconf 89' lang='lat' dir='ltr'>Psaltes,</span> <span class='ocrx_word' id='word_1_15' title='bbox 2897 137 2995 196; x_wconf 82' lang='lat' dir='ltr'>vbi</span> <span class='ocrx_word' id='word_1_16' title='bbox 3019 135 3498 198; x_wconf 68' lang='lat' dir='ltr'>omnesinstituit</span> 
     </span>
     <span class='ocr_line' id='line_1_3' title="bbox 572 214 3498 296; baseline 0 -19"><span class='ocrx_word' id='word_1_17' title='bbox 572 216 650 277; x_wconf 91' lang='lat' dir='ltr'>de</span> <span class='ocrx_word' id='word_1_18' title='bbox 702 235 937 278; x_wconf 90' lang='lat' dir='ltr'>summo</span> <span class='ocrx_word' id='word_1_19' title='bbox 997 215 1101 278; x_wconf 91' lang='lat' dir='ltr'>illo</span> <span class='ocrx_word' id='word_1_20' title='bbox 1162 215 1384 294; x_wconf 85' lang='lat' dir='ltr'>pioque</span> <span class='ocrx_word' id='word_1_21' title='bbox 1430 216 1627 278; x_wconf 89' lang='lat' dir='ltr'>studio</span> <span class='ocrx_word' id='word_1_22' title='bbox 1669 235 1790 293; x_wconf 92' lang='lat' dir='ltr'>quo</span> <span class='ocrx_word' id='word_1_23' title='bbox 1831 235 2045 294; x_wconf 84' lang='lat' dir='ltr'>pacem</span> <span class='ocrx_word' id='word_1_24' title='bbox 2083 214 2388 277; x_wconf 72' lang='lat' dir='ltr'><strong>Ecclesiae</strong></span> <span class='ocrx_word' id='word_1_25' title='bbox 2429 233 2582 294; x_wconf 89' lang='lat' dir='ltr'>opus</span> <span class='ocrx_word' id='word_1_26' title='bbox 2621 227 2712 278; x_wconf 87' lang='lat' dir='ltr'>est</span> <span class='ocrx_word' id='word_1_27' title='bbox 2751 215 2980 294; x_wconf 88' lang='lat' dir='ltr'>expeti,</span> <span class='ocrx_word' id='word_1_28' title='bbox 3021 221 3078 278; x_wconf 78' lang='grc' dir='ltr'>δι</span> <span class='ocrx_word' id='word_1_29' title='bbox 3118 217 3384 296; x_wconf 86' lang='lat' dir='ltr'>singulos</span> <span class='ocrx_word' id='word_1_30' title='bbox 3421 217 3498 278; x_wconf 88' lang='lat' dir='ltr'>de</span> 
     </span>
     <span class='ocr_line' id='line_1_4' title="bbox 570 294 3502 376; baseline 0.001 -20"><span class='ocrx_word' id='word_1_31' title='bbox 570 297 755 356; x_wconf 87' lang='lat' dir='ltr'>modo</span> <span class='ocrx_word' id='word_1_32' title='bbox 817 297 1181 376; x_wconf 69' lang='lat' dir='ltr'>expetendae</span> <span class='ocrx_word' id='word_1_33' title='bbox 1238 295 1395 357; x_wconf 89' lang='lat' dir='ltr'>illius</span> <span class='ocrx_word' id='word_1_34' title='bbox 1446 296 1615 374; x_wconf 88' lang='lat' dir='ltr'>pacis</span> <span class='ocrx_word' id='word_1_35' title='bbox 1674 296 2018 357; x_wconf 89' lang='lat' dir='ltr'>informauit</span> <span class='ocrx_word' id='word_1_36' title='bbox 2031 341 2052 374; x_wconf 90' lang='lat'>,</span> <span class='ocrx_word' id='word_1_37' title='bbox 2111 296 2312 358; x_wconf 80' lang='lat' dir='ltr'><strong>statuit</strong></span> <span class='ocrx_word' id='word_1_38' title='bbox 2374 301 2682 374; x_wconf 83' lang='lat' dir='ltr'>postremo</span> <span class='ocrx_word' id='word_1_39' title='bbox 2721 315 2786 357; x_wconf 87' lang='lat' dir='ltr'>se</span> <span class='ocrx_word' id='word_1_40' title='bbox 2827 294 3020 374; x_wconf 89' lang='lat' dir='ltr'>ipsum</span> <span class='ocrx_word' id='word_1_41' title='bbox 3063 296 3126 356; x_wconf 92' lang='lat' dir='ltr'>in</span> <span class='ocrx_word' id='word_1_42' title='bbox 3161 301 3502 376; x_wconf 84' lang='lat' dir='ltr'>exemplum</span> 
     </span>
     <span class='ocr_line' id='line_1_5' title="bbox 569 375 3500 454; baseline 0 -18"><span class='ocrx_word' id='word_1_43' title='bbox 569 393 913 436; x_wconf 85' lang='lat' dir='ltr'>sermonum</span> <span class='ocrx_word' id='word_1_44' title='bbox 973 395 1217 438; x_wconf 89' lang='lat' dir='ltr'>suorum</span> <span class='ocrx_word' id='word_1_45' title='bbox 1277 381 1332 438; x_wconf 78' lang='grc' dir='ltr'>δι</span> <span class='ocrx_word' id='word_1_46' title='bbox 1382 376 1691 438; x_wconf 89' lang='lat' dir='ltr'>doctrinae</span> <span class='ocrx_word' id='word_1_47' title='bbox 1730 375 2066 440; x_wconf 85' lang='lat' dir='ltr'>communis</span> <span class='ocrx_word' id='word_1_48' title='bbox 2107 387 2382 438; x_wconf 82' lang='lat' dir='ltr'>statuere.</span> <span class='ocrx_word' id='word_1_49' title='bbox 2423 379 2624 454; x_wconf 86' lang='lat' dir='ltr'>Atque</span> <span class='ocrx_word' id='word_1_50' title='bbox 2663 377 2782 438; x_wconf 90' lang='lat' dir='ltr'>hoc</span> <span class='ocrx_word' id='word_1_51' title='bbox 2821 387 2992 438; x_wconf 89' lang='lat' dir='ltr'>certo</span> <span class='ocrx_word' id='word_1_52' title='bbox 3033 377 3286 438; x_wconf 87' lang='lat' dir='ltr'>consilio</span> <span class='ocrx_word' id='word_1_53' title='bbox 3323 377 3500 439; x_wconf 83' lang='lat' dir='ltr'>facit:</span> 
     </span>
     <span class='ocr_line' id='line_1_6' title="bbox 569 455 3500 536; baseline 0.001 -20"><span class='ocrx_word' id='word_1_54' title='bbox 569 466 697 516; x_wconf 89' lang='lat' dir='ltr'>tum</span> <span class='ocrx_word' id='word_1_55' title='bbox 738 467 801 517; x_wconf 85' lang='lat' dir='ltr'>vt</span> <span class='ocrx_word' id='word_1_56' title='bbox 840 457 1085 518; x_wconf 88' lang='lat' dir='ltr'>doceret</span> <span class='ocrx_word' id='word_1_57' title='bbox 1124 475 1262 518; x_wconf 86' lang='lat' dir='ltr'>suos</span> <span class='ocrx_word' id='word_1_58' title='bbox 1278 503 1295 529; x_wconf 80' lang='lat'>,</span> <span class='ocrx_word' id='word_1_59' title='bbox 1336 460 1518 534; x_wconf 76' lang='lat' dir='ltr'>quam</span> <span class='ocrx_word' id='word_1_60' title='bbox 1558 462 1697 518; x_wconf 79' lang='lat' dir='ltr'>vere</span> <span class='ocrx_word' id='word_1_61' title='bbox 1736 459 1792 519; x_wconf 72' lang='grc' dir='ltr'>δι</span> <span class='ocrx_word' id='word_1_62' title='bbox 1834 475 1909 516; x_wconf 88' lang='lat' dir='ltr'>ex</span> <span class='ocrx_word' id='word_1_63' title='bbox 1948 456 2151 518; x_wconf 85' lang='lat' dir='ltr'>animo</span> <span class='ocrx_word' id='word_1_64' title='bbox 2191 469 2532 536; x_wconf 81' lang='lat' dir='ltr'>antegressa</span> <span class='ocrx_word' id='word_1_65' title='bbox 2569 455 2672 516; x_wconf 88' lang='lat' dir='ltr'>illa</span> <span class='ocrx_word' id='word_1_66' title='bbox 2707 457 3072 518; x_wconf 87' lang='lat' dir='ltr'>documenta</span> <span class='ocrx_word' id='word_1_67' title='bbox 3111 457 3188 518; x_wconf 90' lang='lat' dir='ltr'>de</span> <span class='ocrx_word' id='word_1_68' title='bbox 3205 457 3424 519; x_wconf 79' lang='lat' dir='ltr'>laetitia</span> <span class='ocrx_word' id='word_1_69' title='bbox 3443 460 3500 518; x_wconf 77' lang='grc' dir='ltr'>δι</span> 
     </span>
     <span class='ocr_line' id='line_1_7' title="bbox 568 535 3500 615; baseline 0.001 -19"><span class='ocrx_word' id='word_1_70' title='bbox 568 555 719 614; x_wconf 91' lang='lat' dir='ltr'>pace</span> <span class='ocrx_word' id='word_1_71' title='bbox 780 535 840 596; x_wconf 89' lang='lat' dir='ltr'>in</span> <span class='ocrx_word' id='word_1_72' title='bbox 892 556 1213 598; x_wconf 87' lang='lat' dir='ltr'>commune</span> <span class='ocrx_word' id='word_1_73' title='bbox 1275 536 1579 598; x_wconf 81' lang='lat' dir='ltr'>Ecclesiae</span> <span class='ocrx_word' id='word_1_74' title='bbox 1636 539 2043 615; x_wconf 76' lang='lat' dir='ltr'>proposuerit,</span> <span class='ocrx_word' id='word_1_75' title='bbox 2107 547 2232 598; x_wconf 89' lang='lat' dir='ltr'>tum</span> <span class='ocrx_word' id='word_1_76' title='bbox 2287 549 2348 598; x_wconf 90' lang='lat' dir='ltr'>vt</span> <span class='ocrx_word' id='word_1_77' title='bbox 2387 555 2599 598; x_wconf 83' lang='lat' dir='ltr'>omnes</span> <span class='ocrx_word' id='word_1_78' title='bbox 2639 536 2880 598; x_wconf 85' lang='lat' dir='ltr'>videant</span> <span class='ocrx_word' id='word_1_79' title='bbox 2921 540 2978 598; x_wconf 71' lang='grc' dir='ltr'>ὅτ</span> <span class='ocrx_word' id='word_1_80' title='bbox 3017 536 3274 598; x_wconf 83' lang='lat' dir='ltr'>sentiant</span> <span class='ocrx_word' id='word_1_81' title='bbox 3309 557 3422 598; x_wconf 89' lang='lat' dir='ltr'>nos</span> <span class='ocrx_word' id='word_1_82' title='bbox 3461 543 3500 598; x_wconf 75' lang='lat' dir='ltr'>a</span> 
     </span>
     <span class='ocr_line' id='line_1_8' title="bbox 570 615 3502 698; baseline 0.001 -22"><span class='ocrx_word' id='word_1_83' title='bbox 570 615 753 676; x_wconf 90' lang='lat' dir='ltr'>seruis</span> <span class='ocrx_word' id='word_1_84' title='bbox 793 616 907 678; x_wconf 91' lang='lat' dir='ltr'>Dei</span> <span class='ocrx_word' id='word_1_85' title='bbox 950 636 1072 678; x_wconf 88' lang='lat' dir='ltr'>non</span> <span class='ocrx_word' id='word_1_86' title='bbox 1115 617 1319 678; x_wconf 90' lang='lat' dir='ltr'>doceri</span> <span class='ocrx_word' id='word_1_87' title='bbox 1360 637 1451 678; x_wconf 91' lang='lat' dir='ltr'>res</span> <span class='ocrx_word' id='word_1_88' title='bbox 1492 623 1581 694; x_wconf 81' lang='lat' dir='ltr'>(vt</span> <span class='ocrx_word' id='word_1_89' title='bbox 1622 619 1865 694; x_wconf 83' lang='lat' dir='ltr'>vocant)</span> <span class='ocrx_word' id='word_1_90' title='bbox 1904 616 2328 698; x_wconf 84' lang='lat' dir='ltr'>impossibiles,</span> <span class='ocrx_word' id='word_1_91' title='bbox 2383 635 2581 694; x_wconf 88' lang='lat' dir='ltr'>neque</span> <span class='ocrx_word' id='word_1_92' title='bbox 2621 617 2798 679; x_wconf 90' lang='lat' dir='ltr'>obrui</span> <span class='ocrx_word' id='word_1_93' title='bbox 2836 617 3122 678; x_wconf 87' lang='lat' dir='ltr'>oneribus</span> <span class='ocrx_word' id='word_1_94' title='bbox 3161 617 3502 678; x_wconf 85' lang='lat' dir='ltr'>difficilibus</span> 
     </span>
     <span class='ocr_line' id='line_1_9' title="bbox 569 695 3498 775; baseline 0.001 -19"><span class='ocrx_word' id='word_1_95' title='bbox 569 707 807 775; x_wconf 87' lang='lat' dir='ltr'>portatu</span> <span class='ocrx_word' id='word_1_96' title='bbox 820 739 839 774; x_wconf 88' lang='lat'>,</span> <span class='ocrx_word' id='word_1_97' title='bbox 882 715 1033 775; x_wconf 90' lang='lat' dir='ltr'>quae</span> <span class='ocrx_word' id='word_1_98' title='bbox 1074 695 1185 774; x_wconf 89' lang='lat' dir='ltr'>ipsi</span> <span class='ocrx_word' id='word_1_99' title='bbox 1226 696 1412 775; x_wconf 78' lang='lat' dir='ltr'>digito</span> <span class='ocrx_word' id='word_1_100' title='bbox 1454 716 1564 758; x_wconf 89' lang='lat' dir='ltr'>suo</span> <span class='ocrx_word' id='word_1_101' title='bbox 1607 717 1851 758; x_wconf 91' lang='lat' dir='ltr'>mouere</span> <span class='ocrx_word' id='word_1_102' title='bbox 1889 698 2224 774; x_wconf 67' lang='lat' dir='ltr'>noluerint,</span> <span class='ocrx_word' id='word_1_103' title='bbox 2277 696 2384 760; x_wconf 91' lang='lat' dir='ltr'>sed</span> <span class='ocrx_word' id='word_1_104' title='bbox 2425 696 2624 775; x_wconf 76' lang='lat' dir='ltr'>potius</span> <span class='ocrx_word' id='word_1_105' title='bbox 2664 709 2726 758; x_wconf 87' lang='lat' dir='ltr'>vt</span> <span class='ocrx_word' id='word_1_106' title='bbox 2755 695 2910 758; x_wconf 88' lang='lat' dir='ltr'>illius</span> <span class='ocrx_word' id='word_1_107' title='bbox 2949 697 3320 775; x_wconf 79' lang='lat' dir='ltr'>aliorumque</span> <span class='ocrx_word' id='word_1_108' title='bbox 3359 700 3498 758; x_wconf 84' lang='lat' dir='ltr'>Pro-</span> 
     </span>
     <span class='ocr_line' id='line_1_10' title="bbox 569 776 3500 856; baseline 0.001 -20"><span class='ocrx_word' id='word_1_109' title='bbox 569 777 878 854; x_wconf 83' lang='lat' dir='ltr'>phetarum</span> <span class='ocrx_word' id='word_1_110' title='bbox 918 777 1231 855; x_wconf 84' lang='lat' dir='ltr'>exemplis,</span> <span class='ocrx_word' id='word_1_111' title='bbox 1272 789 1555 854; x_wconf 89' lang='lat' dir='ltr'>tanquam</span> <span class='ocrx_word' id='word_1_112' title='bbox 1600 780 1761 838; x_wconf 90' lang='lat' dir='ltr'>nube</span> <span class='ocrx_word' id='word_1_113' title='bbox 1800 777 2312 856; x_wconf 85' lang='lat' dir='ltr'>testimoniorum,</span> <span class='ocrx_word' id='word_1_114' title='bbox 2353 776 2762 856; x_wconf 85' lang='lat' dir='ltr'>circumsepti,</span> <span class='ocrx_word' id='word_1_115' title='bbox 2801 776 3104 838; x_wconf 83' lang='lat' dir='ltr'>discamus</span> <span class='ocrx_word' id='word_1_116' title='bbox 3125 778 3370 838; x_wconf 86' lang='lat' dir='ltr'>tandem</span> <span class='ocrx_word' id='word_1_117' title='bbox 3387 797 3500 840; x_wconf 85' lang='lat' dir='ltr'>nos</span> 
     </span>
     <span class='ocr_line' id='line_1_11' title="bbox 572 856 3500 936; baseline 0.001 -20"><span class='ocrx_word' id='word_1_118' title='bbox 572 856 812 917; x_wconf 89' lang='lat' dir='ltr'>taedere</span> <span class='ocrx_word' id='word_1_119' title='bbox 864 857 1081 930; x_wconf 89' lang='lat' dir='ltr'>nostri,</span> <span class='ocrx_word' id='word_1_120' title='bbox 1138 867 1500 936; x_wconf 83' lang='lat' dir='ltr'>naturaeque</span> <span class='ocrx_word' id='word_1_121' title='bbox 1552 870 1825 934; x_wconf 88' lang='lat' dir='ltr'>nostrae,</span> <span class='ocrx_word' id='word_1_122' title='bbox 1880 863 1935 920; x_wconf 72' lang='grc' dir='ltr'>δι</span> <span class='ocrx_word' id='word_1_123' title='bbox 1979 857 2060 920; x_wconf 89' lang='lat' dir='ltr'>ad</span> <span class='ocrx_word' id='word_1_124' title='bbox 2097 857 2362 919; x_wconf 85' lang='lat' dir='ltr'>officium</span> <span class='ocrx_word' id='word_1_125' title='bbox 2402 859 2468 932; x_wconf 83' lang='lat' dir='ltr'>(f.</span> <span class='ocrx_word' id='word_1_126' title='bbox 2513 862 2652 934; x_wconf 82' lang='lat'>741)</span> <span class='ocrx_word' id='word_1_127' title='bbox 2691 858 2842 920; x_wconf 90' lang='lat' dir='ltr'>illud</span> <span class='ocrx_word' id='word_1_128' title='bbox 2880 869 3186 936; x_wconf 82' lang='lat' dir='ltr'>sanctum,</span> <span class='ocrx_word' id='word_1_129' title='bbox 3225 863 3350 936; x_wconf 77' lang='lat' dir='ltr'>quo</span> <span class='ocrx_word' id='word_1_130' title='bbox 3389 877 3500 920; x_wconf 85' lang='lat' dir='ltr'>nos</span> 
     </span>
     <span class='ocr_line' id='line_1_12' title="bbox 571 935 2472 1029; baseline 0.002 -34"><span class='ocrx_word' id='word_1_131' title='bbox 571 935 951 1014; x_wconf 88' lang='lat' dir='ltr'>prouocauit,</span> <span class='ocrx_word' id='word_1_132' title='bbox 990 937 1160 1014; x_wconf 80' lang='lat' dir='ltr'>quasi</span> <span class='ocrx_word' id='word_1_133' title='bbox 1199 948 1525 1029; x_wconf 83' lang='lat' dir='ltr'>praeeunte</span> <span class='ocrx_word' id='word_1_134' title='bbox 1564 937 1779 1000; x_wconf 89' lang='lat' dir='ltr'>eodem</span> <span class='ocrx_word' id='word_1_135' title='bbox 1823 940 1979 1000; x_wconf 90' lang='lat' dir='ltr'>duce</span> <span class='ocrx_word' id='word_1_136' title='bbox 2018 939 2472 1000; x_wconf 85' lang='lat' dir='ltr'>contendamus.</span> 
     </span>
    </p>

    <p class='ocr_par' dir='ltr' id='par_1_3' title="bbox 570 1016 3504 1910">
     <span class='ocr_line' id='line_1_13' title="bbox 651 1016 3500 1097; baseline 0.001 -21"><span class='ocrx_word' id='word_1_137' title='bbox 651 1016 773 1076; x_wconf 88' lang='lat' dir='ltr'>Hic</span> <span class='ocrx_word' id='word_1_138' title='bbox 822 1035 969 1094; x_wconf 85' lang='lat' dir='ltr'>ergo</span> <span class='ocrx_word' id='word_1_139' title='bbox 1022 1017 1157 1078; x_wconf 87' lang='lat' dir='ltr'>finis</span> <span class='ocrx_word' id='word_1_140' title='bbox 1194 1019 1293 1080; x_wconf 83' lang='lat' dir='ltr'>111e</span> <span class='ocrx_word' id='word_1_141' title='bbox 1330 1030 1423 1079; x_wconf 90' lang='lat' dir='ltr'>est</span> <span class='ocrx_word' id='word_1_142' title='bbox 1460 1019 1541 1078; x_wconf 90' lang='lat' dir='ltr'>ad</span> <span class='ocrx_word' id='word_1_143' title='bbox 1573 1035 1753 1095; x_wconf 91' lang='lat' dir='ltr'>quem</span> <span class='ocrx_word' id='word_1_144' title='bbox 1793 1019 2092 1096; x_wconf 84' lang='lat' dir='ltr'>Propheta</span> <span class='ocrx_word' id='word_1_145' title='bbox 2131 1018 2418 1097; x_wconf 84' lang='lat' dir='ltr'>spectauit</span> <span class='ocrx_word' id='word_1_146' title='bbox 2433 1061 2451 1096; x_wconf 92' lang='lat'>,</span> <span class='ocrx_word' id='word_1_147' title='bbox 2491 1018 2630 1078; x_wconf 76' lang='lat' dir='ltr'>cum</span> <span class='ocrx_word' id='word_1_148' title='bbox 2670 1017 2784 1078; x_wconf 89' lang='lat' dir='ltr'>hos</span> <span class='ocrx_word' id='word_1_149' title='bbox 2825 1017 2982 1078; x_wconf 90' lang='lat' dir='ltr'>duos</span> <span class='ocrx_word' id='word_1_150' title='bbox 3025 1035 3224 1078; x_wconf 84' lang='lat' dir='ltr'>versus</span> <span class='ocrx_word' id='word_1_151' title='bbox 3263 1029 3500 1079; x_wconf 86' lang='lat' dir='ltr'>antece·</span> 
     </span>
     <span class='ocr_line' id='line_1_14' title="bbox 572 1096 3501 1176; baseline 0.001 -20"><span class='ocrx_word' id='word_1_152' title='bbox 572 1096 849 1158; x_wconf 86' lang='lat' dir='ltr'>dentibus</span> <span class='ocrx_word' id='word_1_153' title='bbox 888 1097 1239 1158; x_wconf 84' lang='lat' dir='ltr'>subiiceret:</span> <span class='ocrx_word' id='word_1_154' title='bbox 1285 1097 1563 1160; x_wconf 83' lang='lat' dir='ltr'>nimirum</span> <span class='ocrx_word' id='word_1_155' title='bbox 1606 1109 1669 1159; x_wconf 81' lang='lat' dir='ltr'>vt</span> <span class='ocrx_word' id='word_1_156' title='bbox 1707 1098 1884 1160; x_wconf 87' lang='lat' dir='ltr'>nobis</span> <span class='ocrx_word' id='word_1_157' title='bbox 1923 1097 2152 1160; x_wconf 86' lang='lat' dir='ltr'>sisteret</span> <span class='ocrx_word' id='word_1_158' title='bbox 2189 1100 2252 1160; x_wconf 88' lang='lat' dir='ltr'>in</span> <span class='ocrx_word' id='word_1_159' title='bbox 2271 1099 2610 1176; x_wconf 85' lang='lat' dir='ltr'>exemplum</span> <span class='ocrx_word' id='word_1_160' title='bbox 2625 1142 2642 1174; x_wconf 87' lang='lat'>,</span> <span class='ocrx_word' id='word_1_161' title='bbox 2683 1101 2738 1158; x_wconf 76' lang='grc' dir='ltr'>δι</span> <span class='ocrx_word' id='word_1_162' title='bbox 2759 1115 2871 1158; x_wconf 88' lang='lat' dir='ltr'>nos</span> <span class='ocrx_word' id='word_1_163' title='bbox 2891 1115 3000 1158; x_wconf 88' lang='lat' dir='ltr'>suo</span> <span class='ocrx_word' id='word_1_164' title='bbox 3021 1096 3204 1174; x_wconf 84' lang='lat' dir='ltr'>ipsius</span> <span class='ocrx_word' id='word_1_165' title='bbox 3223 1101 3501 1176; x_wconf 89' lang='lat' dir='ltr'>exemplo</span> 
     </span>
     <span class='ocr_line' id='line_1_15' title="bbox 570 1177 3500 1256; baseline 0 -19"><span class='ocrx_word' id='word_1_166' title='bbox 570 1177 927 1238; x_wconf 87' lang='lat' dir='ltr'>accenderet</span> <span class='ocrx_word' id='word_1_167' title='bbox 986 1180 1479 1256; x_wconf 76' lang='lat' dir='ltr'>confirmaretque</span> <span class='ocrx_word' id='word_1_168' title='bbox 1540 1177 1601 1239; x_wconf 89' lang='lat' dir='ltr'>in</span> <span class='ocrx_word' id='word_1_169' title='bbox 1656 1189 1863 1240; x_wconf 84' lang='lat' dir='ltr'>sancto</span> <span class='ocrx_word' id='word_1_170' title='bbox 1922 1178 2192 1240; x_wconf 89' lang='lat' dir='ltr'>instituto</span> <span class='ocrx_word' id='word_1_171' title='bbox 2250 1189 2478 1240; x_wconf 88' lang='lat' dir='ltr'>nostro.</span> <span class='ocrx_word' id='word_1_172' title='bbox 2533 1177 2780 1238; x_wconf 88' lang='lat' dir='ltr'>Summa</span> <span class='ocrx_word' id='word_1_173' title='bbox 2817 1189 2906 1238; x_wconf 88' lang='lat' dir='ltr'>est</span> <span class='ocrx_word' id='word_1_174' title='bbox 2919 1223 2934 1254; x_wconf 88' lang='lat'>·.</span> <span class='ocrx_word' id='word_1_175' title='bbox 2979 1178 3274 1238; x_wconf 87' lang='lat' dir='ltr'>Dauidem</span> <span class='ocrx_word' id='word_1_176' title='bbox 3317 1180 3467 1238; x_wconf 86' lang='lat' dir='ltr'>velle</span> <span class='ocrx_word' id='word_1_177' title='bbox 3481 1223 3500 1255; x_wconf 79' lang='lat'>,</span> 
     </span>
     <span class='ocr_line' id='line_1_16' title="bbox 572 1256 3500 1337; baseline 0.001 -21"><span class='ocrx_word' id='word_1_178' title='bbox 572 1256 1029 1334; x_wconf 68' lang='lat' dir='ltr'>certissimisque</span> <span class='ocrx_word' id='word_1_179' title='bbox 1070 1258 1147 1318; x_wconf 92' lang='lat' dir='ltr'>de</span> <span class='ocrx_word' id='word_1_180' title='bbox 1196 1257 1407 1336; x_wconf 83' lang='lat' dir='ltr'>causis,</span> <span class='ocrx_word' id='word_1_181' title='bbox 1438 1278 1511 1318; x_wconf 84' lang='lat' dir='ltr'>ac</span> <span class='ocrx_word' id='word_1_182' title='bbox 1552 1258 1926 1337; x_wconf 87' lang='lat' dir='ltr'>necessariis,</span> <span class='ocrx_word' id='word_1_183' title='bbox 1967 1277 2245 1320; x_wconf 86' lang='lat' dir='ltr'>sermone</span> <span class='ocrx_word' id='word_1_184' title='bbox 2285 1266 2562 1336; x_wconf 86' lang='lat' dir='ltr'>expetere</span> <span class='ocrx_word' id='word_1_185' title='bbox 2601 1258 2658 1318; x_wconf 87' lang='lat'>&amp;</span> <span class='ocrx_word' id='word_1_186' title='bbox 2699 1275 2884 1336; x_wconf 89' lang='lat' dir='ltr'>opere</span> <span class='ocrx_word' id='word_1_187' title='bbox 2926 1275 3244 1336; x_wconf 87' lang='lat' dir='ltr'>procurare</span> <span class='ocrx_word' id='word_1_188' title='bbox 3287 1277 3500 1336; x_wconf 85' lang='lat' dir='ltr'>pacem</span> 
     </span>
     <span class='ocr_line' id='line_1_17' title="bbox 573 1336 3502 1418; baseline 0.001 -22"><span class='ocrx_word' id='word_1_189' title='bbox 573 1338 881 1398; x_wconf 86' lang='lat' dir='ltr'>Ecclesiae</span> <span class='ocrx_word' id='word_1_190' title='bbox 940 1336 1083 1418; x_wconf 82' lang='lat' dir='ltr'>Dei3</span> <span class='ocrx_word' id='word_1_191' title='bbox 1146 1341 1200 1400; x_wconf 69' lang='grc' dir='ltr'>ὅτ</span> <span class='ocrx_word' id='word_1_192' title='bbox 1242 1339 1361 1398; x_wconf 90' lang='lat' dir='ltr'>hoc</span> <span class='ocrx_word' id='word_1_193' title='bbox 1404 1339 1670 1400; x_wconf 82' lang='lat' dir='ltr'>officium</span> <span class='ocrx_word' id='word_1_194' title='bbox 1702 1339 2032 1417; x_wconf 88' lang='lat' dir='ltr'>spondere,</span> <span class='ocrx_word' id='word_1_195' title='bbox 2075 1340 2220 1402; x_wconf 86' lang='lat' dir='ltr'>dum</span> <span class='ocrx_word' id='word_1_196' title='bbox 2261 1348 2388 1398; x_wconf 85' lang='lat' dir='ltr'>erat</span> <span class='ocrx_word' id='word_1_197' title='bbox 2425 1336 2720 1412; x_wconf 79' lang='lat' dir='ltr'>victurus,</span> <span class='ocrx_word' id='word_1_198' title='bbox 2759 1337 2840 1397; x_wconf 90' lang='lat' dir='ltr'>ad</span> <span class='ocrx_word' id='word_1_199' title='bbox 2879 1356 3262 1399; x_wconf 87' lang='lat' dir='ltr'>communem</span> <span class='ocrx_word' id='word_1_200' title='bbox 3300 1337 3502 1398; x_wconf 86' lang='lat' dir='ltr'>aedifi-</span> 
     </span>
     <span class='ocr_line' id='line_1_18' title="bbox 574 1415 3500 1496; baseline 0.001 -21"><span class='ocrx_word' id='word_1_201' title='bbox 574 1415 888 1478; x_wconf 89' lang='lat' dir='ltr'>cationem.</span> <span class='ocrx_word' id='word_1_202' title='bbox 932 1420 1135 1478; x_wconf 88' lang='lat' dir='ltr'>Partes</span> <span class='ocrx_word' id='word_1_203' title='bbox 1174 1417 1373 1495; x_wconf 88' lang='lat' dir='ltr'>itaque</span> <span class='ocrx_word' id='word_1_204' title='bbox 1408 1419 1563 1479; x_wconf 84' lang='lat' dir='ltr'>duae</span> <span class='ocrx_word' id='word_1_205' title='bbox 1602 1429 1769 1479; x_wconf 86' lang='lat' dir='ltr'>sunt:</span> <span class='ocrx_word' id='word_1_206' title='bbox 1812 1439 1933 1478; x_wconf 82' lang='lat' dir='ltr'>vna</span> <span class='ocrx_word' id='word_1_207' title='bbox 1971 1431 2060 1480; x_wconf 88' lang='lat' dir='ltr'>est</span> <span class='ocrx_word' id='word_1_208' title='bbox 2079 1418 2322 1496; x_wconf 88' lang='lat' dir='ltr'>sponsio</span> <span class='ocrx_word' id='word_1_209' title='bbox 2343 1434 2688 1478; x_wconf 85' lang='lat' dir='ltr'>sermonum</span> <span class='ocrx_word' id='word_1_210' title='bbox 2707 1417 3167 1494; x_wconf 72' lang='lat' dir='ltr'>orationumque</span> <span class='ocrx_word' id='word_1_211' title='bbox 3188 1419 3267 1478; x_wconf 84' lang='lat' dir='ltr'>ad</span> <span class='ocrx_word' id='word_1_212' title='bbox 3287 1437 3500 1495; x_wconf 84' lang='lat' dir='ltr'>pacem</span> 
     </span>
     <span class='ocr_line' id='line_1_19' title="bbox 573 1497 3496 1578; baseline 0.001 -22"><span class='ocrx_word' id='word_1_213' title='bbox 573 1497 874 1558; x_wconf 84' lang='lat' dir='ltr'>Ecclesiae</span> <span class='ocrx_word' id='word_1_214' title='bbox 936 1497 1388 1575; x_wconf 86' lang='lat' dir='ltr'>pertinentium:</span> <span class='ocrx_word' id='word_1_215' title='bbox 1450 1501 1663 1576; x_wconf 89' lang='lat' dir='ltr'>altera,</span> <span class='ocrx_word' id='word_1_216' title='bbox 1720 1499 1966 1578; x_wconf 86' lang='lat' dir='ltr'>sponsio</span> <span class='ocrx_word' id='word_1_217' title='bbox 2027 1517 2274 1576; x_wconf 86' lang='lat' dir='ltr'>operum</span> <span class='ocrx_word' id='word_1_218' title='bbox 2312 1498 2392 1558; x_wconf 86' lang='lat' dir='ltr'>ad</span> <span class='ocrx_word' id='word_1_219' title='bbox 2431 1497 2691 1558; x_wconf 89' lang='lat' dir='ltr'>eundem</span> <span class='ocrx_word' id='word_1_220' title='bbox 2729 1498 2910 1558; x_wconf 85' lang='lat' dir='ltr'>finem</span> <span class='ocrx_word' id='word_1_221' title='bbox 2927 1543 2945 1576; x_wconf 95' lang='lat'>,</span> <span class='ocrx_word' id='word_1_222' title='bbox 2985 1498 3035 1558; x_wconf 89' lang='lat' dir='ltr'>si</span> <span class='ocrx_word' id='word_1_223' title='bbox 3075 1515 3196 1575; x_wconf 88' lang='lat' dir='ltr'>qua</span> <span class='ocrx_word' id='word_1_224' title='bbox 3232 1517 3496 1575; x_wconf 84' lang='lat' dir='ltr'>vnquam</span> 
     </span>
     <span class='ocr_line' id='line_1_20' title="bbox 571 1576 3504 1658; baseline 0.001 -22"><span class='ocrx_word' id='word_1_225' title='bbox 571 1576 799 1638; x_wconf 88' lang='lat' dir='ltr'>ratione</span> <span class='ocrx_word' id='word_1_226' title='bbox 842 1579 959 1637; x_wconf 81' lang='lat' dir='ltr'>vlla</span> <span class='ocrx_word' id='word_1_227' title='bbox 996 1579 1076 1638; x_wconf 88' lang='lat' dir='ltr'>ab</span> <span class='ocrx_word' id='word_1_228' title='bbox 1117 1576 1249 1656; x_wconf 88' lang='lat' dir='ltr'>ipso</span> <span class='ocrx_word' id='word_1_229' title='bbox 1290 1591 1569 1656; x_wconf 86' lang='lat' dir='ltr'>poterunt</span> <span class='ocrx_word' id='word_1_230' title='bbox 1610 1577 1905 1658; x_wconf 85' lang='lat' dir='ltr'>proficisci</span> <span class='ocrx_word' id='word_1_231' title='bbox 1945 1577 2078 1657; x_wconf 84' lang='lat' dir='ltr'>paci</span> <span class='ocrx_word' id='word_1_232' title='bbox 2120 1576 2424 1640; x_wconf 77' lang='lat' dir='ltr'>Ecclesiae</span> <span class='ocrx_word' id='word_1_233' title='bbox 2463 1578 2805 1638; x_wconf 88' lang='lat' dir='ltr'>commoda.</span> <span class='ocrx_word' id='word_1_234' title='bbox 2849 1577 3018 1639; x_wconf 87' lang='lat' dir='ltr'>Pn&#39;or</span> <span class='ocrx_word' id='word_1_235' title='bbox 3037 1580 3209 1639; x_wconf 89' lang='lat' dir='ltr'>locus</span> <span class='ocrx_word' id='word_1_236' title='bbox 3229 1583 3288 1638; x_wconf 88' lang='lat'>8.</span> <span class='ocrx_word' id='word_1_237' title='bbox 3306 1597 3504 1656; x_wconf 85' lang='lat' dir='ltr'>versu,</span> 
     </span>
     <span class='ocr_line' id='line_1_21' title="bbox 574 1656 3500 1736; baseline 0.001 -19"><span class='ocrx_word' id='word_1_238' title='bbox 574 1656 865 1736; x_wconf 86' lang='lat' dir='ltr'>posterior</span> <span class='ocrx_word' id='word_1_239' title='bbox 904 1657 1111 1718; x_wconf 89' lang='lat' dir='ltr'>vltimo</span> <span class='ocrx_word' id='word_1_240' title='bbox 1152 1660 1523 1736; x_wconf 86' lang='lat' dir='ltr'>proponitur.</span> <span class='ocrx_word' id='word_1_241' title='bbox 1565 1660 1977 1735; x_wconf 86' lang='lat' dir='ltr'>Quamobrem</span> <span class='ocrx_word' id='word_1_242' title='bbox 2017 1659 2094 1720; x_wconf 90' lang='lat' dir='ltr'>de</span> <span class='ocrx_word' id='word_1_243' title='bbox 2133 1670 2384 1735; x_wconf 83' lang='lat' dir='ltr'>vtroque</span> <span class='ocrx_word' id='word_1_244' title='bbox 2425 1657 2702 1720; x_wconf 77' lang='lat' dir='ltr'>distincte</span> <span class='ocrx_word' id='word_1_245' title='bbox 2741 1657 2919 1723; x_wconf 84' lang='lat' dir='ltr'>nobis</span> <span class='ocrx_word' id='word_1_246' title='bbox 2939 1659 3263 1720; x_wconf 81' lang='lat' dir='ltr'>videndum</span> <span class='ocrx_word' id='word_1_247' title='bbox 3285 1669 3404 1718; x_wconf 84' lang='lat' dir='ltr'>est:</span> <span class='ocrx_word' id='word_1_248' title='bbox 3445 1663 3500 1720; x_wconf 83' lang='lat'>&amp;</span> 
     </span>
     <span class='ocr_line' id='line_1_22' title="bbox 572 1736 3502 1816; baseline 0.001 -21"><span class='ocrx_word' id='word_1_249' title='bbox 572 1736 712 1814; x_wconf 88' lang='lat' dir='ltr'>quia</span> <span class='ocrx_word' id='word_1_250' title='bbox 770 1755 983 1798; x_wconf 87' lang='lat' dir='ltr'>causae</span> <span class='ocrx_word' id='word_1_251' title='bbox 1044 1737 1217 1799; x_wconf 85' lang='lat' dir='ltr'>simul</span> <span class='ocrx_word' id='word_1_252' title='bbox 1274 1739 1630 1801; x_wconf 88' lang='lat' dir='ltr'>coniunctae</span> <span class='ocrx_word' id='word_1_253' title='bbox 1692 1751 1856 1816; x_wconf 90' lang='lat' dir='ltr'>sunt,</span> <span class='ocrx_word' id='word_1_254' title='bbox 1918 1739 1996 1800; x_wconf 90' lang='lat' dir='ltr'>de</span> <span class='ocrx_word' id='word_1_255' title='bbox 2025 1737 2140 1800; x_wconf 87' lang='lat' dir='ltr'>illis</span> <span class='ocrx_word' id='word_1_256' title='bbox 2177 1740 2386 1800; x_wconf 78' lang='lat' dir='ltr'>eadem</span> <span class='ocrx_word' id='word_1_257' title='bbox 2427 1756 2612 1816; x_wconf 89' lang='lat' dir='ltr'>opera</span> <span class='ocrx_word' id='word_1_258' title='bbox 2649 1737 2974 1798; x_wconf 91' lang='lat' dir='ltr'>dicendum</span> <span class='ocrx_word' id='word_1_259' title='bbox 3017 1739 3182 1816; x_wconf 87' lang='lat' dir='ltr'>quod</span> <span class='ocrx_word' id='word_1_260' title='bbox 3223 1739 3302 1798; x_wconf 88' lang='lat' dir='ltr'>ad</span> <span class='ocrx_word' id='word_1_261' title='bbox 3337 1739 3502 1798; x_wconf 88' lang='lat' dir='ltr'>hunc</span> 
     </span>
     <span class='ocr_line' id='line_1_23' title="bbox 574 1817 2382 1910; baseline 0.002 -35"><span class='ocrx_word' id='word_1_262' title='bbox 574 1818 777 1878; x_wconf 91' lang='lat' dir='ltr'>locum</span> <span class='ocrx_word' id='word_1_263' title='bbox 820 1817 1117 1878; x_wconf 88' lang='lat' dir='ltr'>videbitur</span> <span class='ocrx_word' id='word_1_264' title='bbox 1158 1818 1483 1910; x_wconf 88' lang='lat' dir='ltr'>pertinere,</span> <span class='ocrx_word' id='word_1_265' title='bbox 1526 1821 1581 1878; x_wconf 75' lang='grc' dir='ltr'>δι</span> <span class='ocrx_word' id='word_1_266' title='bbox 1622 1819 1701 1880; x_wconf 85' lang='lat' dir='ltr'>ad</span> <span class='ocrx_word' id='word_1_267' title='bbox 1738 1817 2055 1881; x_wconf 89' lang='lat' dir='ltr'>consilium</span> <span class='ocrx_word' id='word_1_268' title='bbox 2096 1831 2382 1880; x_wconf 88' lang='lat' dir='ltr'>nostrum.</span> 
     </span>
    </p>

    <p class='ocr_par' dir='ltr' id='par_1_4' title="bbox 568 1897 3508 3340">
     <span class='ocr_line' id='line_1_24' title="bbox 658 1897 3504 1992; baseline 0 -36"><span class='ocrx_word' id='word_1_269' title='bbox 658 1897 1058 1973; x_wconf 87' lang='lat' dir='ltr'>Sponsionem</span> <span class='ocrx_word' id='word_1_270' title='bbox 1098 1897 1275 1976; x_wconf 73' lang='lat' dir='ltr'>igitur</span> <span class='ocrx_word' id='word_1_271' title='bbox 1336 1918 1679 1960; x_wconf 87' lang='lat' dir='ltr'>sermonum</span> <span class='ocrx_word' id='word_1_272' title='bbox 1730 1899 1808 1960; x_wconf 89' lang='lat' dir='ltr'>de</span> <span class='ocrx_word' id='word_1_273' title='bbox 1848 1917 1995 1992; x_wconf 81' lang='lat' dir='ltr'>pace</span> <span class='ocrx_word' id='word_1_274' title='bbox 2037 1899 2340 1962; x_wconf 78' lang='lat' dir='ltr'>Ecclesiae</span> <span class='ocrx_word' id='word_1_275' title='bbox 2381 1899 2680 1976; x_wconf 74' lang='lat' dir='ltr'>Propheta</span> <span class='ocrx_word' id='word_1_276' title='bbox 2699 1897 2922 1960; x_wconf 84' lang='lat' dir='ltr'>faciens</span> <span class='ocrx_word' id='word_1_277' title='bbox 2937 1943 2954 1970; x_wconf 85' lang='lat'>,</span> <span class='ocrx_word' id='word_1_278' title='bbox 2995 1897 3179 1959; x_wconf 86' lang='lat' dir='ltr'>dicit:</span> <span class='ocrx_word' id='word_1_279' title='bbox 3223 1899 3504 1976; x_wconf 75' lang='lat' dir='ltr'>Eloquar</span> 
     </span>
     <span class='ocr_line' id='line_1_25' title="bbox 573 1977 3504 2058; baseline 0.001 -22"><span class='ocrx_word' id='word_1_280' title='bbox 573 1979 691 2036; x_wconf 84' lang='lat' dir='ltr'>iam</span> <span class='ocrx_word' id='word_1_281' title='bbox 714 1997 736 2036; x_wconf 89' lang='lat'><em>:</em></span> <span class='ocrx_word' id='word_1_282' title='bbox 780 1987 917 2055; x_wconf 77' lang='lat' dir='ltr'>pax</span> <span class='ocrx_word' id='word_1_283' title='bbox 955 1980 1078 2039; x_wconf 77' lang='lat' dir='ltr'>tibi.</span> <span class='ocrx_word' id='word_1_284' title='bbox 1128 1979 1383 2040; x_wconf 86' lang='lat' dir='ltr'>Causam</span> <span class='ocrx_word' id='word_1_285' title='bbox 1425 1983 1569 2040; x_wconf 81' lang='lat' dir='ltr'>vero</span> <span class='ocrx_word' id='word_1_286' title='bbox 1606 1978 1809 2040; x_wconf 89' lang='lat' dir='ltr'>adiicit</span> <span class='ocrx_word' id='word_1_287' title='bbox 1846 1978 1988 2058; x_wconf 79' lang='lat' dir='ltr'>fflis3</span> <span class='ocrx_word' id='word_1_288' title='bbox 2015 1987 2274 2058; x_wconf 81' lang='lat' dir='ltr'>propter</span> <span class='ocrx_word' id='word_1_289' title='bbox 2301 1977 2549 2054; x_wconf 82' lang='lat' dir='ltr'>fratres</span> <span class='ocrx_word' id='word_1_290' title='bbox 2587 1997 2741 2038; x_wconf 83' lang='lat' dir='ltr'>meos</span> <span class='ocrx_word' id='word_1_291' title='bbox 2761 2023 2780 2056; x_wconf 88' lang='lat'>.‚</span> <span class='ocrx_word' id='word_1_292' title='bbox 2821 1980 2899 2039; x_wconf 61' lang='grc' dir='ltr'>ἐν·</span> <span class='ocrx_word' id='word_1_293' title='bbox 2941 1983 3156 2040; x_wconf 82' lang='lat' dir='ltr'>amicos</span> <span class='ocrx_word' id='word_1_294' title='bbox 3195 1998 3366 2039; x_wconf 81' lang='lat' dir='ltr'>meos.</span> <span class='ocrx_word' id='word_1_295' title='bbox 3411 1981 3504 2038; x_wconf 78' lang='lat' dir='ltr'>Ac</span> 
     </span>
     <span class='ocr_line' id='line_1_26' title="bbox 575 2056 3504 2136; baseline 0.001 -20"><span class='ocrx_word' id='word_1_296' title='bbox 575 2056 651 2116; x_wconf 92' lang='lat' dir='ltr'>de</span> <span class='ocrx_word' id='word_1_297' title='bbox 712 2075 893 2118; x_wconf 91' lang='lat' dir='ltr'>causa</span> <span class='ocrx_word' id='word_1_298' title='bbox 946 2058 1191 2135; x_wconf 87' lang='lat' dir='ltr'>quidem</span> <span class='ocrx_word' id='word_1_299' title='bbox 1234 2059 1347 2120; x_wconf 89' lang='lat' dir='ltr'>iam</span> <span class='ocrx_word' id='word_1_300' title='bbox 1390 2063 1528 2120; x_wconf 79' lang='lat' dir='ltr'>ante</span> <span class='ocrx_word' id='word_1_301' title='bbox 1568 2057 1849 2120; x_wconf 85' lang='lat' dir='ltr'>diximus.&#39;</span> <span class='ocrx_word' id='word_1_302' title='bbox 1886 2061 2040 2120; x_wconf 89' lang='lat' dir='ltr'>Nam</span> <span class='ocrx_word' id='word_1_303' title='bbox 2082 2077 2474 2136; x_wconf 86' lang='lat' dir='ltr'>quaecunque</span> <span class='ocrx_word' id='word_1_304' title='bbox 2512 2057 2592 2119; x_wconf 90' lang='lat' dir='ltr'>ad</span> <span class='ocrx_word' id='word_1_305' title='bbox 2629 2057 3117 2120; x_wconf 88' lang='lat' dir='ltr'>communionem</span> <span class='ocrx_word' id='word_1_306' title='bbox 3157 2069 3504 2118; x_wconf 85' lang='lat' dir='ltr'>sanctorum</span> 
     </span>
     <span class='ocr_line' id='line_1_27' title="bbox 574 2135 3507 2218; baseline 0.001 -22"><span class='ocrx_word' id='word_1_307' title='bbox 574 2135 775 2197; x_wconf 86' lang='lat' dir='ltr'>edocti</span> <span class='ocrx_word' id='word_1_308' title='bbox 829 2136 1045 2199; x_wconf 86' lang='lat' dir='ltr'>fuimus</span> <span class='ocrx_word' id='word_1_309' title='bbox 1094 2137 1422 2218; x_wconf 87' lang='lat' dir='ltr'>pertinere,</span> <span class='ocrx_word' id='word_1_310' title='bbox 1464 2158 1535 2200; x_wconf 90' lang='lat' dir='ltr'>ea</span> <span class='ocrx_word' id='word_1_311' title='bbox 1588 2140 1979 2201; x_wconf 84' lang='lat' dir='ltr'>fundamento</span> <span class='ocrx_word' id='word_1_312' title='bbox 2019 2138 2287 2200; x_wconf 85' lang='lat' dir='ltr'>nituntur</span> <span class='ocrx_word' id='word_1_313' title='bbox 2326 2137 2482 2198; x_wconf 86' lang='lat' dir='ltr'>illius</span> <span class='ocrx_word' id='word_1_314' title='bbox 2521 2137 2925 2216; x_wconf 86' lang='lat' dir='ltr'>germanitatis</span> <span class='ocrx_word' id='word_1_315' title='bbox 2965 2157 3068 2198; x_wconf 89' lang='lat' dir='ltr'>seu</span> <span class='ocrx_word' id='word_1_316' title='bbox 3089 2137 3466 2198; x_wconf 84' lang='lat' dir='ltr'>fraternitatis</span> <span class='ocrx_word' id='word_1_317' title='bbox 3487 2185 3507 2218; x_wconf 88' lang='lat'>,</span> 
     </span>
     <span class='ocr_line' id='line_1_28' title="bbox 574 2217 3502 2296; baseline 0.001 -20"><span class='ocrx_word' id='word_1_318' title='bbox 574 2217 629 2276; x_wconf 77' lang='lat'>81</span> <span class='ocrx_word' id='word_1_319' title='bbox 670 2217 1125 2296; x_wconf 89' lang='lat' dir='ltr'>propinquitatis</span> <span class='ocrx_word' id='word_1_320' title='bbox 1164 2231 1429 2296; x_wconf 89' lang='lat' dir='ltr'>nostrae,</span> <span class='ocrx_word' id='word_1_321' title='bbox 1473 2237 1655 2296; x_wconf 88' lang='lat' dir='ltr'>quarn</span> <span class='ocrx_word' id='word_1_322' title='bbox 1694 2239 1817 2282; x_wconf 89' lang='lat' dir='ltr'>non</span> <span class='ocrx_word' id='word_1_323' title='bbox 1854 2220 2048 2280; x_wconf 75' lang='lat' dir='ltr'>solum</span> <span class='ocrx_word' id='word_1_324' title='bbox 2087 2219 2240 2280; x_wconf 89' lang='lat' dir='ltr'>inter</span> <span class='ocrx_word' id='word_1_325' title='bbox 2281 2236 2393 2280; x_wconf 88' lang='lat' dir='ltr'>nos</span> <span class='ocrx_word' id='word_1_326' title='bbox 2431 2220 2722 2279; x_wconf 87' lang='lat' dir='ltr'>habemus</span> <span class='ocrx_word' id='word_1_327' title='bbox 2759 2221 2798 2277; x_wconf 78' lang='lat' dir='ltr'>a</span> <span class='ocrx_word' id='word_1_328' title='bbox 2817 2229 3056 2296; x_wconf 89' lang='lat' dir='ltr'>natura,</span> <span class='ocrx_word' id='word_1_329' title='bbox 3101 2221 3303 2279; x_wconf 74' lang='lat' dir='ltr'>verum</span> <span class='ocrx_word' id='word_1_330' title='bbox 3321 2217 3502 2278; x_wconf 83' lang='lat' dir='ltr'>etiarn</span> 
     </span>
     <span class='ocr_line' id='line_1_29' title="bbox 575 2296 3508 2377; baseline 0 -19"><span class='ocrx_word' id='word_1_331' title='bbox 575 2296 765 2375; x_wconf 91' lang='lat' dir='ltr'>(quod</span> <span class='ocrx_word' id='word_1_332' title='bbox 829 2299 1125 2375; x_wconf 88' lang='lat' dir='ltr'>potentius</span> <span class='ocrx_word' id='word_1_333' title='bbox 1186 2303 1301 2375; x_wconf 88' lang='lat' dir='ltr'>est)</span> <span class='ocrx_word' id='word_1_334' title='bbox 1362 2303 1400 2359; x_wconf 74' lang='lat' dir='ltr'>a</span> <span class='ocrx_word' id='word_1_335' title='bbox 1437 2299 1627 2377; x_wconf 87' lang='lat' dir='ltr'>gratia</span> <span class='ocrx_word' id='word_1_336' title='bbox 1667 2299 1783 2360; x_wconf 92' lang='lat' dir='ltr'>Dei</span> <span class='ocrx_word' id='word_1_337' title='bbox 1824 2299 1885 2359; x_wconf 88' lang='lat' dir='ltr'>in</span> <span class='ocrx_word' id='word_1_338' title='bbox 1928 2298 2168 2360; x_wconf 88' lang='lat' dir='ltr'>Christo</span> <span class='ocrx_word' id='word_1_339' title='bbox 2185 2343 2203 2376; x_wconf 94' lang='lat'>,</span> <span class='ocrx_word' id='word_1_340' title='bbox 2245 2317 2455 2362; x_wconf 88' lang='lat' dir='ltr'>omnes</span> <span class='ocrx_word' id='word_1_341' title='bbox 2494 2296 2738 2376; x_wconf 89' lang='lat' dir='ltr'>quidem</span> <span class='ocrx_word' id='word_1_342' title='bbox 2778 2309 3036 2358; x_wconf 82' lang='lat' dir='ltr'>vocante</span> <span class='ocrx_word' id='word_1_343' title='bbox 3075 2297 3508 2376; x_wconf 79' lang='lat' dir='ltr'>communiter3</span> 
     </span>
     <span class='ocr_line' id='line_1_30' title="bbox 572 2377 3505 2459; baseline 0.001 -22"><span class='ocrx_word' id='word_1_344' title='bbox 572 2377 679 2439; x_wconf 89' lang='lat' dir='ltr'>sed</span> <span class='ocrx_word' id='word_1_345' title='bbox 742 2378 1089 2441; x_wconf 88' lang='lat' dir='ltr'>benedictos</span> <span class='ocrx_word' id='word_1_346' title='bbox 1145 2381 1183 2440; x_wconf 76' lang='lat' dir='ltr'>a</span> <span class='ocrx_word' id='word_1_347' title='bbox 1244 2381 1415 2441; x_wconf 86' lang='lat' dir='ltr'>Patre</span> <span class='ocrx_word' id='word_1_348' title='bbox 1475 2391 1729 2441; x_wconf 85' lang='lat' dir='ltr'>vocante</span> <span class='ocrx_word' id='word_1_349' title='bbox 1784 2379 2172 2459; x_wconf 78' lang='lat' dir='ltr'>singulariter.</span> <span class='ocrx_word' id='word_1_350' title='bbox 2235 2381 2410 2441; x_wconf 85' lang='lat' dir='ltr'>Haec</span> <span class='ocrx_word' id='word_1_351' title='bbox 2451 2377 2844 2457; x_wconf 85' lang='lat' dir='ltr'>conscientia,</span> <span class='ocrx_word' id='word_1_352' title='bbox 2884 2397 3002 2457; x_wconf 85' lang='lat' dir='ltr'>qua</span> <span class='ocrx_word' id='word_1_353' title='bbox 3040 2396 3154 2440; x_wconf 89' lang='lat' dir='ltr'>nos</span> <span class='ocrx_word' id='word_1_354' title='bbox 3196 2379 3404 2441; x_wconf 85' lang='lat' dir='ltr'>fratres</span> <span class='ocrx_word' id='word_1_355' title='bbox 3447 2381 3505 2441; x_wconf 79' lang='grc' dir='ltr'>δι</span> 
     </span>
     <span class='ocr_line' id='line_1_31' title="bbox 573 2458 3505 2537; baseline 0.001 -19"><span class='ocrx_word' id='word_1_356' title='bbox 573 2458 941 2537; x_wconf 87' lang='lat' dir='ltr'>propinquos</span> <span class='ocrx_word' id='word_1_357' title='bbox 984 2460 1133 2521; x_wconf 88' lang='lat' dir='ltr'>alios</span> <span class='ocrx_word' id='word_1_358' title='bbox 1174 2479 1303 2521; x_wconf 85' lang='lat' dir='ltr'>esse</span> <span class='ocrx_word' id='word_1_359' title='bbox 1342 2460 1470 2521; x_wconf 89' lang='lat' dir='ltr'>aliis</span> <span class='ocrx_word' id='word_1_360' title='bbox 1510 2460 1814 2537; x_wconf 77' lang='lat' dir='ltr'>nouimuS,</span> <span class='ocrx_word' id='word_1_361' title='bbox 1870 2458 2384 2522; x_wconf 86' lang='lat' dir='ltr'>coniunctissimos</span> <span class='ocrx_word' id='word_1_362' title='bbox 2421 2458 2632 2537; x_wconf 85' lang='lat' dir='ltr'>efficit,</span> <span class='ocrx_word' id='word_1_363' title='bbox 2674 2470 2739 2519; x_wconf 89' lang='lat' dir='ltr'>vt</span> <span class='ocrx_word' id='word_1_364' title='bbox 2777 2470 2906 2519; x_wconf 90' lang='lat' dir='ltr'>turn</span> <span class='ocrx_word' id='word_1_365' title='bbox 2945 2477 3157 2537; x_wconf 85' lang='lat' dir='ltr'>pacem</span> <span class='ocrx_word' id='word_1_366' title='bbox 3195 2458 3349 2519; x_wconf 89' lang='lat' dir='ltr'>inter</span> <span class='ocrx_word' id='word_1_367' title='bbox 3388 2478 3505 2521; x_wconf 88' lang='lat' dir='ltr'>nos</span> 
     </span>
     <span class='ocr_line' id='line_1_32' title="bbox 576 2537 3506 2631; baseline 0.001 -33"><span class='ocrx_word' id='word_1_368' title='bbox 576 2556 993 2631; x_wconf 83' lang='lat' dir='ltr'>procuremus,</span> <span class='ocrx_word' id='word_1_369' title='bbox 1053 2553 1181 2601; x_wconf 90' lang='lat' dir='ltr'>turn</span> <span class='ocrx_word' id='word_1_370' title='bbox 1242 2541 1317 2601; x_wconf 89' lang='lat' dir='ltr'>de</span> <span class='ocrx_word' id='word_1_371' title='bbox 1379 2560 1527 2619; x_wconf 87' lang='lat' dir='ltr'>pace</span> <span class='ocrx_word' id='word_1_372' title='bbox 1587 2544 1645 2603; x_wconf 76' lang='grc' dir='ltr'>δι</span> <span class='ocrx_word' id='word_1_373' title='bbox 1694 2540 2082 2619; x_wconf 84' lang='lat' dir='ltr'>prosperitate</span> <span class='ocrx_word' id='word_1_374' title='bbox 2121 2540 2218 2617; x_wconf 86' lang='lat' dir='ltr'>alij</span> <span class='ocrx_word' id='word_1_375' title='bbox 2259 2540 2511 2603; x_wconf 79' lang='lat' dir='ltr'>aliorum</span> <span class='ocrx_word' id='word_1_376' title='bbox 2551 2543 2836 2600; x_wconf 83' lang='lat' dir='ltr'>laetemur</span> <span class='ocrx_word' id='word_1_377' title='bbox 2873 2537 2933 2598; x_wconf 88' lang='lat' dir='ltr'>in</span> <span class='ocrx_word' id='word_1_378' title='bbox 2975 2540 3266 2600; x_wconf 90' lang='lat' dir='ltr'>Domin0.</span> <span class='ocrx_word' id='word_1_379' title='bbox 3327 2542 3506 2601; x_wconf 88' lang='lat' dir='ltr'>Haec</span> 
     </span>
     <span class='ocr_line' id='line_1_33' title="bbox 574 2618 3508 2700; baseline 0 -22"><span class='ocrx_word' id='word_1_380' title='bbox 574 2618 751 2697; x_wconf 76' lang='lat' dir='ltr'>igitur</span> <span class='ocrx_word' id='word_1_381' title='bbox 790 2638 967 2680; x_wconf 88' lang='lat' dir='ltr'>causa</span> <span class='ocrx_word' id='word_1_382' title='bbox 1006 2620 1106 2681; x_wconf 87' lang='lat' dir='ltr'>illa</span> <span class='ocrx_word' id='word_1_383' title='bbox 1146 2632 1263 2700; x_wconf 86' lang='lat' dir='ltr'>est,</span> <span class='ocrx_word' id='word_1_384' title='bbox 1304 2622 1383 2680; x_wconf 92' lang='lat' dir='ltr'>ad</span> <span class='ocrx_word' id='word_1_385' title='bbox 1422 2638 1600 2697; x_wconf 91' lang='lat' dir='ltr'>quam</span> <span class='ocrx_word' id='word_1_386' title='bbox 1644 2622 1941 2698; x_wconf 85' lang='lat' dir='ltr'>Propheta</span> <span class='ocrx_word' id='word_1_387' title='bbox 1973 2619 2229 2699; x_wconf 83' lang='lat' dir='ltr'>respexit</span> <span class='ocrx_word' id='word_1_388' title='bbox 2267 2621 2380 2681; x_wconf 85' lang='lat' dir='ltr'>illis</span> <span class='ocrx_word' id='word_1_389' title='bbox 2419 2620 2638 2681; x_wconf 74' lang='lat' dir='ltr'>verbiS.</span> <span class='ocrx_word' id='word_1_390' title='bbox 2679 2618 2806 2679; x_wconf 88' lang='lat' dir='ltr'>Etsi</span> <span class='ocrx_word' id='word_1_391' title='bbox 2827 2664 2844 2688; x_wconf 77' lang='lat'>,</span> <span class='ocrx_word' id='word_1_392' title='bbox 2885 2618 3052 2695; x_wconf 91' lang='lat' dir='ltr'>quod</span> <span class='ocrx_word' id='word_1_393' title='bbox 3089 2622 3228 2679; x_wconf 76' lang='lat' dir='ltr'>ante</span> <span class='ocrx_word' id='word_1_394' title='bbox 3269 2619 3508 2681; x_wconf 88' lang='lat' dir='ltr'>disertis</span> 
     </span>
     <span class='ocr_line' id='line_1_34' title="bbox 573 2698 3508 2779; baseline 0.001 -21"><span class='ocrx_word' id='word_1_395' title='bbox 573 2698 769 2759; x_wconf 88' lang='lat' dir='ltr'>verbis</span> <span class='ocrx_word' id='word_1_396' title='bbox 808 2699 1227 2778; x_wconf 72' lang='lat' dir='ltr'>expressimus,</span> <span class='ocrx_word' id='word_1_397' title='bbox 1270 2720 1395 2761; x_wconf 89' lang='lat' dir='ltr'>non</span> <span class='ocrx_word' id='word_1_398' title='bbox 1438 2706 1659 2761; x_wconf 76' lang='lat' dir='ltr'>temere</span> <span class='ocrx_word' id='word_1_399' title='bbox 1698 2702 1998 2779; x_wconf 87' lang='lat' dir='ltr'>Propheta</span> <span class='ocrx_word' id='word_1_400' title='bbox 2022 2700 2268 2777; x_wconf 80' lang='lat' dir='ltr'>fratres</span> <span class='ocrx_word' id='word_1_401' title='bbox 2309 2702 2387 2761; x_wconf 69' lang='grc' dir='ltr'>ἂν</span> <span class='ocrx_word' id='word_1_402' title='bbox 2425 2702 2641 2761; x_wconf 85' lang='lat' dir='ltr'>amicos</span> <span class='ocrx_word' id='word_1_403' title='bbox 2683 2699 2960 2760; x_wconf 76' lang='lat' dir='ltr'>distincte</span> <span class='ocrx_word' id='word_1_404' title='bbox 2981 2698 3355 2761; x_wconf 83' lang='lat' dir='ltr'>nominauit:</span> <span class='ocrx_word' id='word_1_405' title='bbox 3393 2700 3508 2761; x_wconf 81' lang='lat' dir='ltr'>sed</span> 
     </span>
     <span class='ocr_line' id='line_1_35' title="bbox 568 2778 3502 2872; baseline 0 -34"><span class='ocrx_word' id='word_1_406' title='bbox 568 2790 633 2839; x_wconf 80' lang='lat' dir='ltr'>vt</span> <span class='ocrx_word' id='word_1_407' title='bbox 682 2798 788 2855; x_wconf 88' lang='lat' dir='ltr'>per</span> <span class='ocrx_word' id='word_1_408' title='bbox 840 2780 1269 2842; x_wconf 87' lang='lat' dir='ltr'>incrementum</span> <span class='ocrx_word' id='word_1_409' title='bbox 1322 2780 1825 2859; x_wconf 86' lang='lat' dir='ltr'>elegantissimum</span> <span class='ocrx_word' id='word_1_410' title='bbox 1872 2780 2065 2841; x_wconf 89' lang='lat' dir='ltr'>oratio</span> <span class='ocrx_word' id='word_1_411' title='bbox 2121 2792 2470 2872; x_wconf 74' lang='lat' dir='ltr'>assurgeret.</span> <span class='ocrx_word' id='word_1_412' title='bbox 2519 2778 2660 2856; x_wconf 89' lang='lat' dir='ltr'>quia</span> <span class='ocrx_word' id='word_1_413' title='bbox 2707 2782 2954 2839; x_wconf 84' lang='lat' dir='ltr'>fratrum</span> <span class='ocrx_word' id='word_1_414' title='bbox 3003 2779 3404 2857; x_wconf 88' lang='lat' dir='ltr'>appellatione</span> <span class='ocrx_word' id='word_1_415' title='bbox 3463 2781 3502 2854; x_wconf 88' lang='lat' dir='ltr'>ij</span> 
     </span>
     <span class='ocr_line' id='line_1_36' title="bbox 571 2857 3508 2939; baseline 0 -20"><span class='ocrx_word' id='word_1_416' title='bbox 571 2859 764 2919; x_wconf 75' lang='lat' dir='ltr'>solum</span> <span class='ocrx_word' id='word_1_417' title='bbox 826 2860 1061 2937; x_wconf 76' lang='lat' dir='ltr'>proprie</span> <span class='ocrx_word' id='word_1_418' title='bbox 1113 2861 1519 2935; x_wconf 87' lang='lat' dir='ltr'>continentur,</span> <span class='ocrx_word' id='word_1_419' title='bbox 1571 2862 1673 2938; x_wconf 90' lang='lat' dir='ltr'>qui</span> <span class='ocrx_word' id='word_1_420' title='bbox 1729 2862 1783 2921; x_wconf 83' lang='lat'>&amp;</span> <span class='ocrx_word' id='word_1_421' title='bbox 1824 2872 2035 2921; x_wconf 87' lang='lat' dir='ltr'>natura</span> <span class='ocrx_word' id='word_1_422' title='bbox 2074 2861 2129 2920; x_wconf 87' lang='lat'>&amp;</span> <span class='ocrx_word' id='word_1_423' title='bbox 2169 2870 2356 2939; x_wconf 74' lang='lat' dir='ltr'>gratia</span> <span class='ocrx_word' id='word_1_424' title='bbox 2395 2857 2569 2921; x_wconf 90' lang='lat' dir='ltr'>nobis</span> <span class='ocrx_word' id='word_1_425' title='bbox 2609 2858 2910 2920; x_wconf 89' lang='lat' dir='ltr'>coniuncti</span> <span class='ocrx_word' id='word_1_426' title='bbox 2951 2871 3090 2919; x_wconf 85' lang='lat' dir='ltr'>sunt</span> <span class='ocrx_word' id='word_1_427' title='bbox 3127 2858 3190 2919; x_wconf 85' lang='lat' dir='ltr'>in</span> <span class='ocrx_word' id='word_1_428' title='bbox 3231 2859 3508 2919; x_wconf 56' lang='lat' dir='ltr'>Ecclesia</span> 
     </span>
     <span class='ocr_line' id='line_1_37' title="bbox 572 2937 3506 3019; baseline 0 -21"><span class='ocrx_word' id='word_1_429' title='bbox 572 2937 716 3013; x_wconf 67' lang='lat' dir='ltr'>Dei,</span> <span class='ocrx_word' id='word_1_430' title='bbox 774 2939 1104 3001; x_wconf 89' lang='lat' dir='ltr'>amicorum</span> <span class='ocrx_word' id='word_1_431' title='bbox 1166 2946 1309 3001; x_wconf 79' lang='lat' dir='ltr'>vero</span> <span class='ocrx_word' id='word_1_432' title='bbox 1368 2943 1771 3019; x_wconf 87' lang='lat' dir='ltr'>appellatione</span> <span class='ocrx_word' id='word_1_433' title='bbox 1824 2941 2004 3001; x_wconf 88' lang='lat' dir='ltr'>etiam</span> <span class='ocrx_word' id='word_1_434' title='bbox 2065 2939 2102 3017; x_wconf 89' lang='lat' dir='ltr'>ij</span> <span class='ocrx_word' id='word_1_435' title='bbox 2163 2940 2270 3019; x_wconf 91' lang='lat' dir='ltr'>qui</span> <span class='ocrx_word' id='word_1_436' title='bbox 2309 2940 2452 3001; x_wconf 81' lang='lat' dir='ltr'>foris</span> <span class='ocrx_word' id='word_1_437' title='bbox 2491 2952 2663 3019; x_wconf 86' lang='lat' dir='ltr'>sunt,</span> <span class='ocrx_word' id='word_1_438' title='bbox 2717 2940 2774 2999; x_wconf 75' lang='grc' dir='ltr'>δι</span> <span class='ocrx_word' id='word_1_439' title='bbox 2813 2942 2892 2999; x_wconf 90' lang='lat' dir='ltr'>ab</span> <span class='ocrx_word' id='word_1_440' title='bbox 2935 2939 3203 2999; x_wconf 88' lang='lat' dir='ltr'>Ecclesia</span> <span class='ocrx_word' id='word_1_441' title='bbox 3243 2941 3466 3000; x_wconf 88' lang='lat' dir='ltr'>absunt</span> <span class='ocrx_word' id='word_1_442' title='bbox 3487 2960 3506 2999; x_wconf 77' lang='lat' dir='ltr'><strong><em>z</em></strong></span> 
     </span>
     <span class='ocr_line' id='line_1_38' title="bbox 574 3017 3508 3098; baseline 0.001 -21"><span class='ocrx_word' id='word_1_443' title='bbox 574 3017 793 3096; x_wconf 89' lang='lat' dir='ltr'>quibus</span> <span class='ocrx_word' id='word_1_444' title='bbox 834 3020 1119 3081; x_wconf 84' lang='lat' dir='ltr'>vocandis</span> <span class='ocrx_word' id='word_1_445' title='bbox 1158 3040 1367 3081; x_wconf 90' lang='lat' dir='ltr'>omnes</span> <span class='ocrx_word' id='word_1_446' title='bbox 1407 3040 1653 3098; x_wconf 88' lang='lat' dir='ltr'>operam</span> <span class='ocrx_word' id='word_1_447' title='bbox 1694 3021 1837 3081; x_wconf 90' lang='lat' dir='ltr'>dare</span> <span class='ocrx_word' id='word_1_448' title='bbox 1876 3032 2148 3082; x_wconf 89' lang='lat' dir='ltr'>tenemur</span> <span class='ocrx_word' id='word_1_449' title='bbox 2187 3020 2248 3081; x_wconf 89' lang='lat' dir='ltr'>in</span> <span class='ocrx_word' id='word_1_450' title='bbox 2291 3018 2588 3097; x_wconf 87' lang='lat' dir='ltr'>Domino,</span> <span class='ocrx_word' id='word_1_451' title='bbox 2640 3018 2780 3096; x_wconf 84' lang='lat' dir='ltr'>quia</span> <span class='ocrx_word' id='word_1_452' title='bbox 2821 3024 2910 3095; x_wconf 86' lang='lat' dir='ltr'>(vt</span> <span class='ocrx_word' id='word_1_453' title='bbox 2948 3024 3086 3079; x_wconf 80' lang='lat' dir='ltr'>ante</span> <span class='ocrx_word' id='word_1_454' title='bbox 3128 3020 3508 3095; x_wconf 85' lang='lat' dir='ltr'>dicebamus)</span> 
     </span>
     <span class='ocr_line' id='line_1_39' title="bbox 576 3098 3506 3179; baseline 0.001 -22"><span class='ocrx_word' id='word_1_455' title='bbox 576 3098 677 3177; x_wconf 87' lang='lat' dir='ltr'>qui</span> <span class='ocrx_word' id='word_1_456' title='bbox 716 3117 839 3159; x_wconf 90' lang='lat' dir='ltr'>non</span> <span class='ocrx_word' id='word_1_457' title='bbox 880 3112 1019 3161; x_wconf 88' lang='lat' dir='ltr'>sunt</span> <span class='ocrx_word' id='word_1_458' title='bbox 1056 3110 1265 3161; x_wconf 82' lang='lat' dir='ltr'>contra</span> <span class='ocrx_word' id='word_1_459' title='bbox 1304 3120 1448 3174; x_wconf 88' lang='lat' dir='ltr'>nos,</span> <span class='ocrx_word' id='word_1_460' title='bbox 1488 3102 1523 3177; x_wconf 89' lang='lat' dir='ltr'>ij</span> <span class='ocrx_word' id='word_1_461' title='bbox 1566 3120 1678 3179; x_wconf 92' lang='lat' dir='ltr'>pro</span> <span class='ocrx_word' id='word_1_462' title='bbox 1720 3100 1894 3161; x_wconf 90' lang='lat' dir='ltr'>nobis</span> <span class='ocrx_word' id='word_1_463' title='bbox 1932 3120 2064 3162; x_wconf 90' lang='lat' dir='ltr'>esse</span> <span class='ocrx_word' id='word_1_464' title='bbox 2103 3100 2352 3178; x_wconf 86' lang='lat' dir='ltr'>putandi</span> <span class='ocrx_word' id='word_1_465' title='bbox 2391 3115 2562 3161; x_wconf 87' lang='lat' dir='ltr'>sunt:</span> <span class='ocrx_word' id='word_1_466' title='bbox 2606 3101 2754 3159; x_wconf 88' lang='lat' dir='ltr'>Luc.</span> <span class='ocrx_word' id='word_1_467' title='bbox 2789 3120 2848 3175; x_wconf 88' lang='lat'>9.</span> <span class='ocrx_word' id='word_1_468' title='bbox 2872 3118 2966 3177; x_wconf 88' lang='lat'>50.</span> <span class='ocrx_word' id='word_1_469' title='bbox 2990 3101 3506 3178; x_wconf 88' lang='lat' dir='ltr'>quemadmodum</span> 
     </span>
     <span class='ocr_line' id='line_1_40' title="bbox 577 3177 3506 3259; baseline 0 -21"><span class='ocrx_word' id='word_1_470' title='bbox 577 3177 965 3258; x_wconf 89' lang='lat' dir='ltr'>promissione</span> <span class='ocrx_word' id='word_1_471' title='bbox 1007 3182 1171 3241; x_wconf 87' lang='lat' dir='ltr'>Deus</span> <span class='ocrx_word' id='word_1_472' title='bbox 1216 3182 1587 3259; x_wconf 87' lang='lat' dir='ltr'>ostenderat,</span> <span class='ocrx_word' id='word_1_473' title='bbox 1627 3181 1866 3259; x_wconf 89' lang='lat' dir='ltr'>dicens,</span> <span class='ocrx_word' id='word_1_474' title='bbox 1900 3182 2262 3242; x_wconf 90' lang='lat' dir='ltr'>Benedicam</span> <span class='ocrx_word' id='word_1_475' title='bbox 2299 3180 2368 3240; x_wconf 82' lang='lat' dir='ltr'>iis</span> <span class='ocrx_word' id='word_1_476' title='bbox 2409 3179 2514 3257; x_wconf 91' lang='lat' dir='ltr'>qui</span> <span class='ocrx_word' id='word_1_477' title='bbox 2551 3178 2908 3241; x_wconf 85' lang='lat' dir='ltr'>benedicent</span> <span class='ocrx_word' id='word_1_478' title='bbox 2949 3179 3090 3252; x_wconf 90' lang='lat' dir='ltr'>tibi,</span> <span class='ocrx_word' id='word_1_479' title='bbox 3129 3182 3271 3241; x_wconf 79' lang='lat' dir='ltr'>cum</span> <span class='ocrx_word' id='word_1_480' title='bbox 3313 3181 3506 3240; x_wconf 86' lang='lat' dir='ltr'>Abra·</span> 
     </span>
     <span class='ocr_line' id='line_1_41' title="bbox 576 3259 1980 3340; baseline 0.001 -21"><span class='ocrx_word' id='word_1_481' title='bbox 576 3260 819 3319; x_wconf 89' lang='lat' dir='ltr'>hamum</span> <span class='ocrx_word' id='word_1_482' title='bbox 860 3259 1350 3337; x_wconf 88' lang='lat' dir='ltr'>promissionibus</span> <span class='ocrx_word' id='word_1_483' title='bbox 1390 3261 1613 3340; x_wconf 86' lang='lat' dir='ltr'>gratiae</span> <span class='ocrx_word' id='word_1_484' title='bbox 1652 3261 1980 3322; x_wconf 87' lang='lat' dir='ltr'>instrueret.</span> 
     </span>
    </p>

    <p class='ocr_par' dir='ltr' id='par_1_5' title="bbox 575 3338 3518 4121">
     <span class='ocr_line' id='line_1_42' title="bbox 658 3338 3510 3419; baseline 0.001 -21"><span class='ocrx_word' id='word_1_485' title='bbox 658 3341 835 3399; x_wconf 89' lang='lat' dir='ltr'>Hanc</span> <span class='ocrx_word' id='word_1_486' title='bbox 894 3343 1145 3401; x_wconf 88' lang='lat' dir='ltr'>eandem</span> <span class='ocrx_word' id='word_1_487' title='bbox 1207 3360 1447 3403; x_wconf 87' lang='lat' dir='ltr'>causam</span> <span class='ocrx_word' id='word_1_488' title='bbox 1506 3340 1639 3419; x_wconf 89' lang='lat' dir='ltr'>pios</span> <span class='ocrx_word' id='word_1_489' title='bbox 1677 3359 1887 3402; x_wconf 88' lang='lat' dir='ltr'>omnes</span> <span class='ocrx_word' id='word_1_490' title='bbox 1926 3340 2328 3401; x_wconf 88' lang='lat' dir='ltr'>indesinentur</span> <span class='ocrx_word' id='word_1_491' title='bbox 2369 3340 2480 3401; x_wconf 85' lang='lat' dir='ltr'>sibi</span> <span class='ocrx_word' id='word_1_492' title='bbox 2497 3384 2514 3416; x_wconf 86' lang='lat'>,</span> <span class='ocrx_word' id='word_1_493' title='bbox 2555 3338 2900 3418; x_wconf 88' lang='lat' dir='ltr'>praesertim</span> <span class='ocrx_word' id='word_1_494' title='bbox 2943 3342 3064 3400; x_wconf 89' lang='lat' dir='ltr'>hoc</span> <span class='ocrx_word' id='word_1_495' title='bbox 3103 3339 3510 3400; x_wconf 84' lang='lat' dir='ltr'>funestissimo</span> 
     </span>
     <span class='ocr_line' id='line_1_43' title="bbox 578 3419 3510 3501; baseline 0.001 -22"><span class='ocrx_word' id='word_1_496' title='bbox 578 3419 1201 3499; x_wconf 82' lang='lat' dir='ltr'>perturbatissimoque</span> <span class='ocrx_word' id='word_1_497' title='bbox 1260 3423 1465 3482; x_wconf 89' lang='lat' dir='ltr'>seculo</span> <span class='ocrx_word' id='word_1_498' title='bbox 1488 3464 1505 3494; x_wconf 89' lang='lat'>,</span> <span class='ocrx_word' id='word_1_499' title='bbox 1566 3439 1807 3481; x_wconf 87' lang='lat' dir='ltr'>necesse</span> <span class='ocrx_word' id='word_1_500' title='bbox 1870 3433 1960 3481; x_wconf 89' lang='lat' dir='ltr'>est</span> <span class='ocrx_word' id='word_1_501' title='bbox 2019 3432 2156 3480; x_wconf 87' lang='lat' dir='ltr'>ante</span> <span class='ocrx_word' id='word_1_502' title='bbox 2217 3421 2428 3481; x_wconf 89' lang='lat' dir='ltr'>oculos</span> <span class='ocrx_word' id='word_1_503' title='bbox 2489 3438 2742 3501; x_wconf 80' lang='lat' dir='ltr'>ponere3</span> <span class='ocrx_word' id='word_1_504' title='bbox 2782 3431 2846 3479; x_wconf 86' lang='lat' dir='ltr'>vt</span> <span class='ocrx_word' id='word_1_505' title='bbox 2885 3438 3008 3479; x_wconf 88' lang='lat' dir='ltr'>non</span> <span class='ocrx_word' id='word_1_506' title='bbox 3047 3420 3510 3481; x_wconf 84' lang='lat' dir='ltr'>alienationibus</span> 
     </span>
     <span class='ocr_line' id='line_1_44' title="bbox 576 3498 3512 3579; baseline -0 -19"><span class='ocrx_word' id='word_1_507' title='bbox 576 3506 751 3577; x_wconf 85' lang='lat' dir='ltr'>(quas</span> <span class='ocrx_word' id='word_1_508' title='bbox 792 3499 1086 3576; x_wconf 84' lang='lat' dir='ltr'>videmus)</span> <span class='ocrx_word' id='word_1_509' title='bbox 1127 3500 1464 3562; x_wconf 90' lang='lat' dir='ltr'>animorum</span> <span class='ocrx_word' id='word_1_510' title='bbox 1486 3543 1503 3573; x_wconf 93' lang='lat'>‚</span> <span class='ocrx_word' id='word_1_511' title='bbox 1544 3512 1647 3561; x_wconf 88' lang='lat' dir='ltr'>aut</span> <span class='ocrx_word' id='word_1_512' title='bbox 1688 3499 2078 3579; x_wconf 85' lang='lat' dir='ltr'>praeposteris</span> <span class='ocrx_word' id='word_1_513' title='bbox 2121 3502 2178 3560; x_wconf 73' lang='grc' dir='ltr'>δι</span> <span class='ocrx_word' id='word_1_514' title='bbox 2215 3498 2430 3579; x_wconf 89' lang='lat' dir='ltr'>iniquis</span> <span class='ocrx_word' id='word_1_515' title='bbox 2471 3499 2532 3560; x_wconf 89' lang='lat' dir='ltr'>in</span> <span class='ocrx_word' id='word_1_516' title='bbox 2571 3499 2721 3561; x_wconf 90' lang='lat' dir='ltr'>alios</span> <span class='ocrx_word' id='word_1_517' title='bbox 2741 3498 2973 3560; x_wconf 90' lang='lat' dir='ltr'>iudiciis</span> <span class='ocrx_word' id='word_1_518' title='bbox 2994 3502 3368 3576; x_wconf 75' lang='lat' dir='ltr'>studeamu33</span> <span class='ocrx_word' id='word_1_519' title='bbox 3398 3500 3512 3559; x_wconf 87' lang='lat' dir='ltr'>sed</span> 
     </span>
     <span class='ocr_line' id='line_1_45' title="bbox 578 3579 3514 3659; baseline 0 -20"><span class='ocrx_word' id='word_1_520' title='bbox 578 3579 804 3657; x_wconf 88' lang='lat' dir='ltr'>optima</span> <span class='ocrx_word' id='word_1_521' title='bbox 844 3579 964 3641; x_wconf 89' lang='lat' dir='ltr'>fide</span> <span class='ocrx_word' id='word_1_522' title='bbox 1002 3582 1055 3641; x_wconf 87' lang='lat'>&amp;</span> <span class='ocrx_word' id='word_1_523' title='bbox 1098 3580 1462 3643; x_wconf 87' lang='lat' dir='ltr'>conscientia</span> <span class='ocrx_word' id='word_1_524' title='bbox 1499 3584 1707 3641; x_wconf 80' lang='lat' dir='ltr'>fratres</span> <span class='ocrx_word' id='word_1_525' title='bbox 1745 3581 1974 3641; x_wconf 90' lang='lat' dir='ltr'>amicos</span> <span class='ocrx_word' id='word_1_526' title='bbox 2013 3580 2225 3657; x_wconf 85' lang='lat' dir='ltr'>singuli</span> <span class='ocrx_word' id='word_1_527' title='bbox 2263 3598 2727 3659; x_wconf 87' lang='lat' dir='ltr'>cognoscamus,</span> <span class='ocrx_word' id='word_1_528' title='bbox 2769 3598 2908 3639; x_wconf 88' lang='lat' dir='ltr'>curn</span> <span class='ocrx_word' id='word_1_529' title='bbox 2949 3579 3062 3640; x_wconf 89' lang='lat' dir='ltr'>illis</span> <span class='ocrx_word' id='word_1_530' title='bbox 3101 3581 3514 3640; x_wconf 86' lang='lat' dir='ltr'>coalescamus</span> 
     </span>
     <span class='ocr_line' id='line_1_46' title="bbox 578 3658 3514 3739; baseline 0.001 -21"><span class='ocrx_word' id='word_1_531' title='bbox 578 3663 760 3737; x_wconf 83' lang='lat' dir='ltr'>quam</span> <span class='ocrx_word' id='word_1_532' title='bbox 800 3659 1273 3739; x_wconf 74' lang='lat' dir='ltr'>diligentissime,</span> <span class='ocrx_word' id='word_1_533' title='bbox 1314 3670 1539 3738; x_wconf 86' lang='lat' dir='ltr'>eosque</span> <span class='ocrx_word' id='word_1_534' title='bbox 1579 3660 1856 3722; x_wconf 82' lang='lat' dir='ltr'>omnibus</span> <span class='ocrx_word' id='word_1_535' title='bbox 1898 3659 2112 3721; x_wconf 84' lang='lat' dir='ltr'>officiis</span> <span class='ocrx_word' id='word_1_536' title='bbox 2152 3678 2304 3738; x_wconf 86' lang='lat' dir='ltr'>quae</span> <span class='ocrx_word' id='word_1_537' title='bbox 2343 3660 2404 3720; x_wconf 89' lang='lat' dir='ltr'>in</span> <span class='ocrx_word' id='word_1_538' title='bbox 2445 3678 2624 3719; x_wconf 83' lang='lat' dir='ltr'>manu</span> <span class='ocrx_word' id='word_1_539' title='bbox 2665 3670 2868 3719; x_wconf 89' lang='lat' dir='ltr'>nostra</span> <span class='ocrx_word' id='word_1_540' title='bbox 2901 3662 3066 3719; x_wconf 90' lang='lat' dir='ltr'>Deus</span> <span class='ocrx_word' id='word_1_541' title='bbox 3091 3658 3384 3736; x_wconf 88' lang='lat' dir='ltr'>posuerit,</span> <span class='ocrx_word' id='word_1_542' title='bbox 3433 3680 3514 3721; x_wconf 80' lang='lat' dir='ltr'>ex</span> 
     </span>
     <span class='ocr_line' id='line_1_47' title="bbox 576 3738 3518 3824; baseline 0.001 -25"><span class='ocrx_word' id='word_1_543' title='bbox 576 3738 860 3800; x_wconf 86' lang='lat' dir='ltr'>charitate</span> <span class='ocrx_word' id='word_1_544' title='bbox 920 3742 1285 3824; x_wconf 72' lang='grc' dir='ltr'>ἀνυποκρίτῳ</span> <span class='ocrx_word' id='word_1_545' title='bbox 1326 3759 1777 3819; x_wconf 82' lang='lat' dir='ltr'>prosequamur.</span> <span class='ocrx_word' id='word_1_546' title='bbox 1819 3742 1994 3801; x_wconf 89' lang='lat' dir='ltr'>Haec</span> <span class='ocrx_word' id='word_1_547' title='bbox 2035 3738 2213 3818; x_wconf 87' lang='lat' dir='ltr'>igitur</span> <span class='ocrx_word' id='word_1_548' title='bbox 2253 3756 2460 3813; x_wconf 85' lang='lat' dir='ltr'>causa,</span> <span class='ocrx_word' id='word_1_549' title='bbox 2505 3756 2660 3817; x_wconf 90' lang='lat' dir='ltr'>quae</span> <span class='ocrx_word' id='word_1_550' title='bbox 2702 3740 3060 3817; x_wconf 86' lang='lat' dir='ltr'>Prophetam</span> <span class='ocrx_word' id='word_1_551' title='bbox 3101 3738 3410 3814; x_wconf 86' lang='lat' dir='ltr'>excitauit,</span> <span class='ocrx_word' id='word_1_552' title='bbox 3451 3741 3518 3801; x_wconf 75' lang='grc' dir='ltr'>δι</span> 
     </span>
     <span class='ocr_line' id='line_1_48' title="bbox 576 3818 3514 3899; baseline 0 -20"><span class='ocrx_word' id='word_1_553' title='bbox 576 3838 689 3880; x_wconf 89' lang='lat' dir='ltr'>nos</span> <span class='ocrx_word' id='word_1_554' title='bbox 731 3838 939 3881; x_wconf 89' lang='lat' dir='ltr'>omnes</span> <span class='ocrx_word' id='word_1_555' title='bbox 984 3822 1159 3899; x_wconf 80' lang='lat' dir='ltr'>longe</span> <span class='ocrx_word' id='word_1_556' title='bbox 1198 3822 1400 3883; x_wconf 78' lang='lat' dir='ltr'>iustius</span> <span class='ocrx_word' id='word_1_557' title='bbox 1440 3840 1513 3881; x_wconf 89' lang='lat' dir='ltr'>ac</span> <span class='ocrx_word' id='word_1_558' title='bbox 1554 3820 1957 3883; x_wconf 76' lang='lat' dir='ltr'>vehementius</span> <span class='ocrx_word' id='word_1_559' title='bbox 1997 3820 2254 3881; x_wconf 88' lang='lat' dir='ltr'>excitare</span> <span class='ocrx_word' id='word_1_560' title='bbox 2296 3820 2477 3881; x_wconf 91' lang='lat' dir='ltr'>debet</span> <span class='ocrx_word' id='word_1_561' title='bbox 2523 3818 2602 3879; x_wconf 90' lang='lat' dir='ltr'>ad</span> <span class='ocrx_word' id='word_1_562' title='bbox 2643 3819 2771 3889; x_wconf 82' lang='lat' dir='ltr'>illa,</span> <span class='ocrx_word' id='word_1_563' title='bbox 2814 3838 2970 3896; x_wconf 90' lang='lat' dir='ltr'>quae</span> <span class='ocrx_word' id='word_1_564' title='bbox 3007 3823 3140 3897; x_wconf 69' lang='lat' dir='ltr'>pbst</span> <span class='ocrx_word' id='word_1_565' title='bbox 3161 3830 3514 3896; x_wconf 89' lang='lat' dir='ltr'>sequuntur,</span> 
     </span>
     <span class='ocr_line' id='line_1_49' title="bbox 575 3898 3514 3979; baseline 0 -19"><span class='ocrx_word' id='word_1_566' title='bbox 575 3899 775 3960; x_wconf 82' lang='lat' dir='ltr'>officia</span> <span class='ocrx_word' id='word_1_567' title='bbox 815 3901 1167 3977; x_wconf 87' lang='lat' dir='ltr'>praestanda</span> <span class='ocrx_word' id='word_1_568' title='bbox 1204 3900 1676 3972; x_wconf 75' lang='lat' dir='ltr'>accuratissime,</span> <span class='ocrx_word' id='word_1_569' title='bbox 1716 3904 1899 3979; x_wconf 76' lang='lat' dir='ltr'>quam</span> <span class='ocrx_word' id='word_1_570' title='bbox 1938 3898 2374 3961; x_wconf 86' lang='lat' dir='ltr'>Themistocles</span> <span class='ocrx_word' id='word_1_571' title='bbox 2415 3899 2560 3961; x_wconf 89' lang='lat' dir='ltr'>olim</span> <span class='ocrx_word' id='word_1_572' title='bbox 2595 3918 2657 3960; x_wconf 89' lang='lat' dir='ltr'>se</span> <span class='ocrx_word' id='word_1_573' title='bbox 2679 3898 2961 3959; x_wconf 85' lang='lat' dir='ltr'>Miltiadis</span> <span class='ocrx_word' id='word_1_574' title='bbox 2982 3898 3242 3977; x_wconf 87' lang='lat' dir='ltr'>tropaeis</span> <span class='ocrx_word' id='word_1_575' title='bbox 3263 3898 3514 3961; x_wconf 82' lang='lat' dir='ltr'>excitari</span> 
     </span>
     <span class='ocr_line' id='line_1_50' title="bbox 578 3978 3510 4121; baseline 0 -80"><span class='ocrx_word' id='word_1_576' title='bbox 578 3982 655 4041; x_wconf 88' lang='lat' dir='ltr'>de</span> <span class='ocrx_word' id='word_1_577' title='bbox 716 3991 893 4041; x_wconf 90' lang='lat' dir='ltr'>nocte</span> <span class='ocrx_word' id='word_1_578' title='bbox 952 3979 1354 4060; x_wconf 87' lang='lat' dir='ltr'>praedicabat.</span> <span class='ocrx_word' id='word_1_579' title='bbox 1412 3984 1587 4042; x_wconf 86' lang='lat' dir='ltr'>Haec</span> <span class='ocrx_word' id='word_1_580' title='bbox 1642 3981 1802 4043; x_wconf 89' lang='lat' dir='ltr'>enim</span> <span class='ocrx_word' id='word_1_581' title='bbox 1854 3992 2104 4058; x_wconf 86' lang='lat' dir='ltr'>tropaea</span> <span class='ocrx_word' id='word_1_582' title='bbox 2155 3992 2291 4041; x_wconf 85' lang='lat' dir='ltr'>sunt</span> <span class='ocrx_word' id='word_1_583' title='bbox 2333 3979 2582 4043; x_wconf 88' lang='lat' dir='ltr'>Dauidis</span> <span class='ocrx_word' id='word_1_584' title='bbox 2623 3982 2679 4041; x_wconf 73' lang='grc' dir='ltr'>δι</span> <span class='ocrx_word' id='word_1_585' title='bbox 2719 3978 3200 4121; x_wconf 62' lang='grc' dir='ltr'>(ῑὴιὶεῑίεωοωῐὲι</span> <span class='ocrx_word' id='word_1_586' title='bbox 3233 3978 3510 4070; x_wconf 75' lang='lat' dir='ltr'>omnium</span> 
     </span>
    </p>

    <p class='ocr_par' dir='ltr' id='par_1_6' title="bbox 3107 4080 3510 4141">
     <span class='ocr_line' id='line_1_51' title="bbox 3107 4080 3510 4141; baseline 0 -21"><span class='ocrx_word' id='word_1_587' title='bbox 3107 4134 3114 4141; x_wconf 20' lang='grc' dir='ltr'>ὓ</span> <span class='ocrx_word' id='word_1_588' title='bbox 3201 4080 3465 4121; x_wconf 65' lang='lat' dir='ltr'>ans-sima</span> <span class='ocrx_word' id='word_1_589' title='bbox 3489 4106 3510 4136; x_wconf 90' lang='lat'>,</span> 
     </span>
    </p>
   </div>
   <div class='ocr_carea' id='block_1_3' title="bbox 3834 28 3880 526">
    <p class='ocr_par' dir='ltr' id='par_1_7' title="bbox 3834 28 3880 526">
     <span class='ocr_line' id='line_1_52' title="bbox 3834 28 3880 526; textangle 90"><span class='ocrx_word' id='word_1_590' title='bbox 3870 479 3879 526; x_wconf 55' lang='grc' dir='ltr'><strong>Α</strong></span> <span class='ocrx_word' id='word_1_591' title='bbox 3855 219 3880 416; x_wconf 46' lang='lat' dir='ltr'>...a-*-</span> <span class='ocrx_word' id='word_1_592' title='bbox 3834 28 3880 156; x_wconf 51' lang='grc' dir='ltr'>μ--Ι</span> 
     </span>
    </p>
   </div>
   <div class='ocr_carea' id='block_1_4' title="bbox 2208 4542 3880 4677">
    <p class='ocr_par' dir='ltr' id='par_1_8' title="bbox 2208 4542 3880 4677">
     <span class='ocr_line' id='line_1_53' title="bbox 2208 4542 3880 4677; baseline 0 0"><span class='ocrx_word' id='word_1_593' title='bbox 2208 4542 3880 4677; x_wconf 76' lang='grc'><em>““-““-</em></span> 
     </span>
    </p>
   </div>
  </div>
 </body>
</html>
