3923 4875
553 3 668 76 476
1596 15 2004 60 ιιιιιειιισι
2075 17 2286 60 naas
2348 15 2428 59 11.

554 177 670 242 Dei
706 177 891 240 Patris
930 178 991 240 in
1033 177 1275 240 Christo
1302 175 1573 272 adoptati
1592 193 1699 258 per
1719 175 1988 257 gratiam.
2019 177 2446 240 Verumtamen
2463 175 2618 239 inter
2635 175 2795 239 illam
2815 176 3234 269 fraternitatem
3251 187 3568 238 natm-ae

557 264 612 320 δι
652 259 810 319 hanc
850 259 1279 320 fraternitatem
1324 258 1580 338 gratiae,
1636 257 1835 320 media
1874 257 2169 337 quaedam
2211 267 2302 320 est
2340 256 2702 350 fraternitas,
2739 257 3062 336 quidamq
3061 257 3188 320 uasi
3219 255 3568 318 transitus

556 345 594 401 a
654 348 865 400 natura
926 339 1005 400 ad
1068 338 1319 432 gratiam
1380 337 1867 400 transmeantium
1908 338 2123 400 virtute
2163 337 2435 400 vocantis
2471 337 2606 399 Dei.
2685 339 2920 400 Fratres
2959 277 3132 431 igiltur
3169 337 3562 399 secundi'rm

558 439 799 481 carnem
841 419 897 479 δι
938 438 1203 498 speciem
1252 430 1465 480 natura
1506 417 1683 480 facit:
1738 419 1974 480 Fratres
2011 419 2341 480 seeundum
2381 417 2648 497 spirltum
2687 418 2830 480 facit
2866 419 3054 498 gratia
3087 417 3354 479 internae
3391 437 3558 478 vo-

558 497 839 578 cationis,
884 517 1039 592 quae
1081 497 1389 593 singularis
1432 509 1522 560 est
1560 497 1623 560 in
1662 497 1933 560 Christo.
1975 501 2208 560 Fratres
2249 501 2392 560 vero
2433 515 2782 560 communes
2821 500 3150 568 secundum
3189 497 3558 578 participa-

562 579 787 641 tionem
828 575 1088 656 aliquam
1129 578 1355 658 gratiae
1398 579 1536 640 facit
1574 586 1818 640 externa
1858 579 2128 656 vocatiO,
2168 597 2324 657 quae
2361 578 2699 641 communis
2738 588 2828 640 est
2845 579 3074 640 mundo
3093 581 3152 639 δι
3169 579 3548 652 Ecclesiae..

561 669 627 722 vt
666 677 879 721 omnes
918 663 957 720 a
994 659 1225 720 mundo
1266 660 1346 721 ad
1390 657 1722 720 Ecclesiam
1762 667 2130 720 transeuntes
2171 675 2310 720 curn
2350 657 2590 721 Christo
2631 659 2692 720 in
2720 678 2794 720 ea
2815 661 3171 722 coalescant.
3213 659 3335 720 Sed
3353 656 3542 736 quia

563 741 639 802 de
690 740 806 801 hac
846 738 1080 801 ratione
1120 737 1497 801 fraternitatis
1537 751 1807 818 nostrae,
1851 745 2191 816 sanctisque
2229 739 2355 800 eius
2393 737 2640 814 officiis,
2677 737 2737 801 in
2779 739 3094 801 Canticum
3129 739 3542 830 praecedens

563 820 846 896 diximus,
912 819 1190 881 nolumus
1263 817 1361 880 hic
1399 817 1700 914 longiores
1733 837 1895 880 εεεε.
1938 821 2126 882 modo
2163 819 2285 881 hoc
2325 818 2538 912 singuli
2578 821 2898 881 obseruent
2935 821 3270 912 Prophetae
3300 817 3540 880 verb'n

564 899 803 992 proprie
840 899 941 961 htc
986 899 1065 962 de
1104 899 1203 962 illa
1242 899 1603 961 fraternitate
1642 899 1849 960 intima
1888 897 1951 960 in
1993 899 2232 962 Christo
2271 899 2394 978 agi,
2444 917 2604 992 quae
2649 911 2718 960 vt
2754 916 2986 962 summa
3022 909 3144 978 est,
3195 897 3280 959 ita
3315 897 3534 959 etiam

560 981 677 1042 alia
724 978 824 1040 illa
868 981 1059 1042 iustae
1111 978 1489 1041 fraternitatis
1541 997 1761 1058 genera
1810 979 2225 1058 conplectitur.
2303 981 2462 1041 Nam
2485 977 2606 1072 ‘qui
2645 981 2824 1042 frater
2861 989 2952 1040 est
2987 981 3101 1040 hac
3125 945 3538 1040 statemitate

560 1061 880 1123 nobiscum
920 1059 981 1121 in
1024 1059 1293 1133 Christo,
1333 1059 1492 1122 idem
1533 1061 1591 1120 δι
1634 1069 1875 1139 natura,
1918 1070 1982 1120 at
2021 1071 2264 1121 externa
2303 1059 2622 1122 vocatione
2661 1061 2844 1122 frater
2861 1069 2971 1139 est,
3003 1058 3530 1153 quandoquidem

560 1144 599 1204 ὸ,
658 1150 870 1202 natura
927 1157 1037 1220 per
1100 1141 1480 1202 vocationem
1534 1149 1835 1202 externam
1898 1141 1978 1201 ad
2017 1139 2288 1202 intimam
2327 1140 2488 1202 illam
2526 1141 2584 1202 δι
2623 1141 2943 1202 fraternam
2983 1138 3526 1216 coniunctionem,

568 1231 886 1295 euocatur,
928 1221 1411 1300 perduciturque.
1454 1220 1653 1282 Huius
1696 1221 1959 1282 accessio
1997 1239 2124 1283 non
2162 1231 2253 1282 εει
2291 1219 2522 1282 illarum
2565 1222 2630 1297 (f.
2675 1223 2817 1298 746)
2853 1217 3140 1299 interitus,
3179 1219 3288 1281 sed
3309 1217 3529 1310 tnagis

567 1300 885 1381 perfectio:
927 1300 1442 1379 quemadmodum
1480 1300 1691 1395 vnitati
1742 1299 1791 1361 si
1830 1300 1953 1362 duo
1995 1299 2310 1394 adieceris,
2362 1319 2488 1363 non
2525 1299 2782 1379 tollitur,
2835 1302 2944 1363 sed
2981 1308 3230 1379 augetur
3267 1299 3522 1378 vnitas3

570 1400 686 1442 nec
730 1382 1039 1474 flammula
1076 1380 1463 1459 exstinguitur
1501 1380 1552 1442 si
1590 1382 1889 1442 flammam
1928 1381 2288 1442 admoueris·

646 1461 831 1540 Quod
870 1461 919 1522 si
956 1463 1214 1528 fraterna
1250 1461 1595 1523 coniunctio
1636 1477 1711 1522 ex
1748 1469 1959 1522 natura
1991 1461 2171 1522 tantis
2209 1460 2431 1522 viribus
2469 1471 2578 1540 εει,
2597 1470 2662 1521 vt
2679 1461 2841 1521 nulla
2859 1463 3164 1522 voluntate
3183 1458 3514 1522 hominum

562 1540 808 1604 dissolui
865 1541 1083 1634 possit,
1146 1539 1290 1619 quin
1330 1559 1563 1620 semper
1602 1543 1808 1602 fratres
1850 1539 1976 1602 iure
2014 1539 2460 1602 necessitudinis
2501 1541 2698 1618 (quod
2737 1559 2816 1602 ne
2855 1539 3092 1618 tyranni
3129 1539 3422 1620 quidem
3401 1557 3512 1602 rus

564 1619 965 1701 perfringendi
1024 1623 1276 1702 habent,
1340 1631 1403 1682 vt
1442 1641 1567 1683 sese
1604 1619 1927 1699 Dionysius
1967 1621 2200 1684 Siculus
2238 1621 2634 1701 agnoscebat,
2690 1620 2852 1713 leges
2889 1623 2928 1681 a
2965 1640 3031 1682 se
3067 1622 3214 1682 latas
3227 1665 3248 1700 ,
3285 1639 3502 1713 posse3

562 1705 599 1762 a
638 1713 847 1763 namra
861 1746 881 1781 ,
918 1720 1045 1764 non
1085 1720 1264 1780 posse
1305 1702 1633 1781 effringere)
1668 1700 1972 1762 coniuncti
2010 1701 2164 1763 inter
2200 1719 2266 1763 se
2290 1709 2628 1793 teneantur,
2657 1699 2707 1761 si
2735 1701 3062 1762 fraternitas
3089 1719 3164 1762 ex
3184 1699 3502 1762 consocia-

562 1781 726 1874 tione
764 1781 1161 1844 humanarum
1201 1782 1587 1844 vocationum
1626 1781 1805 1844 etiam
1845 1781 2120 1844 homines
2157 1781 2311 1844 inter
2351 1799 2416 1841 se
2443 1747 2764 1843 obstrictos
2782 1790 2962 1858 tenet,
2981 1781 3502 1872 quemadmodum

566 1860 747 1940 prisci
808 1861 893 1922 illi
946 1865 1004 1924 &
1046 1863 1365 1940 prudentes
1406 1861 1667 1923 Romani
1696 1859 1849 1922 inter
1888 1872 2158 1923 caeteros
2185 1859 2644 1955 diligentissime
2685 1861 3118 1940 obseruabant,
3173 1871 3242 1922 vt
3275 1859 3390 1922 sai

563 1942 801 2003 illorum
843 1944 901 2003 δι
940 1883 1218 2005 historiae
1258 1942 1519 2004 docent:
1558 1945 1721 2003 certe
1762 1941 1923 2002 illam
1963 1940 2384 2004 fraternitatem
2397 1985 2416 2016 ,
2462 1958 2618 2018 quae
2656 1959 2782 2003 non
2821 1961 2896 2002 ex
2935 1951 3207 2020 naturae,
3245 1952 3349 2002 aut

569 2041 750 2083 mano
810 2020 937 2083 iure
998 2033 1113 2103 εει,
1182 2021 1288 2084 sed
1340 2042 1414 2083 ex
1470 2021 1677 2084 diuino
1737 2018 2034 2100 instituto,
2094 2025 2149 2084 &
2189 2021 2456 2084 instituto
2497 2019 2752 2100 gratiae·
2737 2067 2754 2100 ,
2809 2040 2942 2082 eam
2981 1986 3275 2102 (inquam)
3311 2022 3498 2099 longe

564 2100 855 2195 grauioris
897 2069 1185 2195 momenti
1223 2103 1303 2163 ad
1344 2101 1822 2195 obstringendos
1850 2102 2004 2164 inter
2043 2122 2108 2164 se
2134 2101 2408 2163 homines
2435 2100 2700 2164 dicamus
2720 2119 2966 2164 necesse
2983 2112 3090 2163 est.
3111 2102 3499 2195 Quapropter

564 2180 703 2243 satis
742 2181 941 2244 mirari
980 2201 1105 2245 non
1136 2199 1377 2276 possum
1420 2199 1627 2244 eorum
1660 2181 1970 2244 hominum
2009 2182 2135 2244 siue
2173 2181 2514 2262 audaciam,
2555 2180 2680 2244 siue
2718 2181 3102 2274 dementiam,
3141 2180 3246 2260 qui
3259 2191 3495 2243 murm

562 2263 681 2324 hoc
723 2261 814 2323 ius
854 2262 1317 2354 necessitudinis,
1357 2265 1493 2324 Deo
1533 2273 1797 2340 auctore,
1836 2261 2036 2323 diuina
2074 2262 2307 2342 virtute,
2340 2263 2396 2323 δι
2425 2227 2636 2323 mediis
2655 2263 2830 2356 plane
2849 2261 3065 2324 diuinis
3083 2261 3496 2354 constitutum,

562 2339 686 2404 tam
713 2341 893 2433 parui
932 2341 1185 2423 faciunt,
1224 2353 1289 2405 vt
1299 2308 1477 2405 alios
1516 2342 1630 2404 sibi
1662 2345 1869 2404 fratres
1906 2361 2034 2404 non
2073 2361 2205 2404 esse
2243 2341 2536 2421 iudicent3
2573 2353 2677 2404 aut
2715 2341 2912 2422 etiam,
2951 2341 3001 2403 si
3040 2344 3194 2404 forte
3231 2341 3295 2402 ιιι
3324 2359 3492 2402 eom·

566 2421 729 2483 muni
764 2421 1042 2485 nouerint
1082 2442 1193 2487 nos
1234 2421 1381 2485 alios
1420 2420 1549 2485 aliis
1587 2424 1793 2485 fratres
1834 2440 1996 2503 esse,
2055 2434 2254 2485 tamen
2291 2423 2432 2484 curn
2471 2422 2550 2484 ad
2587 2387 2912 2503 singularia
2945 2423 3206 2501 venitur,
3265 2419 3394 2485 siue
3429 2420 3493 2483 ιιι

563 2502 900 2581 particulari
939 2508 1027 2580 (vt
1066 2505 1415 2597 loquuntur)
1454 2504 1649 2597 hunc,
1706 2503 1873 2566 illum
1914 2504 2262 2584 hominem·
2301 2504 2480 2577 haec,
2521 2501 2686 2565 illam
2726 2504 3060 2565 Ecclesiam
3099 2502 3245 2565 nihil
3283 2520 3493 2565 secum

570 2582 792 2646 habere
837 2582 1274 2645 coniunctionis
1314 2588 1369 2647 &
1410 2550 1787 2677 fraternitatis
1828 2583 2182 2645 existimant.
2244 2549 2309 2644 Si
2348 2586 2386 2645 a
2423 2592 2632 2645 natura
2669 2592 2823 2645 esset
2859 2582 3234 2661 coniunctio,
3283 2592 3498 2644 natura

562 2662 863 2725 euinceret
902 2682 1029 2726 non
1069 2684 1195 2725 esse
1234 2682 1419 2743 penes
1452 2663 1654 2757 ipsos,
1688 2675 1753 2725 vt
1789 2662 1879 2726 ius
1917 2674 2161 2727 naturae
2193 2662 2488 2743 perimant
2525 2662 2811 2725 arbitratu
2849 2680 2986 2727 ειιο.
3029 2664 3092 2725 8ι
3120 2683 3196 2725 ex
3227 2662 3497 2725 humano

563 2742 830 2805 instituto
873 2755 1057 2817 esset,
1103 2753 1411 2806 testaretur
1448 2743 1714 2822 ipsorum
1755 2744 2118 2806 conscientia
2155 2743 2246 2805 ius
2285 2744 2432 2805 inud
2469 2744 2910 2806 communionis
2947 2762 3072 2805 non
3093 2760 3272 2823 posse
3277 2742 3496 2836 dissui,

564 2822 677 2885 nisi
738 2840 846 2902 per
900 2842 1005 2885 eos
1068 2840 1325 2901 quorum
1384 2823 1733 2886 auctoritate
1794 2822 2177 2886 conciliatum
2216 2834 2326 2887 est.
2385 2824 2542 2885 Nam
2577 2825 2879 2903 vulgatam
2920 2834 3010 2885 est
3047 2823 3194 2885 illud
3231 2822 3494 2899 dictmn,

564 2902 799 2980 Quibus
842 2904 1037 2965 modis
1076 2904 1393 2967 conficitur
1432 2902 1719 2984 obligatio
1732 2949 1751 2984 ,
1795 2902 2006 2966 iisdem
2035 2904 2186 2967 tolli.
2267 2906 2393 2965 Iam
2429 2908 2608 2984 vero,
2647 2906 2813 2965 Deus
2850 2904 3014 2967 bone
3083 2903 3230 2971 <mid
3264 2900 3496 2967 audio?

562 2993 810 3045 naturae
872 2984 1303 3079 obligationem
1357 2984 1545 3047 homo
1584 3002 1710 3045 non
1750 2984 2022 3064 perimit·
2084 2985 2404 3045 humanam
2443 3000 2685 3062 quoque
2721 2948 3212 3047 necessitudinem
3249 2984 3496 3046 abolere

563 3061 797 3156 priuato
837 3074 940 3126 aut
982 3064 1263 3143 singulari
1300 3066 1461 3127 facto
1500 3081 1611 3127 suo
1648 3082 1799 3125 vnus
1838 3067 2024 3128 homo
2061 3082 2186 3126 non
2224 3074 2453 3143 potest.
2503 3067 2560 3126 δι
2577 3063 2983 3157 necessitudo,
3021 3081 3204 3157 quam
3223 3062 3496 3126 diuinum

562 3143 892 3206 institutum
936 3144 1158 3237 gratiae
1198 3144 1571 3237 conciliauit,
1618 3145 1925 3207 voluntate
1956 3144 2217 3207 hominis
2245 3141 2640 3207 dissoluatur?
2673 3144 2768 3207 Ο
2752 3146 3040 3207 insaniam
3059 3143 3488 3207 miserabilem!

562 3240 683 3301 qua
722 3242 788 3285 se
823 3223 1015 3317 abripi
1042 3223 1397 3316 ‘quicunque
1446 3224 1604 3304 sinit,
1648 3222 1766 3287 iam
1806 3224 1970 3303 prius
2007 3242 2074 3287 se
2113 3227 2249 3286 Deo
2290 3226 2348 3285 &
2378 3222 2616 3317 Christo
2655 3223 2964 3304 eripuerit,
3001 3228 3186 3303 quam
3235 3226 3492 3285 alterum

566 3302 774 3381 eripiat
814 3302 1178 3384 cogitatione
1219 3323 1463 3367 necesse
1506 3316 1615 3366 est.
1654 3306 1813 3365 Nam
1848 3304 1982 3383 quis
2021 3304 2151 3367 odit
2199 3323 2365 3367 suam
2405 3302 2587 3383 ipsius
2627 3322 2914 3379 carnem.
2951 3306 3118 3398 quod
3154 3304 3496 3367 membrum

563 3384 667 3445 dat
688 3403 955 3479 operam
996 3385 1327 3446 truncando
1361 3384 1602 3463 corpori
1642 3381 1799 3447 suo?
1836 3388 1970 3446 Iam
2009 3404 2134 3447 non
2177 3396 2266 3447 est
2303 3384 2381 3447 de
2420 3402 2696 3479 corpore
2714 3384 2933 3447 Christi
2947 3430 2966 3464 ,
3003 3383 3108 3463 qui
3139 3402 3496 3479 praesecare

566 3464 792 3543 cogitat
831 3465 1169 3527 membrum
1208 3464 1447 3527 Christi.
1489 3467 1569 3526 Et
1606 3474 1805 3526 tamen
1845 3466 1943 3527 hic
1983 3467 2230 3527 morbus
2266 3474 2356 3527 est
2385 3466 2474 3541 (vt
2513 3474 2597 3527 ita
2636 3464 3266 3606 dicam)&epidem1cus
3283 3464 3495 3527 aetat'ss

567 3554 841 3607 nostrae.
884 3544 945 3605 ιιι
983 3562 1103 3624 qua
1145 3544 1615 3639 cognoscendis,
1654 3544 1976 3624 librandis,
2015 3544 2382 3637 iudicandis,
2415 3544 2768 3607 damnandis
2782 3591 2801 3626 ,
2853 3484 3331 3624 &epexplodendis
3375 3545 3494 3605 fra·

568 3634 725 3685 trum
765 3636 1102 3687 nostrorum
1148 3626 1343 3705 factis,
1382 3628 1440 3687 δι
1478 3623 1619 3704 ipsis
1659 3628 1935 3704 proterue
1956 3590 2427 3700 enumerandis,
2469 3640 2672 3686 sumus
2691 3623 2957 3703 plerique
2985 3642 3198 3687 omnes
3217 3624 3494 3686 audacis-

570 3702 731 3766 simi:
780 3706 997 3784 Neque
1035 3705 1379 3768 dubitamus
1399 3706 1673 3767 homines
1688 3750 1706 3783 ,
1727 3704 2042 3779 Ecclesias,
2082 3705 2356 3800 regiones
2377 3713 2533 3769 totas
2554 3708 2612 3767 δι
2629 3712 2950 3798 potestates
2967 3708 3006 3766 a
3025 3706 3162 3766 Deo
3183 3704 3496 3797 institutas,

565 3783 735 3862 quasi
776 3804 889 3865 pro
930 3786 1179 3865 imperio
1216 3784 1544 3847 maledictis
1584 3788 1639 3847 &
1678 3750 2072 3848 anathematis
2111 3785 2422 3865 incessere,
2455 3785 2728 3863 quamuis
2752 3783 3055 3846 Christum
3063 3785 3322 3879 sapiant,
3349 3783 3494 3863 quia

559 3863 875 3927 nobiscum
917 3884 1041 3928 non
1086 3866 1321 3959 sapiunt
1363 3886 1469 3945 per
1508 3865 1729 3927 omnia.
1792 3867 2034 3945 Manet,
2085 3866 2168 3927 mi
2206 3868 2416 3945 frater,
2463 3876 2662 3926 manet
2697 3876 2902 3927 nostra
2937 3865 3313 3927 coniunctio.
3377 3866 3488 3927 sed

558 3954 662 4005 tua
700 3956 791 4007 est
832 3947 1025 4023 (cuius
1057 3967 1155 4009 me
1196 3946 1456 4040 ιιιιεειει)
1496 3944 1792 4009 alienatio.
1832 3945 1893 4009 Si
1933 3957 1993 4008 te
2015 3910 2286 4007 alienare
2325 3948 2364 4006 ὲ.
2403 3964 2502 4007 me
2538 3945 2724 4025 voles,
2765 3964 2890 4008 non
2931 3954 3104 4041 potes
3141 3944 3288 4025 quin
3326 3944 3490 4023 prius

561 4022 780 4087 alienes
820 4030 857 4089 a
897 4026 1170 4109 chfisto,
1213 4026 1273 4088 in
1314 4044 1438 4107 quo
1480 4028 1683 4089 fratres
1726 4044 1961 4105 sumus;
2003 4045 2116 4106 ego
2155 4046 2272 4089 nec
2310 4027 2452 4090 volo
2466 4072 2485 4107 ,
2523 4044 2639 4087 nec
2657 4044 2929 4106 possum3
2965 4025 3110 4104 quia
3125 4028 3364 4087 fratrem
3385 4045 3484 4166 ¹*an

3367 4125 3421 4167 ει
3463 4126 3484 4165 ι

884 4548 3888 4731 ἆᾼ
