3923 4875
1386 351 1716 395 ’tunsus
1777 351 2423 397 THEOLOGICAE.
3240 353 3350 410 149

434 513 740 592 operando
800 511 1285 589 distingueremus
1347 510 1576 590 plenius
1590 557 1607 590 ‚
1666 511 1773 572 sed
1833 510 2319 589 quandoquidem
2372 513 2492 572 hoe
2531 512 2798 590 superior
2835 511 2956 590 egit
2993 508 3311 588 disputatio
3327 553 3344 588 ,

433 604 675 735 ffiu
678 611 813 734 l1:³11
814 591 1116 734 Αῗξὲῗιιε.
1180 594 1317 653 Deo
1354 594 1456 654 vni
1494 595 1550 653 δε
1590 591 1747 652 trino
1784 591 1966 670 patri,
2005 590 2183 671 Filio,
2229 593 2284 651 δι
2327 591 2568 670 Spiritui
2607 593 2665 651 S.
2709 591 2786 652 sit
2825 594 3021 653 honos
3059 593 3114 654 &
3153 588 3344 674 gloria

1692 878 2070 894 pm

1146 1097 1315 1158 XIV.
1401 1096 1536 1154 DE
1597 1096 2224 1159 CREATIONE
2283 1096 2652 1157 MVNDI.

521 1283 859 1342 Hactenus
912 1276 993 1340 de
1050 1277 1285 1360 priori
1338 1276 1828 1342 Prouidentiae
1868 1287 2075 1361 parte
2135 1276 2394 1342 scilicet
2449 1275 2734 1340 Decreto
2778 1277 2915 1340 Dei
2957 1285 3178 1340 actum
3225 1287 3342 1342 est.

434 1389 609 1434 nunc
654 1368 815 1434 ordo
859 1369 1427 1452 Disputationum
1466 1368 1812 1451 postulat,
1859 1378 1938 1434 vt
1979 1369 2077 1434 ad
2113 1368 2559 1434 executionem
2591 1367 2794 1432 illius
2813 1367 3090 1432 Decreti
3113 1377 3346 1433 trans·-

434 1481 679 1525 eamuS.
750 1458 863 1523 Ea
916 1462 1095 1524 enim
1151 1469 1253 1524 est
1304 1459 1527 1524 altera
1584 1459 2075 1526 Prouidentiae
2131 1459 2262 1524 Dei
2308 1470 2512 1542 pars,
2574 1480 2708 1542 qua
2761 1459 3118 1523 Decretum
3165 1459 3352 1523 illud

426 1551 895 1635 potentissime
949 1551 1047 1616 ad
1085 1572 1277 1615 suam
1313 1550 1623 1635 gloriam
1668 1551 1935 1616 omnino
1978 1551 2350 1634 exequitur.
2421 1555 2604 1614 Nam
2657 1569 2682 1614 1
2697 1597 2714 1616 .
2771 1547 2937 1616 Com
2981 1549 3168 1614 Deus
3211 1571 3347 1614 om-

434 1645 741 1727 nipotens
802 1643 901 1705 sit
963 1645 1031 1708 &
1078 1641 1524 1707 immutabilis
1572 1641 1794 1720 (Psal.
1850 1656 1995 1723 115.
2049 1661 2106 1724 3.
2152 1645 2223 1708 ἃ·
2274 1661 2376 1725 33.
2432 1659 2495 1724 9.
2542 1641 2738 1706 Esai.
2787 1659 2895 1720 40.
2945 1641 3074 1725 28.)
3121 1642 3345 1705 omnia

436 1757 605 1819 quae
664 1732 887 1799 voluit
924 1733 1107 1816 fecit
1151 1734 1298 1798 sine
1342 1733 1490 1799 vlla
1537 1732 1953 1819 difficultate
2000 1744 2124 1798 aut
2165 1733 2532 1798 mutatione
2577 1734 2707 1798 sui.
2777 1731 2874 1796 II.
2955 1729 3120 1798 Cum
3165 1731 3354 1796 illud

435 1825 502 1900 (f.
550 1825 743 1900 1631.)
798 1823 937 1888 Dei
976 1825 1334 1889 Decretum
1382 1825 1707 1908 optimum
1754 1825 1851 1889 sit
1868 1876 1883 1902 ,
1934 1825 2510 1908 sapientissimum
2528 1875 2544 1904 ‚
2593 1824 3045 1889 iustissimum
3063 1872 3079 1900 ,
3128 1823 3344 1906 benig-

434 1914 791 1979 nissimum
810 1965 826 1992 ,
891 1937 1145 1980 necesse
1198 1926 1300 1980 est
1358 1917 1504 1980 eius
1566 1936 1816 1999 quoque
1878 1917 2170 1981 similem
2228 1937 2369 1981 esse
2425 1915 2870 1981 executionem
2891 1938 2914 1978 .·
2961 1915 3132 1980 vnde
3165 1913 3345 1999 finis

434 2005 610 2070 idem
655 2005 934 2072 Decreti
979 2009 1046 2073 &
1091 2007 1507 2072 executionis
1556 2029 1784 2072 rerum
1832 2009 2134 2092 emergit.
2206 2008 2441 2074 Huius
2485 2017 2710 2072 autem
2747 2005 3158 2072 executionis
3179 2004 3348 2069 duae

434 2106 593 2162 suut
602 2107 844 2181 partes
862 2147 877 2174 ,
920 2099 1171 2164 creatio
1198 2101 1267 2164 ᾧ*
1281 2099 1703 2183 gubernatio.
1752 2098 1858 2162 De
1870 2098 2110 2182 priori
2132 2121 2251 2164 nos
2273 2100 2399 2165 hac
2419 2098 2904 2183 Disputatione
2927 2098 3342 2164 disseremuS.

1677 2336 2006 2394 Tnns1s
2069 2336 2114 2394 I.

514 2510 771 2571 Caum
820 2509 1023 2589 igitur,
1065 2510 1357 2571 Hebraeis
1412 2514 1591 2574 Bara
1604 2556 1621 2588 ,
1670 2512 2023 2589 polysemon
2077 2523 2166 2573 est
2179 2558 2196 2585 ,
2251 2512 2360 2573 tria
2414 2511 2572 2572 enim
2611 2512 2674 2572 in
2717 2510 2910 2573 Sacris
2947 2511 3130 2573 literis
3170 2518 3342 2591 (teste

434 2592 625 2650 Basil.
670 2593 731 2650 in
774 2592 1051 2669 Epistol.)
1092 2589 1397 2669 significat.
1447 2611 1495 2650 1.
1559 2592 1897 2651 Producere
1934 2610 2060 2652 rem
2105 2592 2363 2669 aliquam
2401 2591 2729 2653 secundum
2771 2602 2959 2651 totam
3000 2610 3166 2653 suam
3207 2596 3344 2654 sub-

436 2669 708 2731 stantiam
750 2672 913 2731 nullo
954 2670 1435 2749 praesupposito‚
1478 2670 1643 2748 qnod
1683 2672 1757 2731 sit
1794 2671 2152 2750 increatum,
2193 2674 2288 2732 vel
2327 2675 2405 2733 ab
2447 2671 2644 2750 aliquo
2683 2681 2946 2732 creatum
2959 2718 2977 2749 ‚
3024 2674 3168 2733 Gen.
3215 2692 3267 2732 1.
3297 2694 3348 2734 1.

436 2754 511 2811 H.
575 2752 729 2810 Rem
767 2750 1029 2828 aliquam
1070 2760 1297 2811 mutare
1334 2749 1397 2809 in
1437 2749 1645 2811 melius
1661 2793 1680 2828 ,
1724 2768 1845 2811 non
1886 2753 2214 2813 secundum
2243 2750 2629 2813 substantiam
2642 2798 2658 2828 ,
2694 2752 2799 2813 sed
2819 2754 3145 2813 secundum
3166 2752 3346 2830 quali-

436 2842 600 2892 tates.
642 2832 808 2891 Psal.
858 2850 909 2892 1.
960 2851 1049 2890 12.
1109 2834 1213 2893 111.
1275 2828 1593 2892 Viuificare
1631 2848 1737 2892 seu
1779 2833 2126 2893 resuscitare
2166 2835 2200 2893 ὲ
2239 2830 2486 2893 mortuis
2500 2880 2518 2913 ,
2558 2842 2622 2894 vt
2652 2835 2864 2893 emittes
2885 2832 3168 2910 Spiritusn
3187 2841 3346 2893 tuum

437 2912 514 2971 (θ’
574 2912 945 2989 creabuntur,
1003 2912 1110 2972 Ps.
1159 2930 1286 2984 104.
1332 2929 1431 2987 30.
1491 2913 1633 2971 Hoc
1674 2920 1794 2988 est,
1836 2923 1899 2971 vt
1940 2911 2185 2989 exponit
2223 2912 2470 2973 Basilius
2487 2958 2504 2991 .,
2543 2928 2694 2991 quae
2735 2922 2871 2973 ante
2909 2923 3076 2973 erant
3115 2922 3348 2973 mortua

434 2989 719 3069 recipient
757 2990 957 3051 vitam.
1020 2990 1221 3051 Primo
1262 2991 1449 3052 modo
1492 2990 1591 3051 hic
1631 2989 1974 3069 accipimus.

512 3072 595 3131 Π.
674 3070 913 3132 Creatio
974 3081 1063 3132 est
1114 3089 1251 3148 pars
1289 3070 1651 3132 executionis
1691 3072 1931 3133 Decreti
1973 3088 2078 3133 seu
2117 3071 2528 3151 prouidentiae
2565 3071 2844 3133 Diuinae:
2887 3090 3006 3150 qua
3040 3074 3205 3133 Deus
3243 3073 3348 3132 im·

434 3150 687 3211 mediate
727 3151 965 3211 coelum
1004 3154 1059 3211 δι
1100 3162 1317 3211 terram
1331 3196 1349 3230 ,
1388 3150 1716 3212 secundum
1756 3153 2079 3213 Decretum
2120 3162 2420 3214 aeternum
2433 3198 2450 3231 ‚
2491 3150 2788 3230 sapienter
2801 3198 2818 3229 ,
2859 3150 3043 3213 libere
3066 3156 3121 3214 δι
3140 3160 3348 3231 poten·

437 3239 525 3290 ter
562 3229 625 3291 in
667 3228 990 3311 principio,
1034 3239 1341 3291 momento
1379 3230 1697 3309 temporis,
1738 3250 1813 3290 ex
1851 3230 2068 3310 nihile,
2110 3249 2220 3293 suo
2258 3234 2445 3294 verbo
2486 3232 2796 3311 produxit:
2839 3235 2894 3293 δι
2935 3232 3151 3294 deinde
3169 3251 3244 3295 ex
3264 3232 3348 3293 eis

438 3328 533 3371 res
576 3309 717 3371 alias
758 3330 995 3391 omneS‚
1036 3310 1595 3373 conuenientissimo
1638 3310 1847 3373 ordine
1861 3357 1878 3390 ,
1917 3321 2164 3390 propter
2201 3329 2369 3373 suam
2387 3312 2636 3391 gloriam
2657 3314 2712 3371 δι
2733 3312 2990 3373 hominis
3007 3311 3316 3375 vtilitatem
3332 3358 3349 3391 ,

438 3389 709 3451 condidit
748 3392 923 3452 valde
961 3394 1169 3452 bonas.
1240 3392 1414 3451 Gene.
1466 3412 1515 3451 1.
1565 3411 1617 3453 1.
1657 3393 1765 3451 διε.

513 3472 620 3531 III.
703 3471 897 3531 Causa
933 3471 1109 3551 igitur
1149 3470 1485 3532 Creationis
1527 3470 1787 3533 efficiens
1828 3482 1916 3531 est
1956 3473 2185 3531 Elohim
2201 3517 2218 3551 ,
2261 3473 2379 3533 hoc
2419 3481 2506 3533 est
2547 3473 2748 3551 Pater,
2789 3470 2970 3533 Filius
3011 3476 3066 3533 δι
3106 3472 3352 3551 Spiritus

436 3549 704 3611 Sanctus
766 3552 873 3611 Est
926 3550 1087 3612 enim
1128 3550 1367 3613 Creatio
1408 3568 1559 3630 opus
1598 3550 1901 3612 Trinitatis
1937 3552 2018 3612 ad
2056 3561 2218 3613 extra
2257 3556 2343 3626 (vt
2383 3552 2704 3630 loquuntur
2743 3552 3114 3629 Scholastici)
3156 3569 3350 3630 eoque

436 3627 751 3691 indiuisum
790 3634 845 3691 δι
884 3630 1289 3692 indistinctum
1306 3676 1325 3711 ‚
1364 3633 1423 3691 h.
1464 3651 1515 3691 e.
1557 3630 1745 3693 tribus
1782 3630 2054 3708 personis
2093 3649 2442 3711 commune,
2481 3642 2718 3693 seruato
2759 3631 2992 3693 interim
3032 3634 3242 3693 ordine
3277 3653 3350 3693 ac

436 3711 623 3771 modo
662 3710 725 3770 in
766 3712 1093 3789 operando.
1134 3713 1290 3772 Nam
1331 3710 1839 3789 quemadmodum
1877 3730 2170 3789 personae
2211 3710 2372 3791 ipsae
2410 3711 2622 3772 ordine
2664 3730 2736 3772 ae
2757 3712 2941 3772 modo
2963 3711 3114 3773 inter
3133 3732 3195 3773 se
3214 3722 3351 3773 sunt

436 3788 745 3852 distinctae
759 3836 777 3871 ,
829 3789 915 3852 sie
964 3790 1143 3852 etiam
1196 3810 1581 3885 personarum
1630 3810 1813 3870 opera
1864 3790 2004 3852 licet
2051 3811 2173 3854 non
2228 3793 2430 3870 quoad
2469 3790 2842 3853 effectionem
2858 3837 2876 3870 ,
2915 3803 3113 3852 tamen
3149 3793 3350 3869 quoad

434 3869 725 3932 efficiendi
784 3871 1033 3931 modum
1081 3872 1537 3951 distinguuntur.
1597 3873 1777 3933 Creat
1834 3890 1981 3949 ergo
2023 3882 2190 3951 pater
2230 3876 2268 3932 a
2306 3892 2370 3933 se
2411 3891 2520 3950 per
2557 3870 2744 3932 filium
2785 3876 2840 3933 &
2893 3874 2995 3949 Sp.
3033 3872 3316 3933 Sanctum
3330 3917 3349 3950 ‚

435 3948 587 4011 filius
625 3954 663 4011 a
702 3960 867 4029 patre
874 3996 897 4044 2
941 3951 1187 4030 Spiritus
1227 3953 1287 4014 S.
1328 3951 1583 4029 denique
1623 3955 1661 4012 a
1699 3962 1865 4029 patre
1904 3954 1960 4012 δι
1999 3951 2140 4013 filio.
2184 3952 2309 4013 Soli
2349 3950 2593 4030 quidem
2625 3951 2774 4029 patri
2795 3952 2856 4012 in
2877 3950 3178 4030 Scriptura
3196 3952 3346 4013 haec

435 4028 677 4090 Creatio
730 4048 963 4109 saepms
1012 4030 1316 4094 tribuitur:
1359 4032 1467 4092 sed
1504 4032 1625 4092 hoc
1666 4033 1765 4111 fit,
1803 4029 1943 4109 quia
1983 4030 2387 4109 potentissime
2421 4032 2484 4091 in
2522 4030 2646 4092 eius
2685 4050 2938 4109 persona
2975 4031 3352 4111 terminatur,

368 4142 377 4151 ·
434 4120 501 4169 vt
560 4108 922 4189 Redemptio
972 4111 1033 4172 in
1074 4112 1227 4191 filio,
1267 4117 1322 4174 δι
1360 4112 1761 4173 Sanctificatio
1801 4109 1864 4170 in
1900 4110 2122 4189 Spiritu
2163 4112 2404 4173 Sancto.
2459 4110 2791 4172 Ministram
2827 4117 2972 4173 vero
3012 4130 3252 4173 causam
3290 4110 3353 4173 in

434 4188 555 4250 hoc
593 4207 777 4268 opere
815 4192 1039 4253 nullam
1077 4203 1243 4253 extra
1281 4194 1477 4253 Deum
1517 4192 1898 4271 agnoscimus
1914 4239 1931 4270 ‚
1972 4202 2098 4251 tum
2137 4193 2303 4269 quOd
2343 4200 2481 4254 ante
2519 4190 2870 4270 principium
2903 4202 3134 4269 praeter
3152 4194 3350 4253 Deum

394 4290 417 4314 ο
432 4268 579 4329 nihil
631 4270 831 4350 faerit,
882 4280 1010 4333 tum
1060 4273 1227 4349 quOd
1276 4272 1354 4333 ad
1402 4272 1871 4351 omnipotentem
1925 4281 2156 4333 tantum
2211 4280 2508 4350 naturam,
2559 4287 2713 4350 quae
2753 4272 2864 4333 soli
2906 4275 3040 4334 Deo
3079 4272 3318 4352 propria
3333 4316 3353 4352 ,

434 4350 586 4410 haec
626 4350 941 4428 productio
986 4356 1091 4413 τοῦ
1138 4358 1351 4421 παντός
1388 4356 1425 4412 ὲ,
1464 4372 1589 4415 non
1630 4372 1759 4414 esse
1794 4352 1875 4412 ad
1914 4371 2043 4414 esse
2083 4351 2524 4415 accommodari
2563 4363 2779 4431 potest.

2813 4435 2918 4495 IV.
2975 4432 3314 4495 Subiectum
3327 4476 3347 4507 ,
