3923 4875
1325 355 1650 400 ‘russas
1708 351 2364 397 Tnnonoercat.
3197 355 3312 416 ²⁷9

388 520 636 580 distinct.
678 535 775 593 33.
812 517 1101 576 Bellarm.
1143 517 1211 576 de
1248 517 1525 576 Matrim.
1568 524 1698 593 cap.
1745 535 1835 575 11.
1885 515 2032 574 Gen.
2079 533 2128 572 2.
2177 533 2270 588 24.
2311 515 2501 575 Leuit.
2551 515 2642 574 18.
2689 513 2943 575 Malach.
2990 535 3041 573 2.
3093 507 3314 593 14.'15.

389 600 604 659 Matth.
652 618 677 656 1
728 641 743 657 .
831 643 844 656 .

470 683 527 738 8.
606 613 861 756 enim}
902 675 1105 736 multis
1145 675 1487 736 nominibus
1528 693 1698 736 suam
1740 673 2134 752 ignorantiam
2155 673 2540 751 prodiderunt
2562 673 2806 735 Cathari
2827 685 2888 734 et
2907 675 3307 735 Montanistae

391 769 651 836 veteres,
711 755 815 834 qui
864 755 1154 816 secundas
1206 756 1439 834 nuptias
1493 755 1765 816 absolute
1806 755 2197 814 damnarunt:
2261 764 2323 812 vt
2363 757 2419 814 ὅτ
2459 753 2818 815 recentiores
2860 753 2962 831 qui
3001 755 3083 815 eis
3127 757 3304 815 bene-

394 837 719 900 dictionem
768 837 1150 913 subtrahunt,
1191 837 1248 896 &
1299 835 1349 896 si
1387 835 1490 912 qui
1529 853 1628 896 eas
1669 844 2118 912 contraxerunt,
2173 852 2278 893 eos
2317 833 2394 894 ad
2437 851 2529 894 res
2571 853 2767 895 sacras
2805 832 3301 896 administrandas

392 917 713 994 ineptiores
774 915 917 992 ipsis
974 914 1251 976 adulteris
1312 919 1368 976 &
1428 915 1855 975 scortatoribus
1916 913 2213 990 iudicant,
2274 916 2415 974 cum
2477 925 2678 975 tamen
2742 913 3031 994 expressis
3099 918 3312 975 Sacrae

394 996 734 1073 Scripturae
794 995 943 1054 locis
998 993 1503 1055 sanctissimorum
1558 997 1796 1054 Patrum
1851 994 2136 1073 exemplis
2161 1039 2178 1067 ,
2239 995 2296 1055 &
2337 994 2752 1072 augustissimo
2795 997 2862 1056 B.
2905 995 3218 1072 Augustini
3258 999 3314 1056 δι

400 1075 763 1152 Hieronymi
800 1073 1138 1134 testimonio
1154 1120 1171 1151 ,
1213 1073 1573 1135 contrarium
1616 1077 2052 1135 demonstratur
2093 1077 2275 1151 quam
2319 1074 2809 1136 manifestissime.
2865 1074 3024 1135 Vide
3073 1077 3318 1137 Tertull.

399 1159 500 1218 lib.
557 1159 627 1215 de
678 1175 949 1230 monoga.
1003 1156 1228 1215 Bellar.
1270 1156 1371 1221 lib,
1414 1157 1484 1214 de
1526 1157 1781 1216 matrim.
1825 1165 1956 1234 cap.
2006 1175 2064 1231 9.
2127 1156 2330 1214 Eund.
2373 1157 2442 1214 de
2487 1156 2728 1216 Clericis
2767 1165 2895 1234 cap.
2939 1175 3010 1232 23
3055 1157 3217 1232 Aug.
3247 1157 3316 1216 de

389 1239 519 1315 sade
558 1237 646 1296 ad
678 1239 805 1296 Pet.
849 1245 981 1314 cap.
1023 1252 1082 1310 3.
1129 1236 1206 1294 ὃν
1246 1255 1341 1310 42.
1404 1236 1661 1296 Hieron.
1706 1243 1820 1294 tom
1870 1255 1921 1293 2.
1965 1237 2163 1314 Epist.
2203 1236 2290 1294 ad
2331 1234 2645 1297 Oceanum.

484 1336 541 1394 9.
623 1315 858 1376 Deinde
896 1315 1043 1375 tales
1076 1316 1303 1376 tantum
1342 1317 1693 1376 contrahere
1733 1325 2017 1392 possunt,
2069 1313 2170 1392 qui
2213 1317 2352 1374 vere
2393 1327 2528 1374 sunt
2567 1317 2658 1377 vir
2697 1319 2753 1376 δι
2795 1314 3038 1394 mulier,
3089 1315 3155 1375 id
3195 1324 3313 1387 est,

398 1417 507 1476 per
545 1406 800 1457 aetatem
842 1398 897 1455 δι
936 1405 1240 1474 naturam,
1284 1397 1362 1457 ad
1402 1395 1745 1474 coniugium
1791 1395 2037 1456 habileS.
2079 1398 2286 1470 Itaque
2326 1395 2572 1456 materia
2607 1395 2865 1474 coniugij
2897 1395 3164 1456 nondum
3185 1405 3320 1454 sunt

402 1477 741 1555 impuberes
757 1521 774 1552 ,
828 1492 1133 1551 nunquam
1188 1480 1333 1537 vero
1384 1477 1709 1552 spadones,
1754 1477 1970 1536 Matth.
2017 1495 2108 1552 19.
2171 1477 2227 1534 δι
2267 1473 2329 1533 in
2383 1490 2735 1552 perpetuum
2774 1475 3131 1553 impotentes
3147 1522 3163 1555 ,
3198 1475 3322 1534 siue

399 1567 645 1616 naturae
686 1555 857 1633 vitio,
898 1553 1023 1614 siue
1064 1555 1263 1632 aliquo
1305 1555 1471 1634 graui
1512 1556 1821 1617 accidente
1860 1556 2028 1632 quod
2078 1565 2214 1614 ante
2255 1566 2630 1618 contractum
2651 1555 3099 1616 Matrimonium
3123 1574 3321 1632 super-

404 1635 603 1697 uenit:
648 1636 853 1696 talium
896 1633 1053 1694 enim
1098 1634 1543 1696 matrimonium
1584 1635 1645 1695 in
1688 1634 1879 1694 Sacris
1919 1654 2212 1712 nusquam
2253 1633 2493 1715 legitur,
2537 1642 2592 1699 δι
2629 1638 2755 1698 iure
2793 1635 3024 1715 optimo
3066 1633 3319 1697 decretis

411 1715 767 1778 Pontificum
808 1717 863 1774 δι
903 1713 1133 1792 legibus
1164 1717 1601 1794 Imperatorum
1642 1714 2010 1793 prohibetur.
2061 1717 2284 1790 Grego.
2324 1717 2418 1774 leb.
2463 1738 2518 1790 4.
2561 1723 2648 1780 tit.
2696 1735 2786 1795 15·
2833 1727 2960 1796 cap.
3007 1737 3060 1778 2.

494 1816 585 1856 10.
669 1794 929 1857 Sumitur
985 1799 1167 1872 porro
1228 1797 1317 1856 vir
1366 1799 1421 1856 &
1476 1796 1685 1856 mulier
1734 1795 2038 1856 indefinite
2080 1795 2138 1853 δῑ
2178 1795 2546 1874 communi(f.
2610 1800 2878 1876 1743)ter
2916 1816 2990 1855 ex
3034 1794 3322 1858 sententia

408 1876 725 1954 Apostoli,
765 1876 960 1935 Hebr.
1010 1894 1097 1951 13.
1141 1895 1197 1947 4.
1248 1881 1445 1952 τίμιος
1486 1877 1519 1934 o‘
1560 1879 1739 1956 γάμος
1781 1877 1845 1933 ἐν
1885 1881 2071 1952 πασί,
2112 1877 2168 1934 δζ
2217 1875 2352 1934 Cor.
2399 1892 2453 1950 7.
2498 1885 2762 1957 κρεῖσσον
2802 1878 2935 1936 ἐστὶ
2977 1881 3247 1956 γαμῆσαι
3285 1877 3320 1950 ἦ·

410 1960 791 2034 πυροῦσθαι
836 1954 1001 2032 quod
1040 1972 1161 2013 non
1206 1955 1393 2016 modo
1434 1955 1629 2014 Laicis
1670 1957 1776 2014 sed
1816 1960 1871 2014 δι
1916 1953 2160 2014 Clericis
2203 1953 2428 2014 dictum
2463 1969 2589 2016 est:
2633 1969 2864 2035 praeter
2897 1958 3130 2034 nuptias
3164 1955 3323 2014 enim

408 2037 569 2093 ahud
609 2033 940 2096 remedium
982 2034 1041 2093 in
1083 2034 1275 2095 Sacris
1314 2034 1497 2095 literis
1536 2033 1756 2095 vstioni
1794 2053 1918 2094 non
1950 2035 2157 2094 datur:
2199 2046 2446 2094 vruntur
2479 2048 2676 2097 autem
2701 2049 2824 2096 tam
2855 2035 3098 2115 Clerici,
3139 2052 3321 2112 quam

406 2114 601 2193 Laici,
664 2115 768 2192 qui
807 2114 1037 2174 donum
1078 2114 1481 2176 continentiae
1520 2133 1647 2175 non
1687 2116 1945 2175 habent:
2011 2132 2154 2193 ergo
2197 2114 2252 2172 δι
2293 2113 2406 2174 illis
2446 2117 2576 2194 pari
2613 2117 2841 2177 ratione
2881 2115 3323 2176 matrimonium

411 2195 795 2273 praecipitur,
857 2193 969 2254 nisi
1023 2195 1177 2255 forte
1224 2195 1423 2273 ignem
1473 2193 1639 2255 illum
1698 2195 2024 2254 naturalem
2063 2194 2252 2254 stultis
2290 2193 2410 2254 suis
2447 2195 2602 2257 votis
2642 2196 2936 2276 extingui,
2995 2199 3051 2256 δι
3087 2195 3324 2255 anathe-

412 2275 585 2335 matis
624 2274 869 2336 fulmine
909 2274 1185 2335 suffocari
1224 2293 1400 2353 posse
1438 2284 1651 2353 putent
1664 2321 1682 2354 ,
1744 2275 1863 2334 hoc
1900 2279 2045 2334 vero
2087 2292 2265 2351 quarn
2307 2273 2383 2334 sit
2423 2276 2734 2352 ἀδύνατον,
2783 2276 2902 2336 suis
2941 2273 3322 2336 serenissimis

410 2354 690 2416 antidotis
729 2359 785 2416 δι
824 2355 1100 2415 remediis
1140 2353 1479 2432 contrariiS,
1540 2354 1841 2416 contrario
1883 2355 2098 2414 morbo
2139 2355 2511 2432 praescriptis
2551 2359 2690 2416 satis
2735 2355 3026 2434 indicant,
3068 2357 3206 2415 cum
3247 2354 3325 2414 ad

410 2436 707 2513 exemplar
746 2434 1279 2514 impurissimorum
1320 2437 1753 2496 monachorum
1789 2434 2094 2495 Benedicti
2131 2435 2184 2494 &
2217 2434 2512 2496 Francisci
2549 2435 2676 2512 (qui
2705 2457 2814 2515 per
2845 2437 3040 2514 spinas
3073 2440 3128 2497 δι
3158 2433 3326 2496 niues

412 2515 639 2595 nudos,
693 2514 743 2576 si
797 2515 1041 2577 credere
1091 2517 1182 2575 fas
1218 2525 1340 2593 est,
1381 2534 1509 2576 sese
1550 2518 1909 2589 volutarunt)
1950 2514 2437 2576 incontinentiam
2473 2533 2638 2576 suam
2674 2520 2728 2577 &
2767 2516 3074 2578 libidinem
3111 2515 3323 2593 turpis-

412 2596 619 2655 simam
672 2596 990 2674 reprimere
1044 2597 1099 2655 &
1149 2614 1425 2657 coercere
1465 2607 1836 2658 moneantur.
1896 2596 2016 2656 hoc
2055 2607 2121 2655 ut
2160 2613 2265 2655 sua
2303 2607 2367 2655 et
2403 2596 2707 2658 Pontificis
2750 2598 3098 2658 auctoritate
3140 2594 3320 2672 impie

410 2676 603 2736 firmet
639 2676 1057 2753 Bellarminus,
1120 2696 1193 2737 ex
1245 2676 1533 2737 diametro
1590 2696 1654 2737 se
1712 2676 1966 2754 opponit
2018 2676 2345 2754 Apostolo,
2405 2675 2610 2737 dicens
2632 2722 2649 2755 ,
2709 2677 2876 2756 peius
2926 2696 3052 2737 esse
3098 2677 3323 2735 nubere

412 2758 592 2832 quam
644 2757 765 2835 uri,
826 2754 1169 2834 praesertim
1220 2756 1277 2817 ei
1314 2755 1417 2833 qui
1470 2766 1679 2817 votum
1728 2758 1973 2816 solenne
2027 2758 2237 2835 habet3
2299 2756 2402 2816 vbi
2443 2757 2746 2819 concludit
2787 2776 2924 2818 cum
2964 2755 3318 2816 Innocentio

412 2836 600 2913 Papa,
661 2836 963 2897 Ecclesiae
1016 2836 1131 2897 Dei
1178 2835 1598 2897 nocentissimo
1613 2881 1631 2914 ,
1694 2836 2133 2897 matrimonium
2179 2855 2284 2913 per
2339 2855 2404 2896 se
2453 2855 2582 2897 esse
2627 2848 2938 2915 peccatum
2955 2883 2972 2915 ,
3023 2838 3079 2896 &
3119 2835 3220 2913 qui
3259 2836 3321 2895 in

414 2916 793 2977 matrimonio
854 2926 989 2976 sunt
1006 2960 1023 2995 ,
1084 2915 1469 2977 immunditiis
1526 2916 1859 2978 deseruire:
1924 2934 2076 2993 quae
2136 2915 2338 2976 omnia
2383 2926 2448 2975 vt
2497 2917 2834 2979 doctrinam
2886 2916 3127 2977 Diaboli
3181 2932 3320 2975 cum

413 2996 709 3073 Apostolo
750 2998 1120 3058 damnamus.
1178 2996 1335 3058 Vide
1377 2999 1603 3057 Bellar.
1645 2999 1714 3057 de
1751 2999 2048 3057 monachis
2089 3007 2217 3076 cap.
2266 3015 2290 3054 1
2303 3014 2356 3072 7.
2398 3015 2494 3073 32.
2538 3015 2634 3072 34.
2680 2999 2804 3059 &a
2845 2999 3084 3057 Decret.
3143 2997 3320 3056 Grat.

416 3093 471 3135 2.
494 3086 709 3156 parte,
750 3096 933 3138 causa
979 3093 1071 3153 27.
1121 3088 1249 3157 cap.
1298 3097 1346 3136 1.
1398 3098 1485 3137 12.
1525 3080 1649 3138 &a
1697 3077 1868 3137 Conc.
1917 3078 2087 3136 Trid.
2133 3096 2272 3136 sess.
2313 3080 2370 3137 8.
2418 3076 2563 3136 Can.
2605 3096 2665 3154 9.
2710 3078 2933 3139 Coster.
2973 3079 3036 3138 in
3069 3078 3320 3137 Euchir.

414 3157 484 3213 dc
522 3158 817 3217 coelibatu.
860 3168 992 3237 cap.
1038 3172 1129 3235 15.
1170 3160 1400 3219 Bellar.
1443 3160 1513 3216 de
1550 3158 1891 3218 Monaclu's.
1931 3168 2063 3237 cap.
2107 3176 2202 3234 30.
2251 3176 2299 3215 1.
2343 3158 2494 3217 Tim.
2537 3176 2595 3229 4.

501 3255 590 3297 11.
671 3241 901 3297 Forma
961 3236 1317 3314 matrimonij
1378 3246 1469 3297 est
1527 3236 1789 3316 legitima
1848 3237 1908 3296 in
1969 3256 2148 3297 vnam
2210 3256 2446 3297 carnem
2503 3236 2864 3299 coniunctio.
2905 3256 3082 3299 vnam
3123 3247 3323 3296 autem

414 3315 541 3375 fieri
582 3336 825 3378 carnem
863 3319 1061 3397 (quae
1116 3320 1181 3377 fit
1230 3317 1291 3377 in
1346 3317 1758 3395 procreatione
1813 3317 2038 3377 sobolis
2093 3318 2486 3391 materialiter)
2541 3318 2976 3393 synecdochice
3030 3316 3326 3395 significat

414 3396 804 3458 arctissimam
860 3396 1021 3455 illam
1073 3400 1129 3457 &
1178 3397 1605 3457 sanctissimam
1645 3398 1705 3457 in
1748 3398 1925 3458 rebus
1968 3396 2246 3456 omnibus
2285 3396 2632 3457 societatem
2674 3402 2728 3458 ὅτ
2770 3404 3104 3473 κοινωνίαν,
3167 3413 3320 3473 quae

416 3475 557 3535 facit
597 3488 660 3537 vt
701 3478 789 3538 vir
829 3477 919 3537 ius
957 3476 1019 3535 in
1060 3476 1257 3537 viroris
1298 3494 1516 3554 corpus
1553 3477 1802 3555 habeat,
1844 3480 1899 3537 δι
1938 3476 2196 3537 vicissim
2238 3497 2385 3538 vxor
2424 3476 2485 3537 in
2527 3496 2746 3555 corpus
2784 3481 2928 3559 viri,
2989 3497 3038 3537 1.
3085 3478 3220 3539 Cor.
3267 3493 3320 3553 7.

414 3554 657 3618 Interim
696 3568 895 3618 tamen
936 3556 1027 3616 vir
1065 3556 1303 3634 speciali
1344 3556 1573 3616 ratione
1613 3567 1789 3634 caput
1829 3559 2029 3617 vxoris
2071 3574 2212 3617 suae
2253 3570 2479 3636 manet,
2544 3576 2690 3617 vxor
2727 3564 2870 3621 vero
2887 3605 2904 3637 ,
2966 3568 3028 3618 vt
3071 3575 3288 3636 corpus
3305 3604 3320 3629 ,

417 3635 595 3713 capiti
634 3638 966 3712 subiicitur,
1009 3638 1065 3695 δι
1106 3639 1185 3697 ab
1226 3656 1299 3697 eo
1340 3638 1603 3711 fouetur,
1645 3638 1701 3695 δι
1742 3636 1998 3697 vicissim
2038 3639 2219 3715 capiti
2257 3637 2536 3698 auxilium
2585 3639 3006 3699 subministrat.

506 3734 597 3777 12.
678 3720 771 3778 Ex
820 3718 935 3775 hac
980 3726 1144 3775 arcta
1201 3720 1257 3777 δι
1310 3714 1703 3777 indissolubili
1756 3717 2180 3779 coniunctione
2233 3718 2473 3795 quidam
2528 3718 2822 3796 Pontificij
2875 3719 3072 3795 inepte
3123 3718 3324 3777 Sacra·

418 3808 681 3859 mentum
724 3795 993 3859 fabricati
1032 3806 1197 3887 sunt,
1238 3806 1299 3857 et
1336 3798 1517 3856 falsae
1558 3796 1697 3857 huic
1739 3798 2008 3874 opinioni
2049 3799 2560 3858 contrauenientes
2601 3808 2724 3858 tam
2765 3798 3108 3860 Pontificios
3141 3800 3320 3876 quam

414 3876 802 3939 Orthodoxos
836 3876 1227 3937 anathematis
1256 3877 1457 3956 gladio
1493 3876 1705 3937 iniuste
1737 3878 2022 3955 iugulant.
2078 3879 2292 3937 Concil.
2325 3880 2489 3938 Trid.
2509 3897 2646 3938 sess.
2669 3882 2726 3938 8.
2756 3879 2901 3939 Can.
2930 3898 2980 3938 1.
3007 3880 3327 3938 abutuntur

415 3975 566 4018 voce
602 3963 926 4039 μυςηρίου,
968 3958 1074 4017 sed
1122 3958 1341 4019 Christi
1380 3959 1437 4016 &
1480 3958 1781 4019 Ecclesiae
1823 3958 2167 4017 coniunctio
2211 3958 2569 4035 designatur.
2627 3959 2819 4038 Ephe.
2862 3974 2918 4037 5.
2957 3978 3054 4036 32.
3100 3959 3192 4018 Ex
3211 3959 3326 4017 hac

411 4046 607 4097 autem
661 4057 909 4099 erronea
960 4036 1235 4097 doctrina
1296 4038 1418 4098 duo
1475 4037 1721 4115 insignia
1774 4038 2032 4097 absurda
2083 4036 2478 4115 colliguntur.
2541 4037 2591 4099 I.
2643 4039 2705 4098 Si
2746 4040 3084 4117 coniugium
3126 4040 3326 4098 Sacra·

416 4126 681 4177 mentum
736 4128 864 4195 est,
925 4134 1032 4176 cur
1069 4116 1181 4195 ipsi
1221 4116 1438 4179 Clerici
1479 4116 1541 4176 in
1584 4136 1647 4177 se
1690 4118 1745 4175 δι
1786 4135 1926 4177 suos
1967 4128 2091 4176 tam
2131 4128 2266 4177 sunt
2307 4117 2498 4194 iniurij
2523 4163 2539 4196 ,
2599 4129 2664 4177 vt
2702 4122 2740 4179 a
2779 4121 2964 4197 gratia
3003 4124 3206 4195 (quam
3247 4138 3318 4179 ex

412 4213 596 4272 opere
650 4207 897 4275 operato
947 4198 1394 4257 Sacramentum
1437 4198 1711 4257 conferre
1750 4200 1986 4275 putant)
2027 4216 2091 4257 se
2133 4205 2390 4274 suosque
2430 4196 2784 4259 excludant?
2863 4202 2940 4260 II.
2995 4199 3321 4275 Quomodo

411 4274 887 4356 Sacramentum,
942 4276 991 4336 si
1034 4278 1204 4338 locus
1242 4276 1523 4356 Apostoli
1564 4278 1641 4336 ad
1682 4280 1852 4337 Rom.
1896 4282 1933 4337 8
1985 4296 2136 4338 vers.
2177 4283 2231 4337 8.
2273 4277 2374 4355 qui
2414 4277 2477 4338 in
2519 4296 2696 4339 carne
2737 4290 2872 4339 sunt
2913 4282 3050 4340 Deo
3091 4280 3324 4358 placere

408 4374 535 4417 non
574 4368 851 4436 possunt,
891 4358 969 4418 de
1010 4356 1293 4437 coniugio
1336 4362 1424 4434 (vt
1464 4358 1589 4417 vult
1626 4356 1891 4436 impurus
1932 4358 2031 4418 ille
2073 4357 2334 4435 Siricius)
2367 4358 2786 4439 intelligendus
2819 4370 2939 4439 est,
2980 4358 3292 4439 quomodo
3305 4404 3324 4439 ,

3065 4457 3313 4519 quaeso,
