3923 4875
1319 394 1648 442 *russas
1709 396 2357 447 rneoLomcaz.
3145 398 3279 463 305·

425 560 485 618 8.
569 554 906 618 Auctoritas
957 558 1072 619 Dei
1123 568 1210 619 est
1261 558 1454 637 prima
1493 566 1846 637 summaque
1857 605 1878 653 2
1928 561 1986 621 &
2033 562 2165 621 sola
2203 559 2499 621 sufficiens
2540 577 2647 639 per
2684 578 2777 621 se:
2820 560 3074 639 proinde
3112 562 3275 623 nulla

331 638 424 699 ad
469 657 598 697 eam
642 648 839 715 potest
877 638 1002 698 fieri
1041 642 1080 699 a
1121 638 1297 700 nobis
1337 640 1630 701 accessio:
1673 660 1813 701 nam
1853 639 2083 701 mfinito
2125 640 2257 718 quis
2300 636 2517 701 addat?

429 738 490 795 9.
570 717 910 779 Auctoritas
963 718 1282 783 Ecclesiae.
1321 730 1411 780 est
1446 719 1823 801 secundaria,
1859 740 1984 781 non
2024 722 2103 781 ad
2140 720 2517 782 statuendum
2554 720 2703 802 (hoc
2742 719 2902 782 enim
2941 720 3055 781 Dei
3094 720 3276 783 solius

333 802 462 873 est)
500 798 612 857 ‘sed
649 798 728 858 ad
767 798 1205 860 testificandum
1248 798 1510 860 diuinam
1549 801 1966 861 auctoritatem
2005 801 2359 879 Scripturae.

436 896 526 937 10.
606 879 936 953 Vtramque
1000 898 1144 957 ergo
1203 880 1616 940 auctoritatem
1675 880 2055 959 agnoscimus
2069 925 2088 959 ,
2150 881 2257 942 sed
2309 898 2419 941 suo
2469 880 2699 941 ordine.
2760 882 2957 957 Quem
3000 879 3273 941 ordinem

341 960 697 1018 conuellunt
751 957 965 1037 hodie,
1019 958 1359 1038 quicunque
1399 960 1656 1038 priorem
1694 960 1883 1037 illam,
1925 960 2329 1040 solidamque,
2368 961 2425 1021 &
2464 957 2834 1022 essentialem
2871 959 3278 1021 auctoritatem

337 1038 650 1115 minuunt,
714 1049 778 1099 vt
831 1038 1222 1115 posteriorem
1238 1082 1256 1115 ,
1303 1039 1712 1101 secundariam
1726 1086 1744 1120 ,
1794 1040 2237 1118 infirmamque,
2288 1044 2346 1102 &
2383 1041 2833 1103 accidentariam
2876 1040 3277 1118 imprudentes

333 1126 620 1196 augeant.

433 1218 460 1255 r
475 1217 525 1258 1.
607 1200 750 1258 Hoc
790 1207 990 1258 autem
1031 1208 1098 1257 vt
1138 1198 1477 1273 obtineant,
1519 1199 1708 1260 tribus
1747 1201 1934 1260 ferme
1974 1212 2459 1279 argumentorum
2500 1199 2815 1280 generibus
2853 1202 3205 1261 abutuntur:
3240 1203 3277 1260 a

336 1276 639 1356 dignitate
687 1276 1006 1355 officioque
1055 1278 1388 1360 Ecclesiae,
1437 1281 1516 1340 ab
1563 1280 1966 1342 accidentibus
2003 1280 2339 1361 Scripturae
2378 1280 2531 1342 vitiis
2571 1282 2626 1340 &
2668 1280 3147 1359 corruptionibus
3162 1325 3181 1356 ,
3221 1280 3278 1340 &

335 1360 378 1417 a
430 1359 668 1417 Patmm
711 1358 1186 1419 orthodoxorum
1225 1360 1626 1435 quorumdam
1667 1360 1994 1422 sententiis.

432 1456 524 1497 12.
605 1439 955 1497 Eccntsun
995 1438 1260 1499 officium
1301 1456 1488 1516 quum
1529 1438 1783 1501 dicimus
1799 1485 1817 1518 ,
1857 1441 1980 1501 duo
2020 1442 2297 1502 volumus
2335 1440 2611 1521 intelligi,
2640 1451 2767 1501 tum
2788 1440 2955 1518 quod
2976 1440 3281 1517 debuerit,

341 1528 478 1577 tum
518 1518 684 1595 quod
726 1516 992 1577 debiturn
1032 1517 1130 1577 illa
1170 1518 1540 1597 praestiterit.

433 1616 522 1675 13.
605 1596 887 1659 Debitum
927 1597 1230 1659 Ecclesiae
1267 1598 1532 1660 officium
1572 1599 1728 1660 istud
1769 1610 1858 1661 est
1873 1646 1891 1679 ,
1929 1610 1996 1661 vt
2029 1602 2279 1662 verbum
2299 1600 2416 1661 Dei
2432 1600 2715 1678 scriptum
2734 1599 3054 1678 diuinaque
3073 1608 3279 1661 aucto·

339 1675 516 1737 ritate
555 1677 886 1756 praeditum
925 1690 1210 1756 agnoscat
1253 1679 1522 1739 oblatum
1565 1678 1705 1740 sibi:
1747 1679 2000 1759 accipiat
2020 1681 2332 1741 traditum:
2355 1690 2551 1741 seruet
2570 1680 2936 1759 depositum:
2959 1679 3279 1759 legendum

341 1756 629 1819 omnibus
645 1803 662 1829 ,
705 1758 1070 1818 credendum
1110 1760 1167 1819 &
1209 1759 1566 1819 seruandum
1609 1759 1950 1821 domesticis
1990 1769 2293 1840 proponat
2332 1760 2569 1839 publice
2606 1762 3037 1839 priuatimque:
3076 1760 3133 1820 &
3154 1770 3281 1821 tum

342 1836 679 1897 reuerentia
717 1847 1110 1915 prosequatur
1151 1846 1216 1898 vt
1254 1838 1550 1917 diuinum,
1588 1849 1716 1899 tum
1755 1840 1834 1900 ad
1876 1842 2131 1901 eandem
2172 1840 2565 1903 reuerentiam
2600 1840 3001 1902 exhibendam
3022 1840 3285 1901 adducat

347 1933 521 1977 suos:
563 1926 800 1978 exteros
839 1916 1100 1995 denique
1134 1918 1412 1979 doctrina
1427 1963 1444 1997 ,
1485 1922 1790 2011 exemplo,
1833 1922 1888 1981 &
1929 1920 2127 1983 modis
2169 1920 2451 1981 omnibus
2490 1922 2709 1983 eodem
2748 1930 3057 2001 prouocet.

435 2016 524 2070 14.
607 1996 956 2059 Praestitum
1021 1998 1326 2059 Ecclesiae
1385 2000 1757 2077 aspectabilis
1817 2002 1983 2077 (nam
2044 2000 2120 2062 de
2183 2000 2425 2061 caelesti
2477 2002 2750 2063 Ecclesia
2798 2000 2946 2062 nihil
2984 2002 3101 2062 hoc
3142 2003 3283 2061 loco

345 2074 627 2155 dicimus,
669 2078 748 2138 ad
789 2094 970 2155 quam
1007 2076 1154 2138 nihil
1195 2077 1401 2139 attinet
1440 2078 1692 2157 scriptus
1735 2080 1900 2141 verbi
1939 2080 2127 2141 diuini
2168 2080 2413 2163 modus)
2450 2082 2712 2142 officium
2750 2090 2841 2143 eet
2873 2080 3117 2159 quidem
3137 2079 3285 2140 illud

345 2155 540 2234 ipsum
579 2158 748 2235 quod
787 2158 974 2218 modo
1016 2157 1492 2238 perstrinximuS,
1531 2160 1638 2220 sed
1677 2159 2124 2239 imperfectum:
2178 2173 2358 2240 prout
2396 2160 2599 2223 omnia
2641 2162 2767 2223 eius
2806 2163 3076 2223 membra
3116 2170 3285 2239 sunt,

351 2244 544 2314 eoque
583 2240 845 2315 perfecte
887 2236 1154 2298 officium
1195 2250 1494 2317 praestare
1532 2257 1656 2301 non
1697 2251 1965 2318 possunt.

437 2332 526 2395 15.
607 2320 1034 2378 Verumtamen
1086 2319 1350 2379 officium
1411 2318 1568 2379 istud
1629 2320 1794 2397 quod
1845 2319 2199 2399 imperfecte
2239 2332 2534 2399 praestare
2573 2320 2827 2381 dicimus
2844 2365 2861 2399 ,
2903 2319 3047 2381 alifis
3089 2318 3283 2380 minus

353 2395 762 2475 imperfectum
803 2406 927 2478 est,
965 2400 1023 2459 δι
1062 2397 1206 2458 alias
1246 2397 1450 2478 magis.
2000 2453 2003 2457 .

435 2480 524 2537 16.
604 2479 907 2539 Perfectus
945 2477 1145 2556 itaque
1185 2489 1389 2540 custos
1429 2481 1485 2539 &
1526 2479 1742 2540 vindex
1782 2481 2147 2542 auctoritatis
2175 2479 2413 2542 diuinae
2444 2482 2521 2542 ad
2557 2480 2921 2559 Scripturam
2939 2477 3285 2559 pertinentis

348 2568 437 2617 est
477 2559 642 2618 Deus
685 2561 855 2620 Pater
893 2557 956 2618 in
996 2557 1148 2618 Filio
1187 2578 1294 2638 per
1342 2558 1623 2638 Spiritum
1664 2571 1931 2621 sanctum
1944 2604 1963 2640 ,
2008 2560 2114 2639 qui
2154 2580 2217 2622 se
2256 2563 2463 2623 adfore
2500 2559 2771 2640 promisit
2806 2561 2859 2622 ei
2880 2562 2937 2622 &
2956 2558 3285 2621 ministerio

353 2636 509 2698 illius
547 2657 735 2716 vsque
773 2640 855 2700 ad
895 2638 1472 2700 consummationem
1515 2638 1744 2702 mundi.
2694 2639 2699 2644 ’

433 2735 525 2793 17.
605 2721 992 2798 Imperfectus
1054 2727 1256 2780 custos
1315 2721 1372 2780 &
1425 2718 1643 2780 vindex
1697 2718 1960 2781 eiusdem
2004 2721 2371 2784 auctoritatis
2408 2719 2680 2782 Ecclesia
2718 2722 2837 2782 Dei
2876 2729 3071 2782 totum
3108 2737 3281 2781 suum

351 2797 548 2857 lumen
591 2797 652 2858 in
693 2799 932 2861 Christo
972 2799 1228 2878 habens,
1269 2799 1324 2858 &
1365 2796 1796 2876 perfectionem
1837 2800 1898 2860 in
1940 2799 2161 2880 Spiritu
2202 2801 2344 2862 eius.

435 2881 526 2938 18.
611 2881 992 2973 Quapropter
1030 2876 1206 2938 etiam
1247 2877 1518 2940 Ecclesia
1555 2879 1770 2939 domus
1809 2879 1924 2940 Dei
1961 2881 2245 2962 viuentis,
2288 2884 2469 2952 ςύλος
2509 2885 2607 2940 καὶ
2650 2881 2979 2960 ἑδραίωμα,
3004 2881 3285 2941 columna

351 2959 404 3018 &
442 2958 602 3018 basis
639 2959 900 3020 ventatis
939 2957 1092 3019 illius
1133 2957 1367 3018 diuinae
1384 3003 1404 3037 ,
1445 2961 1795 3051 appellatur.

438 3057 530 3115 19.
607 3039 842 3101 Domus
879 3036 994 3100 Dei
1035 3039 1284 3099 viuentis
1323 3049 1414 3100 est
1429 3085 1446 3116 ,
1488 3057 1548 3099 m
1590 3057 1708 3116 qua
1746 3040 1910 3100 Deus
1950 3041 2209 3122 habitat,
2250 3044 2307 3103 &
2342 3039 2403 3101 in
2424 3057 2545 3117 qua
2563 3040 2989 3102 assemandum
3010 3037 3289 3118 deposuit

356 3118 602 3177 verbum
637 3137 809 3180 suum
824 3165 842 3200 ,
877 3122 932 3180 δι
967 3117 1316 3179 domesticis
1334 3117 1802 3197 dispensandum
1816 3165 1835 3192 ‚
1855 3138 1981 3180 non
2000 3120 2267 3199 plenaria
2282 3130 2575 3200 potestate
2590 3165 2609 3197 ,
2626 3119 2737 3181 sed
2756 3119 2919 3182 fideli
2940 3118 3284 3180 ministeriO.

435 3217 533 3256 ao.
619 3205 849 3267 Στύλος
903 3199 996 3258 vel
1037 3199 1318 3258 columna
1358 3199 1616 3260 veritatis
1656 3211 1744 3260 est
1759 3245 1778 3278 ,
1817 3199 1894 3260 ad
1935 3218 2118 3277 quam
2158 3203 2409 3262 verbum
2448 3199 2713 3262 veritatis
2754 3221 2827 3261 ex
2866 3199 3133 3262 instituto
3174 3197 3291 3258 Dei

355 3294 679 3354 appensum
721 3291 810 3340 est
849 3282 904 3340 &
946 3277 1226 3338 omnibus
1269 3278 1678 3371 propositum,
1697 3281 1862 3357 quod
1883 3281 2113 3358 legant,
2132 3281 2489 3360 intelligant,
2510 3280 2931 3359 recordentur,
2950 3289 3293 3358 sequantur,

357 3357 586 3417 colant:
629 3370 691 3418 vt
730 3359 876 3420 olim
915 3357 1210 3419 columnis
1249 3357 1504 3436 publicis
1541 3360 2015 3440 appmgebantur
2054 3362 2215 3440 legae
2254 3373 2429 3439 atque
2466 3370 2927 3438 programmata.

435 3455 530 3496 21.
621 3438 991 3518 Ἓδραιομα,
1033 3436 1095 3498 id
1136 3449 1258 3511 est,
1297 3438 1484 3499 sedile
1523 3440 1758 3500 firmum
1799 3443 1855 3501 &
1876 3439 2036 3501 basis
2072 3441 2335 3502 veritatis
2366 3452 2457 3501 est
2486 3439 2787 3501 Ecclesia:
2809 3451 2874 3500 vt
2892 3439 2991 3500 cui
3010 3442 3293 3500 columna

359 3517 616 3578 veritatis
655 3529 744 3580 est
783 3517 1089 3596 imposita,
1143 3519 1201 3579 81
1241 3517 1510 3579 omnium
1549 3519 2019 3580 domesticorum
2061 3519 2189 3582 eius
2227 3532 2687 3596 exterorumque
2726 3519 2915 3580 oculis
2952 3517 3292 3597 proposita,

361 3615 432 3734 1115
491 3596 836 3737 labfffgmfi
898 3602 934 3657 a
995 3598 1224 3658 mundo
1283 3597 1548 3676 portisue
1605 3599 1746 3678 ipsis
1793 3599 2117 3660 inferorum
2158 3602 2370 3681 posm‘t:
2411 3601 2567 3661 adeo
2607 3601 2778 3661 firma
2817 3603 2874 3660 &
2914 3598 3167 3660 solidata
3203 3610 3290 3659 est

419 3676 472 3737 ei
509 3695 582 3737 ae
629 3677 648 3736 i
689 3677 868 3738 catiO.

441 3775 534 3816 οε.
617 3757 892 3818 Ecclesia
947 3756 1124 3836 igitur
1186 3777 1300 3836 pro
1360 3760 1608 3820 modulo
1661 3772 1770 3820 suo
1821 3759 2160 3837 depositum
2206 3759 2465 3822 veritatis
2502 3769 2703 3821 seruat
2739 3769 2802 3820 vt
2840 3757 3005 3820 curia
3046 3755 3291 3836 publica

363 3835 449 3894 fit:
493 3837 806 3915 proponit,
847 3848 910 3899 vt
950 3839 1266 3911 columna,
1307 3840 1491 3919 leges:
1536 3839 1965 3916 immotamque
2007 3841 2350 3902 columnam
2389 3839 2584 3901 Dei&
2603 3838 2911 3900 veritatem
2931 3838 2991 3899 in
3012 3839 3293 3899 columna

364 3927 581 3996 seruat,
626 3927 692 3976 vt
731 3917 892 3978 basis
933 3916 1120 3979 illius:
1161 3919 1266 3978 sed
1307 3919 1510 3980 omnia
1550 3921 1716 3980 Deus
1755 3919 1816 3979 in
1861 3939 1932 3979 ea
1978 3923 2034 3981 &
2073 3919 2137 3980 in
2176 3921 2454 3982 omnibus
2491 3919 2743 3998 perficit.

441 4015 535 4072 ²3·
619 3995 717 4057 Sic
778 3997 1084 4058 Ecclesiae
1137 4016 1261 4058 non
1316 4008 1405 4060 est
1455 4020 1526 4060 ea
1582 3999 1836 4078 dignitas
1876 3999 2262 4078 officiumque
2301 4012 2365 4060 vt
2405 4000 2744 4077 Scripturae
2785 4017 2991 4060 sacrae
3031 3996 3294 4058 diuinam

365 4075 772 4136 auctoritatem
816 4079 1114 4139 conferat:
1158 4079 1264 4138 sed
1303 4090 1367 4139 vt
1407 4079 1616 4140 adesse
1655 4089 1904 4140 testetur
1944 4079 2145 4140 datam
2185 4091 2363 4158 atque
2383 4079 2761 4158 impressam:
2780 4078 3291 4158 quemadmodum

365 4155 556 4216 curiae
598 4158 772 4217 locus
812 4168 1057 4219 testatur
1096 4167 1230 4218 acta
1315 4159 1514 4220 ublica
1548 4159 1710 4238 apud
1753 4178 1816 4220 se
1855 4159 2157 4237 deposita,
2197 4181 2269 4222 ac
2306 4179 2432 4220 non
2470 4159 2883 4222 auctoritatem
2926 4159 3083 4220 facit.

440 4256 531 4309 24.
622 4236 750 4296 Etsi
812 4239 1072 4299 humana
1127 4256 1246 4316 qua
1427 4239 1782 4300 auctoritate
1821 4239 2097 4302 homines
2136 4260 2259 4304 non
2302 4257 2587 4320 negamus
2624 4239 2946 4318 perutiliter
2991 4237 3177 4318 affici,
3214 4237 3297 4298 ad

359 4317 924 4394 contemplationem
973 4318 1298 4381 Ecclesiae.

441 4413 536 4473 25.
625 4399 742 4457 Sed
793 4401 930 4460 cum
983 4397 1223 4460 inferior
1263 4399 1588 4460 auctoritas
1631 4399 1774 4459 nihil
1819 4399 1896 4460 de
1939 4400 2246 4478 superiore
2282 4402 2511 4462 deterat
2530 4400 2731 4478 ,·quin
2772 4400 2971 4479 potius
3010 4397 3299 4490 ministret

1795 4498 1874 4556 39
3038 4498 3129 4538 et:
3172 4495 3295 4537 non
