3923 4875
577 361 690 398 220
1541 351 1866 396 THBSES
1925 347 2563 394 Tussonoolcan.

565 517 676 578 Dei
729 517 914 608 gloria
955 515 1278 593 quaeritur:
1323 535 1404 592 qu
1411 535 1506 575 tre
1544 514 1722 575 etiam
1765 519 1920 576 recte
1960 537 1993 573 ι
1978 519 2186 574 astilia
2226 517 2350 574 Dei
2388 517 2465 576 ἐν·
2500 517 2723 575 iustitie
2766 523 3007 574 aeterna
3048 513 3299 592 dicitur,
3366 519 3503 575 cum

569 611 771 657 contri
817 597 876 656 in
919 597 1087 674 legali
1131 606 1442 672 vtrumque
1482 595 1648 656 aliter
1687 615 1750 656 se
1791 597 2025 656 habeat.

655 699 742 737 ιο.
827 677 1006 737 Cuius
1065 675 1472 737 admirabilem
1534 675 1654 736 vim
1707 679 1762 736 δι
1813 676 2139 736 efficaciam
2182 687 2243 734 tt
2286 674 2471 751 magis
2514 675 2907 750 intelligamus
2956 675 3109 735 varie
3152 673 3329 736 nobis
3372 695 3495 736 sese

568 759 739 818 offert
787 757 844 816 in
885 759 988 817 SS.
1025 756 1480 817 consideranda.
1520 759 1566 816 Ι.
1613 755 1946 833 Aliquando
1992 753 2339 832 proponitur
2380 766 2439 814 vt
2478 775 2659 816 causa
2701 757 3017 847 ifnpulsiua
3072 758 3497 834 προκαταρτική

569 838 695 898 siue
753 837 1082 914 meritoria,
1121 837 1288 898 cuius
1327 835 1518 915 pretio
1559 841 1614 898 δι
1655 835 1938 914 dignitate
1988 837 2155 894 Pater
2191 845 2522 912 permotus,
2566 853 2675 894 nos
2714 835 2775 895 in
2815 834 3065 912 gratiam
3106 835 3359 911 recepit.
3424 837 3482 894 11

573 919 912 994 Aliquando
954 929 1016 976 vt
1054 937 1266 976 caussa
1305 919 1660 993 materialis,
1699 937 1774 976 ex
1805 935 1924 993 qua
1955 913 2175 975 iustitia
2206 925 2433 985 nostra,
2465 917 2529 976 id
2550 927 2640 976 est
2660 935 2797 976 vera
2808 924 3183 993 peccatorum
3204 917 3501 990 remissio,

571 1001 648 1056 ὢν·
685 1000 937 1058 iustitiae
977 999 1306 1075 imputatiO,
1343 1008 1596 1058 constat.
1639 997 1796 1058 Cam
1833 995 1993 1056 enim
2032 995 2111 1056 ad
2154 1005 2465 1071 Vtrumque
2506 999 2635 1073 lege
2678 995 3107 1087 obligaremur,
3148 995 3264 1056 hoc
3294 1005 3427 1071 est,
3444 997 3498 1054 δι

569 1079 648 1137 ad
701 1095 955 1154 poenam
1009 1095 1120 1154 pro
1175 1079 1461 1154 peccatis,
1504 1079 1561 1136 δι
1595 1077 1674 1136 ad
1713 1075 1858 1155 legis
1899 1075 2333 1153 impletionem.
2380 1085 2693 1152 vtrumque
2734 1077 2852 1136 hoc
2896 1075 3107 1136 merito
3150 1073 3371 1136 Christi
3412 1085 3499 1136 est

569 1169 1014 1234 compensatum
1075 1159 1132 1216 δι
1193 1157 1523 1218 restitutum
1538 1202 1556 1234 ,
1611 1167 1790 1233 atque
1831 1157 1990 1216 malo
2030 1173 2259 1232 poenae
2304 1173 2375 1214 ac
2414 1157 2623 1231 culpae
2665 1156 2933 1230 sublato,
2974 1155 3177 1216 diuina
3216 1153 3403 1233 gratia
3444 1157 3501 1216 δι

570 1239 768 1314 fauor,
830 1235 1166 1298 obedientia
1225 1238 1280 1294 δι
1319 1235 1534 1297 iustitia
1593 1235 1967 1314 integrimsq·
1951 1281 1969 1313 ,
2022 1238 2257 1296 collata.
2320 1238 2425 1296 111.
2492 1236 2829 1308 Interdum,
2872 1245 2935 1298 vt
2968 1255 3151 1296 causa
3176 1235 3503 1312 formalis,

571 1329 860 1394 quatenus
921 1336 1040 1376 non
1103 1327 1330 1408 tantum
1366 1321 1404 1376 a
1443 1317 1680 1376 Christo
1721 1327 1888 1393 parta
1925 1320 1983 1376 δι
2022 1314 2340 1407 acquisita,
2382 1315 2489 1376 sed
2526 1313 2702 1376 etiam
2742 1319 2779 1374 a
2822 1317 2992 1376 Patre
3034 1314 3115 1375 ita
3156 1326 3403 1392 accepta
3444 1317 3501 1374 δι

571 1407 840 1474 reputata
879 1397 998 1457 acsi
1036 1416 1146 1456 nos
1189 1395 1296 1473 ipsi
1337 1416 1470 1457 eam
1511 1395 2027 1474 praestitissemus,
2070 1393 2299 1472 ipsique
2340 1397 2513 1472 plene
2550 1395 3053 1456 satisfecissemus.

657 1498 676 1535 1
701 1497 744 1536 1
829 1477 946 1537 Sed
1003 1477 1143 1554 quia
1202 1487 1430 1536 tantum
1483 1476 1835 1537 beneficium
1891 1476 2131 1536 minime
2176 1474 2350 1536 nobis
2406 1476 2743 1552 prodesset,
2782 1477 2895 1538 nisi
2938 1475 3339 1552 applicaretur
3352 1519 3371 1553 ,
3410 1494 3499 1536 se-

571 1569 831 1634 quuntur
879 1555 1288 1650 applioetionis
1331 1557 1716 1616 instrumenta
1753 1557 1910 1616 duo:
1955 1573 2137 1616 vnum
2176 1576 2249 1616 ex
2292 1567 2457 1630 parte
2499 1555 2645 1632 Dei,
2684 1556 2785 1633 qui
2824 1555 2998 1618 nobis
3039 1555 3505 1616 satisfactionem

571 1636 669 1711 filij
713 1635 801 1696 sui
833 1645 948 1713 per
985 1638 1219 1698 verbum
1257 1639 1546 1696 internum
1588 1639 1665 1696 ᾧ·
1705 1647 1999 1697 externum
2046 1635 2333 1714 applicat:
2376 1637 2625 1696 alterum
2664 1655 2739 1696 ex
2780 1648 2943 1713 parte
2974 1636 3177 1696 nostra
3192 1682 3209 1714 ,
3248 1635 3348 1713 qui
3368 1655 3501 1694 eam

574 1737 719 1779 vera
745 1718 905 1792 fide,
945 1717 1108 1790 (licet
1149 1717 1206 1775 δι
1245 1717 1400 1776 hanc
1439 1717 1628 1793 ipsam
1667 1721 1706 1777 a
1743 1719 1878 1777 Deo
1919 1717 2245 1778 habeamus
2284 1713 2485 1792 gratis)
2528 1717 2813 1776 donatam
2854 1720 2909 1777 δι
2950 1715 3343 1793 applicatam,
3378 1725 3503 1776 tan-

576 1813 756 1875 quam
799 1815 976 1855 manu
1018 1796 1540 1874 apprehendimus

671 1895 754 1935 12.
837 1877 914 1934 Et
953 1876 1092 1935 licet
1129 1875 1242 1934 alia
1281 1895 1523 1953 quoque
1567 1875 1794 1953 media,
1835 1874 2053 1951 quibus
2094 1875 2173 1934 ad
2216 1875 2612 1952 recipiendam
2652 1875 2807 1934 hanc
2842 1875 3093 1953 gratiam
3125 1879 3161 1934 a
3182 1877 3317 1936 Deo
3344 1893 3505 1951 prae-

579 1973 884 2034 paramur,
927 1957 984 2015 h.
1029 1974 1082 2014 e.
1125 1965 1320 2015 motus
1359 1957 1650 2049 quosdam
1695 1953 2203 2026 iustificationem,
2246 1955 2297 2014 si
2335 1974 2459 2016 non
2502 1968 2799 2032 tempore,
2844 1958 3051 2048 saltem
3090 1967 3302 2016 natura
3343 1973 3505 2030 prae-

578 2036 884 2112 cedenteS,
929 2047 988 2094 vt
1029 2046 1164 2095 sunt
1202 2039 1426 2111 agnitio
1456 2040 1711 2128 peccati,
1753 2039 2000 2114 horror,
2040 2055 2110 2096 ac
2150 2037 2335 2112 dolor,
2378 2037 2504 2096 &a
2542 2051 2697 2112 quae
2736 2037 2849 2096 sub
2868 2055 3114 2096 nomme
3121 2038 3509 2126 poenitentiae

577 2115 1140 2192 conprehendantur
1179 2118 1234 2176 δι
1275 2116 1490 2192 quib-us
1533 2115 1806 2176 homines
1843 2135 1918 2175 ex
1951 2127 2201 2192 peccato
2234 2133 2443 2176 omnes
2476 2115 2719 2191 quidem
2754 2115 3178 2206 communiter,
3213 2115 3319 2175 sed
3336 2113 3513 2175 electi

577 2195 947 2272 singulariter
1007 2205 1359 2274 movantur,
1421 2215 1543 2256 non
1602 2195 1963 2257 inficiamur:
2004 2207 2205 2256 tamen
2248 2195 2391 2255 nihil
2431 2197 2645 2256 horum
2685 2197 2763 2254 ad
2804 2195 3095 2256 rationem
3132 2213 3347 2256 causae
3390 2197 3511 2254 effi·

577 2275 818 2414 (gentis,
863 2295 984 2335 non
1026 2286 1252 2335 tantum
1294 2277 1370 2336 de
1409 2276 1744 2354 condigne,
1782 2277 1888 2336 sed
1928 2295 2004 2336 ne
2046 2277 2123 2336 de
2162 2292 2429 2352 congruo
2468 2275 2745 2352 quidem,
2786 2287 2850 2336 vt
2876 2285 3173 2353 nugantur
3190 2273 3517 2352 sophistae,

578 2377 613 2416 a
665 2355 960 2416 mittimus.

669 2456 688 2495 ι
703 2455 758 2512 3.
843 2437 1165 2498 Subiectum
1217 2435 1506 2514 recipiens
1559 2440 1713 2497 hanc
1765 2434 2239 2497 iustificationem
2282 2447 2417 2497 sunt
2467 2435 2741 2497 homines
2782 2435 2989 2513 electi,
3016 2435 3226 2497 natura
3266 2434 3509 2514 quidem

565 2526 902 2595 peccatores
953 2518 1032 2575 ἃ*
1067 2519 1234 2593 impii
1243 2562 1260 2595 ,
1313 2537 1388 2577 ac
1429 2516 1680 2595 proinde
1720 2517 1865 2608 legis
1919 2515 2282 2576 accusationi
2334 2535 2407 2575 ac
2443 2516 2847 2577 maledictioni
2884 2518 3052 2577 obno
3094 2516 3165 2583 ’,ι
3204 2516 3512 2575 credentes

583 2610 778 2656 tamen
821 2599 876 2657 δι
921 2614 1038 2672 per
1063 2614 1263 2657 veram
1303 2598 1480 2657 fidem
1523 2596 1585 2657 in
1626 2595 1926 2657 Christum
1968 2594 2141 2655 insiti.
2183 2596 2393 2672 Neque
2432 2601 2577 2659 vero
2618 2597 2943 2657 absurdum
2986 2596 3041 2655 vi
3086 2597 3172 2657 eri
3200 2596 3379 2655 debet
3402 2615 3514 2657 nos

584 2677 799 2736 iustitia
838 2677 938 2736 illa
977 2694 1130 2753 quae
1170 2676 1390 2737 Christi
1430 2688 1517 2737 est
1557 2678 1885 2751 subiectiue,
1927 2687 2233 2751 tamquam
2272 2674 2463 2737 aliena
2504 2676 2831 2746 iustificari,
2874 2680 3011 2737 cum
3052 2676 3131 2737 ita
3174 2676 3247 2736 sit
3286 2675 3513 2745 aliena

582 2767 645 2816 vt
685 2756 860 2817 etiam
902 2755 977 2816 sit
1017 2768 1218 2817 nostra
1255 2760 1669 2837 imputatione:
1707 2776 1818 2834 pro
1859 2756 2037 2817 nobis
2077 2756 2233 2815 enim
2276 2756 2515 2847 proprie
2554 2756 2861 2834 praestita,
2902 2760 2957 2817 δι
2996 2759 3035 2815 a
3074 2758 3209 2817 Deo
3230 2767 3513 2847 tanquam

585 2849 783 2896 nostra
843 2846 1106 2911 accepta:
1171 2838 1678 2914 quemadmodum
1721 2836 2077 2897 fideiussoris
2115 2856 2225 2913 pro
2270 2834 2541 2897 debitore
2582 2836 2974 2913 solutionem,
3018 2836 3263 2927 perinde
3302 2834 3513 2913 recipit

578 2915 836 2976 creditor
875 2936 948 2975 ac
988 2916 1038 2977 si
1077 2916 1313 2977 debitor
1355 2915 1477 2992 ipse
1519 2936 1650 2977 eam
1691 2916 1941 2977 fecisset.
1988 2918 2063 2976 Et
2100 2916 2269 2993 quod
2310 2926 2399 2975 est
2439 2917 2746 2993 proprium
2784 2880 2993 2993 capitis
3036 2916 3219 2977 nostri
3262 2915 3513 2995 Christi,

582 2997 704 3055 iure
747 2995 1300 3058 communicationis
1341 2997 1568 3074 reliquo
1609 2996 1844 3074 corpori
1887 2997 1947 3057 id
1988 3008 2075 3057 est
2115 2994 2419 3060 Ecclesiae
2460 3000 2515 3057 δι
2555 2996 2795 3073 singulis
2837 2998 3105 3056 membris
3146 2994 3437 3057 tribuitur.

669 3096 758 3149 14.
840 3076 998 3136 Finis
1059 3088 1148 3137 est
1186 3078 1434 3154 duplexi
1499 3080 1546 3137 Ι.
1607 3076 1963 3156 Supremus,
2004 3088 2093 3137 est
2132 3074 2321 3154 gloria
2364 3074 2477 3135 Dei
2518 3092 2591 3135 ex
2632 3076 2752 3136 hoc
2793 3076 3129 3137 admirabili
3168 3074 3417 3137 iustitiae
3458 3076 3513 3133 &

584 3156 864 3217 bonitatis
903 3166 1389 3248 temperamento,
1433 3159 1508 3216 11.
1551 3159 1898 3226 Proximus,
1942 3176 2065 3217 non
2104 3166 2333 3216 tantum
2364 3174 2481 3233 pax
2500 3159 2557 3217 δι
2579 3156 2969 3249 tranquillitas
2988 3154 3517 3227 conscientiarum,

581 3238 688 3297 sed
749 3235 926 3295 etiam
974 3236 1366 3298 sanctimonia
1406 3237 1558 3297 vitae
1599 3240 1653 3297 δι
1695 3236 1952 3297 studium
1996 3236 2278 3297 iustitiae:
2320 3235 2599 3314 gloriatio
2638 3236 2699 3295 in
2740 3236 2989 3299 domino
3028 3234 3516 3296 iustificatorum:

585 3321 638 3377 δι
681 3316 922 3376 tandem
961 3318 1118 3377 salus
1161 3336 1233 3376 ac
1278 3318 1394 3377 vita
1435 3327 1694 3377 aeterna.

675 3417 694 3455 ι
709 3412 764 3473 5.
847 3395 960 3455 His
1000 3396 1082 3455 ita
1121 3397 1326 3474 positis
1368 3395 1838 3474 designationem
1881 3398 2037 3457 hanc
2078 3396 2372 3457 elicimus.
2414 3394 2749 3456 iustificatio
2790 3407 2878 3457 est
2911 3395 3069 3487 actio
3090 3394 3208 3455 Dei
3227 3396 3519 3473 gratiosa,

587 3496 705 3553 qua
747 3476 965 3537 electos
1009 3494 1148 3535 suos
1188 3476 1330 3555 legis
1373 3475 1738 3537 accusationi
1777 3479 1832 3537 δι
1877 3476 2283 3537 maledictioni
2322 3474 2619 3537 obnoxios
2634 3520 2650 3553 ,
2703 3476 2881 3554 gratis
2924 3475 3051 3536 sine
3090 3477 3213 3535 vllo
3252 3474 3519 3553 ipsorum

591 3556 1112 3632 merit0,tanti1m
1153 3568 1396 3634 propter
1437 3556 1900 3617 satisfactionem
1945 3555 2163 3617 Christi
2204 3556 2341 3617 ver&⁴
2382 3556 2501 3617 fide
2538 3558 2968 3633 apprehensam
3008 3556 3271 3617 absoluit
3308 3554 3370 3615 in
3410 3572 3521 3617 suo

585 3636 840 3710 iudicio,
901 3638 956 3695 δι
1017 3647 1262 3712 peccata
1323 3636 1710 3711 remittendO,
1752 3640 1806 3697 &
1851 3636 2129 3697 iustitiam
2172 3636 2389 3697 Christi
2426 3638 2719 3697 actualem
2758 3634 3111 3714 imputando
3152 3635 3213 3695 in
3253 3652 3519 3697 commu—

589 3716 770 3777 nione
812 3715 1024 3793 ipsiuS,
1067 3716 1145 3775 ad
1187 3716 1426 3777 laudem
1466 3715 1762 3794 gloriosae
1801 3717 2023 3807 gratiae
2064 3734 2236 3793 suae,
2280 3718 2337 3777 δι
2376 3727 2675 3777 aeternam
2718 3718 2965 3777 salutem
3006 3716 3291 3793 ipsorum.

675 3796 764 3855 16.
849 3797 937 3855 Ex
993 3794 1083 3855 his
1137 3796 1338 3857 videre
1389 3797 1556 3875 licet,
1613 3800 1790 3873 quam
1848 3796 1922 3855 sit
1977 3808 2181 3857 nostra
2230 3796 2305 3857 de
2359 3794 2769 3857 iustificatione
2812 3796 3069 3857 hominis
3111 3815 3317 3857 coram
3360 3796 3491 3855 Deo
3508 3840 3527 3871 ,

589 3894 728 3935 cum
783 3874 1083 3953 scripturis
1133 3896 1203 3936 ac
1259 3876 1610 3937 orthodoxis
1662 3876 1934 3937 Patribus
1988 3876 2363 3937 consentiens
2414 3876 2735 3953 sententia,
2776 3894 2915 3937 cum
2954 3874 3207 3937 dicimus
3246 3894 3359 3937 nos
3398 3878 3529 3935 sola

589 3957 707 4016 fide
747 3954 1072 4015 iustificari:
1112 3956 1222 4016 etsi
1268 3974 1386 4017 vox
1427 3959 1555 4017 sola
1595 3976 1718 4016 non
1763 3956 2013 4017 totidem
2054 3956 2239 4015 literis·
2272 3956 2379 4015 sed
2420 3973 2597 4016 sensu
2634 3956 2697 4015 in
2734 3957 2797 4017 S.
2820 3955 3123 4047 Scriptura
3142 3955 3524 4033 exprimatur.

586 4038 728 4097 Non
767 4037 960 4095 solum
1003 4036 1206 4096 omnia
1245 4056 1428 4114 opera
1467 4040 1522 4097 δι
1565 4037 1772 4097 merita
1808 4047 2011 4097 nostra
2052 4038 2145 4095 vel
2182 4035 2405 4113 aliena,
2446 4036 2549 4096 sed
2594 4036 2771 4097 fidem
2812 4034 2990 4097 etiam
3026 4035 3215 4113 ipsam
3234 4043 3527 4112 quatenus

590 4126 654 4175 vt
695 4132 846 4192 opus
889 4117 978 4174 vel
1021 4116 1267 4192 qualitas
1309 4116 1716 4177 consideratur
1749 4120 1786 4176 a
1819 4134 1997 4177 causa
2016 4134 2119 4177 seu
2140 4126 2276 4175 actu
2302 4115 2651 4177 iustificandi
2670 4118 2945 4177 absolute
2966 4134 3372 4193 remouemus,
3392 4116 3453 4175 h.
3474 4136 3525 4176 e.

591 4196 804 4255 virtute
841 4206 943 4256 aut
986 4195 1193 4257 merito
1236 4196 1388 4257 illius
1427 4217 1540 4258 nos
1580 4196 1878 4259 iustificari
1923 4212 2238 4275 negamus,
2280 4196 2387 4256 sed
2424 4195 2775 4257 correlatiue
2808 4207 3035 4257 tantum
3070 4200 3160 4271 (vt
3180 4158 3525 4272 loquiintur)

596 4285 884 4352 quatenus
929 4276 1198 4337 meritum
1240 4277 1459 4338 Christi
1499 4276 1921 4354 apprehendit,
1964 4290 2240 4353 tanquam
2282 4294 2491 4336 manus
2532 4275 2793 4337 mendici
2830 4278 3301 4367 eleemosynam:
3341 4274 3521 4351 idque

597 4367 912 4435 propterea
955 4368 1012 4414 vt
1056 4357 1318 4417 Domino
1361 4368 1594 4418 constet
1633 4356 1856 4417 illibata
1897 4374 2005 4417 sua
2046 4355 2263 4435 gloria,
2306 4358 2361 4417 δι
2400 4353 2779 4417 conscientiis
2819 4354 3034 4417 nostris
3076 4375 3217 4415 vera
3256 4374 3387 4431 pax.

3092 4456 3115 4493 1
3128 4452 3181 4511 7.
3260 4436 3523 4511 ldeoque
