3923 4875
650 371 775 431 242
1595 363 1930 416 rursus
1992 361 2643 415 rnnomarcn.

647 537 702 596 δι
763 533 994 594 animae
1057 531 1304 612 Spiritus
1358 531 1421 592 S.
1472 531 1682 610 partim
1726 532 1952 593 ratione
1994 530 2163 592 vnius
2212 531 2419 610 capitis
2458 529 2705 608 Christi,
2746 537 3020 608 partimq.
3062 527 3233 591 vnius
3273 529 3575 612 corporis,

645 617 811 692 quod
853 613 1137 691 quoniam
1177 611 1524 674 continuum
1565 617 1619 673 δι
1659 623 2008 690 perpetuum
2049 623 2169 687 est,
2207 612 2433 673 idcirco
2456 628 2737 689 regnum,
2757 609 2991 688 ciuitas,
3014 611 3260 688 domuS,
3280 614 3335 672 δι
3356 613 3577 674 familia

647 693 892 786 dicitur,
947 693 1112 754 cuius
1169 692 1359 753 vnitas
1412 697 1544 770 (per
1595 711 1778 768 quam
1817 693 1936 753 fide
1976 695 2031 753 δι
2071 693 2282 752 effectu
2324 691 2623 752 charitatis
2662 689 2918 751 inuicem
2958 689 3153 751 vnitur
3191 693 3248 752 δι
3289 694 3445 770 Deo)
3486 705 3577 755 est

647 774 942 852 spiritalls.
993 774 1200 833 Thom.
1241 775 1394 850 Aqu.
1435 776 1499 832 in
1538 783 1670 912 ειέρ.
1718 792 1808 832 12.
1848 774 1938 832 ad
1967 774 2141 832 Rom.

729 873 822 931 23.
904 855 1242 915 Secundum
1257 899 1274 930 ,
1315 854 1540 916 Sancta
1620 852 1799 930 uplici
1838 851 2163 913 sanctitate.
2200 853 2264 910 in
2305 849 2495 920 symb.
2536 851 2742 942 Apost.
2786 851 2910 912 Est.
2952 869 3014 910 n.
3052 848 3261 929 capitis
3299 853 3576 914 sanctitas

643 936 962 1016 imputata,
1025 931 1143 1011 qua
1203 933 1472 994 membra
1531 930 1712 1012 ipsius
1765 932 1966 993 omnia
2018 933 2141 992 lota
2180 935 2234 992 δι
2277 933 2535 1010 perfecte
2573 939 2725 990 iusta
2765 948 2968 990 coram
3008 932 3143 990 Deo
3184 931 3337 993 iusto
3375 933 3577 994 iudice

643 1025 810 1092 sunt3
873 1025 960 1074 est
1021 1016 1076 1075 &
1109 1013 1374 1092 interna,
1426 1013 1544 1091 qua
1581 1011 1796 1073 diuinis
1843 1011 2045 1072 vsibus
2086 1021 2430 1072 consecrata
2469 1009 2769 1090 inungitur
2805 1010 2992 1089 gratia
3029 1009 3279 1088 Spiritus
3320 1015 3383 1074 S.
3418 1032 3577 1092 quae

643 1095 987 1172 imperfecta
1049 1093 1245 1153 adhuc
1307 1103 1399 1154 est
1455 1093 1517 1152 in
1571 1091 1856 1154 militante
1897 1091 2167 1152 Ecclesia
2206 1090 2534 1152 secundum
2578 1093 2824 1168 August.
2867 1091 3053 1168 dicta,
3108 1091 3407 1172 Templum
3450 1096 3578 1153 Dei

643 1181 887 1236 vocatur
926 1183 1186 1234 sanctum
1202 1218 1219 1253 ,
1261 1174 1395 1232 dum
1437 1175 1606 1234 etiam
1647 1173 1838 1233 adhuc
1877 1174 2248 1248 aedificatur.
2292 1172 2414 1234 Lib.
2458 1173 2514 1231 6.
2551 1179 2735 1231 contr.
2775 1172 2958 1232 Iulia.
2978 1171 3188 1247 Pelag.
3209 1183 3335 1250 cap.
3360 1189 3413 1252 5.
3458 1175 3536 1233 Et
3550 1219 3569 1250 ,

644 1255 792 1315 Non
852 1256 1040 1314 ausim
1089 1255 1476 1330 interpretari
1523 1255 1590 1312 de
1638 1254 1903 1312 Ecclesia
1955 1253 2068 1312 hac
2125 1251 2440 1329 inferiore,
2488 1253 2623 1309 dum
2664 1259 2752 1312 est
2783 1253 2845 1310 in
2884 1253 3123 1330 itinere,
3174 1255 3363 1328 elogia
3387 1264 3574 1333 prae-

645 1337 816 1394 clara
851 1334 1224 1412 perfectionis
1263 1350 1413 1410 quae
1448 1335 1510 1392 in
1555 1334 1790 1393 Cantica
1830 1335 2200 1392 &anticorum
2240 1332 2665 1392 attribuuntur.

729 1434 822 1488 24.
903 1413 1158 1474 Accedit
1206 1411 1412 1474 tertius
1463 1413 1680 1474 modus
1727 1429 1850 1490 quo
1899 1410 2169 1472 Ecclesia
2210 1410 2423 1472 dicitur
2462 1421 2694 1488 sancta,
2734 1407 3011 1470 nimirum
3056 1422 3372 1489 propterea
3406 1413 3574 1490 quOd

645 1495 812 1554 Deus
850 1513 980 1555 eam
1021 1496 1077 1555 δι
1117 1492 1346 1571 singula
1384 1491 1564 1571 ipsius
1603 1493 1872 1553 membra
1911 1491 2201 1552 inhabitat
2237 1489 2496 1570 gratiosa
2526 1489 2857 1568 praesentia
2889 1489 3012 1550 sua,
3051 1491 3201 1552 Inde
3234 1491 3377 1553 Sion
3397 1505 3576 1572 typus

646 1572 978 1652 Ecclesiae,
1021 1572 1180 1633 dicta
1219 1582 1309 1634 est
1347 1591 1470 1633 non
1511 1571 1766 1634 absimili
1806 1571 2036 1633 ratione
2072 1581 2277 1632 sancta
2316 1571 2478 1648 apud
2519 1571 2845 1649 Prophetas
2884 1569 3123 1648 passim.
3178 1573 3334 1632 lesa.
3379 1589 3471 1650 52.
3522 1593 3573 1634 1.

730 1669 823 1732 25.
903 1652 1110 1714 Tertio
1157 1652 1461 1713 Catholica
1475 1672 1496 1712 .·
1536 1654 1598 1712 in
1639 1653 1830 1728 Symb.
1871 1655 2078 1730 Apost.
2117 1650 2362 1711 ratione.
2412 1673 2459 1711 r.
2501 1651 2834 1729 Locorum,
2877 1649 3159 1727 quoniam
3198 1653 3255 1710 ὅτ
3295 1651 3357 1714 in
3387 1651 3573 1713 coelis

645 1743 732 1793 est
792 1736 848 1793 &
897 1732 959 1792 in
1003 1731 1172 1797 terris
1221 1751 1328 1810 per
1367 1731 1704 1793 vniuersum
1759 1731 1987 1794 Orbem
2026 1730 2253 1792 diffusa.
2313 1751 2365 1791 2.
2407 1731 2799 1791 Personarum
2815 1773 2833 1806 ,
2872 1748 3013 1790 nam
3053 1743 3285 1792 constat
3322 1751 3397 1794 ex
3434 1733 3571 1810 Iu(f.

659 1812 1036 1890 1711)daeis,
1076 1815 1130 1872 &
1170 1812 1462 1874 Gentilms
1499 1813 1661 1872 nulla
1700 1811 1968 1873 adhibita
2006 1809 2402 1872 distinctione.
2445 1828 2501 1887 3.
2542 1809 2885 1889 Temporis,
2925 1810 3063 1887 quia
3100 1830 3310 1873 omnes
3348 1815 3574 1874 electos

644 1893 746 1970 qui
785 1910 1046 1970 vnquam
1085 1895 1141 1952 δι
1181 1893 1416 1952 fuerunt
1433 1936 1450 1971 ,
1489 1895 1543 1953 &
1585 1903 1756 1954 erunt
1795 1889 2239 1969 complectitur,
2290 1893 2347 1951 &
2384 1893 2421 1950 a
2459 1889 2763 1952 creatione
2806 1890 3012 1950 mundi
3051 1891 3327 1953 duratura
3367 1903 3456 1954 est
3495 1893 3571 1953 ad

643 1971 913 2032 vltimum
953 1987 1140 2050 vsque
1160 1969 1474 2052 iudicium3
1496 1973 1661 2050 quod
1681 1973 1782 2032 fiet
1803 1971 2045 2050 quando
2066 1987 2347 2031 numerus
2367 1973 2690 2032 electorum
2710 1969 2821 2031 erit
2838 1971 3149 2049 perfectus.
3190 1975 3371 2053 Apoc.
3394 1975 3450 2032 6.
3480 1993 3507 2032 1
3523 1992 3571 2035 1.

729 2053 823 2113 26.
903 2051 1176 2131 Denique
1216 2053 1573 2132 Prophetica
1616 2055 1692 2112 ὁ·
1732 2053 2071 2132 Apostolica
2085 2096 2103 2129 ,
2142 2051 2593 2111 fundamentum
2632 2067 2806 2111 suum
2834 2051 3059 2112 habens
3077 2051 3141 2111 in
3161 2051 3407 2114 veritate
3426 2053 3570 2112 doc-

643 2131 831 2193 trinae
871 2133 1298 2210 Prophetarum
1312 2177 1329 2210 ,
1370 2133 1426 2192 &
1469 2133 1901 2210 Apostolorum
1916 2178 1934 2210 ,
1978 2149 2132 2210 quae
2175 2130 2415 2192 Christo
2460 2141 2524 2192 vt
2562 2130 2951 2192 fundamento
2993 2133 3050 2192 δι
3087 2131 3353 2210 angulari
3392 2131 3573 2211 lapidi

652 2212 1192 2290 superaedificatur.
1233 2213 1381 2290 Epic.
1430 2233 1480 2271 2.
1525 2231 1620 2272 20.

730 2310 823 2369 27.
905 2294 1078 2354 Haec
1119 2302 1320 2352 autem
1358 2291 1670 2354 Catholica
1710 2291 1981 2352 Ecclesia
2022 2291 2082 2350 in
2124 2309 2187 2352 se
2227 2289 2465 2352 Christo
2503 2288 2683 2367 capiti
2724 2289 2887 2351 vnito
2902 2335 2918 2364 ,
2960 2309 3083 2351 non
3118 2301 3315 2369 potest
3344 2311 3540 2354 errare
3554 2338 3571 2371 ,

648 2371 1020 2433 considerata
1077 2370 1320 2452 quidem
1371 2383 1435 2434 vt
1487 2389 1736 2451 magnus
1775 2372 1886 2433 iste
1924 2372 1982 2431 δι
2021 2369 2312 2451 pretiosus
2350 2382 2557 2432 coetus
2571 2416 2590 2451 ,
2630 2369 2795 2431 cuius
2836 2373 3107 2432 membra
3144 2371 3375 2453 singula
3412 2373 3573 2433 mita

641 2464 778 2514 sunt
817 2452 1030 2515 virtute
1070 2452 1317 2532 Spiritus
1355 2452 1480 2515 eius
1521 2454 1581 2515 in
1622 2454 1796 2515 coelo
1839 2455 1896 2514 δι
1934 2451 1997 2512 in
2037 2462 2212 2513 terra.
2253 2455 2411 2513 Tota
2451 2453 2610 2513 enim
2652 2450 2865 2512 veritas
2882 2497 2899 2528 ,
2934 2462 3025 2512 est
3052 2452 3276 2532 Capitis
3289 2499 3308 2533 ,
3328 2453 3573 2532 Spiritus

655 2535 711 2592 δι
751 2534 845 2595 Co
958 2534 1054 2594 ris,

726 2617 820 2675 28.
847 2552 1036 2675 ¹'plomb
1075 2614 1215 2672 cum
1253 2611 1522 2674 Ecclesia
1561 2612 1960 2691 Triumphans
1999 2630 2209 2673 omnes
2245 2611 2449 2673 hostes
2490 2610 2872 2674 debellauerit
2902 2613 2960 2673 δι
2999 2610 3060 2671 in
3090 2612 3281 2692 capite
3297 2612 3541 2674 'Christo
3554 2660 3571 2689 ‚

641 2694 698 2753 δι
755 2692 816 2753 in
876 2712 1005 2754 sese
1061 2690 1276 2753 virtute
1329 2692 1605 2774 Spiritus,
1655 2698 1979 2771 veteremq.
2023 2692 2325 2754 hominem
2365 2691 2599 2770 penitus
2646 2690 2900 2770 exuerit3
2941 2702 3105 2753 extra
3144 2695 3335 2755 aleam
3376 2694 3571 2755 omnis

647 2773 898 2853 periculi
937 2776 992 2834 δι
1034 2770 1248 2834 erroris
1288 2771 1350 2832 in
1389 2772 1571 2835 caelis
1611 2772 1798 2852 patria
1837 2772 1943 2833 sua
1982 2782 2071 2833 est
2110 2772 2419 2833 collocata.
3032 2786 3035 2789 ’

725 2873 818 2931 29.
899 2854 1058 2915 Vere
1095 2862 1291 2913 autem
1333 2851 1587 2915 militans
1632 2854 1744 2913 sub
1784 2852 1999 2913 vexillo
2036 2850 2256 2913 Christi
2270 2896 2285 2925 ‚
2329 2855 2448 2929 qua
2486 2855 2597 2914 sub
2636 2870 2710 2913 ea
2753 2854 2887 2912 vere
2928 2850 3125 2913 vocati
3162 2851 3571 2931 continentur,

639 2952 838 2994 errare
891 2942 1119 3012 potest,
1171 2935 1228 2994 δι
1282 2942 1438 2993 errat
1491 2931 1668 2994 variis
1705 2933 1986 3011 gradibus
2026 2933 2082 2992 &
2122 2931 2349 3011 modis,
2386 2952 2527 2992 nam
2572 2932 2680 2993 etsi
2721 2930 2969 3011 Spiritus
3008 2934 3068 2993 S.
3110 2942 3199 2993 est
3238 2952 3470 3012 semper
3508 2932 3569 2993 in

641 3032 712 3073 ea
727 3057 745 3091 ,
786 3014 864 3073 ab
905 3020 1094 3092 eaque
1136 3030 1438 3091 nunquam
1479 3012 1736 3075 recedit:
1777 3012 1859 3088 (in
1897 3022 2248 3093 perpetuum
2289 3010 2446 3072 enim
2486 3012 2547 3072 in
2586 3012 2697 3092 piis
2737 3009 2965 3073 habitat
2980 3016 3024 3089 ,)
3063 3022 3263 3073 tamen
3296 3031 3420 3074 non
3441 3032 3566 3106 per-

640 3094 796 3154 fecte
857 3112 1092 3171 semper
1145 3112 1251 3172 per
1291 3112 1425 3154 eam
1465 3104 1772 3173 operatur,
1813 3094 1919 3153 sed
1957 3093 2374 3154 tantummodo
2417 3112 2528 3171 pro
2568 3110 2844 3153 mensura
2880 3090 3092 3172 ipsius,
3131 3106 3285 3170 quae
3329 3092 3571 3153 minima

640 3184 758 3251 est,
800 3190 912 3251 pro
955 3171 1137 3251 ipsius
1177 3174 1541 3253 commodo,
1589 3194 1639 3234 1.
1687 3176 1820 3233 Gor.
1871 3193 1960 3233 12.
2007 3190 2061 3250 7.
2111 3194 2134 3233 1
2152 3192 2200 3234 1.
2238 3191 2349 3251 pro
2390 3172 2603 3233 ordine
2642 3170 2960 3251 sapientiae
2986 3172 3223 3233 diuinae
3262 3190 3432 3251 suae,
3451 3183 3572 3251 atq.

641 3262 820 3331 prout
872 3253 1001 3313 vult
1014 3297 1032 3331 ,
1094 3269 1218 3312 non
1276 3264 1455 3332 prout
1495 3264 1709 3332 potest.
1751 3256 1860 3314 Est
1899 3254 2054 3315 enim
2090 3271 2270 3333 agens
2310 3252 2705 3314 voluntarium
2718 3297 2736 3332 ,
2776 3270 2901 3312 non
2939 3254 3222 3313 naturale.
3286 3254 3572 3315 Actiones
3664 3257 3691 3311 .’

639 3341 840 3393 autem
881 3331 1246 3392 voluntariae
1293 3351 1418 3394 non
1463 3332 1759 3412 potentii,
1802 3334 1908 3395 sed
1947 3335 2250 3394 voluntate
2291 3344 2427 3393 sunt
2467 3332 2966 3393 determinandae.

732 3432 832 3490 30.
911 3411 1147 3472 Deinde
1200 3414 1339 3473 cum
1396 3431 1605 3474 omnes
1653 3414 1710 3475 δι
1765 3412 1979 3492 singuli
2019 3413 2219 3475 fideles
2260 3413 2382 3473 duo
2422 3414 2681 3473 habeant
2722 3410 2782 3472 in
2821 3430 2885 3471 se
2926 3411 3219 3473 contraria
3258 3412 3572 3491 principia,

639 3492 812 3552 Rom.
875 3509 930 3568 7.
991 3511 1087 3569 23.
1151 3492 1346 3552 carnis
1384 3496 1502 3571 qua
1544 3492 1837 3572 corrupti,
1880 3493 1934 3554 δι
1976 3492 2223 3573 Spiritus
2265 3496 2384 3571 qua
2424 3490 2779 3573 regenerati,
2818 3490 3083 3553 Militans
3119 3496 3263 3552 vero
3305 3492 3573 3553 Ecclesia

641 3571 789 3632 nihil
849 3572 1012 3631 aliud
1071 3570 1147 3632 sit
1163 3617 1181 3651 ,
1235 3576 1418 3649 quam
1469 3572 1580 3651 ipsi
1620 3573 1823 3634 fideles
1865 3572 2181 3635 militantes
2220 3572 2281 3632 in
2328 3574 2443 3633 hac
2483 3571 2953 3653 peregrinatione
2998 3574 3053 3634 &
3094 3570 3219 3653 via3
3258 3582 3573 3652 propterea

643 3651 1044 3792 infirmitate?
1082 3651 1351 3789 lAdami,
1414 3652 1786 3733 gratiamque
1837 3652 2056 3715 Christi
2105 3654 2416 3733 participat
2429 3700 2445 3733 ,
2488 3671 2642 3731 quae
2682 3653 2741 3714 in
2780 3652 2909 3731 ipsa
2946 3651 3276 3714 habitantes
3314 3652 3569 3714 inuicem

680 3750 719 3793 u
805 3742 926 3793 ant.
1040 3754 1078 3791 a
1107 3778 1120 3791 .
1205 3776 1221 3793 .
1268 3752 1293 3791 1
1343 3776 1358 3792 .

639 3752 682 3811 p
719 3752 816 3891 ξιξ.
900 3814 992 3873 Ex
1045 3748 1196 3889 qua5
1215 3752 1414 3891 pugna
1466 3810 1716 3874 laeditur
1764 3812 2009 3891 quidem
2025 3860 2041 3887 ,
2083 3813 2347 3891 vacillat,
2390 3818 2443 3875 δι
2484 3812 2753 3893 angustia
2792 3812 3050 3891 quadam
3092 3812 3405 3905 premitur,
3442 3831 3566 3873 non

637 3904 836 3954 tamen
881 3890 1239 3970 extinguitur
1287 3912 1399 3953 nec
1437 3892 1810 3973 deprimitur,
1852 3895 2078 3955 Matth.
2127 3896 2216 3953 16.
2266 3898 2353 3954 18.
2396 3905 2641 3974 propter
2680 3894 2954 3955 virtutem
2992 3892 3139 3971 Dei,
3180 3910 3333 3970 quae
3374 3894 3431 3953 in
3454 3892 3569 3952 hae

635 3972 973 4034 infirmitate
1035 3973 1543 4051 complementum
1605 3974 1804 4035 habet.
1868 3975 2035 4034 Deus
2094 3972 2283 4051 enim,
2332 3974 2499 4036 cuius
2552 3972 2739 4053 gratia
2780 3971 3090 4051 singularis
3130 3972 3405 4033 euacuari
3444 3992 3567 4033 non

634 4064 863 4133 potest,
926 4052 1116 4114 fidelis
1171 4060 1288 4133 est,
1341 4052 1441 4131 qui
1492 4052 1549 4114 ei
1591 4052 1801 4115 adfore
1840 4052 2136 4133 promisit3
2178 4055 2234 4113 δι
2272 4054 2399 4132 ipse
2442 4054 2544 4131 qui
2584 4070 2725 4116 suos
2762 4054 2900 4113 inde
2941 4054 3019 4113 ab
3056 4061 3223 4113 vtero
3264 4064 3387 4131 atq.
3428 4070 3570 4113 con·

630 4143 810 4271 {epta
835 4133 1004 4272 6ipso
1014 4150 1279 4273 &curare
1339 4134 1418 4194 ad
1471 4134 1720 4212 gloriam
1765 4152 1930 4195 suam
1983 4133 2229 4212 paterna
2269 4134 2659 4195 sollicitudine
2700 4131 2989 4212 decreuit,
3028 4132 3151 4192 falli
3186 4150 3309 4193 non
3354 4143 3566 4212 potest.

674 4232 751 4273 es.
793 4230 832 4287 4
877 4260 890 4272 .
934 4232 969 4291 3
1130 4232 1185 4287 4.

713 4312 811 4369 32.
890 4292 1126 4353 Idcirco
1181 4295 1339 4352 hanc
1399 4294 1728 4356 Ecclesiam
1780 4294 2035 4355 deficere
2075 4297 2112 4354 a
2150 4296 2284 4355 Deo
2326 4310 2437 4355 suo
2477 4293 2603 4355 fieri
2644 4314 2763 4355 non
2808 4304 3032 4373 potest:
3074 4294 3291 4354 Matth.
3338 4295 3428 4352 16.
3474 4295 3567 4351 18.

631 4370 756 4432 siue
796 4374 872 4432 ad
918 4374 1114 4433 Deum
1161 4372 1619 4450 promittentem
1663 4373 2020 4453 respexeriS,
2060 4374 2184 4435 siue
2224 4374 2301 4435 ad
2340 4374 2761 4453 Mediatorem,
2802 4394 2909 4453 per
2948 4392 3125 4451 quem
3165 4374 3368 4435 omnia
3406 4374 3569 4433 bona

3290 4452 3567 4515 salutaria
