3923 4875
637 326 756 401 338

639 499 882 577 quendo
895 543 915 579 ,
947 502 1004 560 δι
1043 498 1458 561 conclusiones
1499 500 1730 561 diuinas
1744 546 1763 580 ,
1811 516 1967 579 quae
2006 498 2147 561 iuris
2188 499 2375 563 diuini
2408 518 2485 561 ex
2501 518 2669 561 sacra
2682 498 2981 577 Scriptura
3000 507 3163 577 sunt,
3182 498 3577 563 conscientiis

637 578 1069 659 laborantibus,
1109 590 1211 641 aut
1251 579 1444 641 minus
1483 580 1660 641 certis
1701 582 2078 659 exponenda

719 661 1152 739 Argumentum
1192 678 1403 739 graue,
1448 659 1718 739 difficile,
1779 658 2211 739 periculosum,
2262 680 2515 740 anceps3
2554 671 2616 721 at
2654 658 3073 721 necessarium:
3115 674 3238 736 quo
3270 662 3329 720 &
3366 660 3571 737 priua-

641 750 838 801 torum
877 738 1280 801 conscientiae
1319 740 1748 818 conquiescant
1761 787 1780 821 ,
1821 742 1877 803 &
1918 740 2021 819 qui
2060 740 2304 821 publica
2342 740 2689 803 auctoritate
2728 750 2893 819 sunt,
2944 756 3190 800 munera
3227 740 3572 801 vocationis

639 837 780 881 suae
839 822 1003 881 bona
1058 821 1179 881 fide
1237 820 1451 881 certius
1516 832 1936 915 exsequantur:
1998 822 2527 898 Quemadmodum
2583 820 2856 900 profecto
2895 820 3127 880 omneis
3166 837 3273 880 eos
3312 822 3569 882 confido

639 902 938 993 facturos,
969 899 1072 979 qui
1111 919 1184 961 ex
1225 900 1378 961 veris
1416 900 1716 981 principiis
1755 901 2166 963 conclusiones
2203 902 2371 963 vtiles
2410 904 2467 963 δι
2504 900 2861 962 necessarias
2900 900 3225 960 secundum
3264 900 3569 962 rationem

639 990 860 1041 rectam
919 1000 979 1041 m
1037 998 1145 1043 suo
1177 1000 1394 1061 genere
1409 1026 1427 1060 ,
1468 984 1523 1044 δι
1565 1001 1639 1042 ex
1678 980 2161 1045 conclusionibus
2203 980 2721 1045 determinationes
2760 980 3088 1043 secundum
3128 980 3377 1041 modum
3416 1000 3570 1042 con-

641 1058 1124 1137 stitutionemque
1157 1078 1354 1123 rerum
1395 1062 1613 1123 confici
1651 1062 1937 1123 videbunt
1974 1072 2271 1141 oportere.

717 1142 864 1203 Hoc
904 1144 1047 1201 vero
1088 1151 1527 1221 argumentum,
1566 1143 1827 1205 Illustres
1867 1142 2157 1221 Ordines,
2198 1141 2337 1219 quia
2374 1144 2431 1203 δι
2464 1161 2559 1203 res
2598 1140 2829 1221 attingit
2865 1138 3166 1220 politicas,
3204 1156 3457 1218 quarum
3502 1140 3569 1201 in

637 1220 730 1281 his
767 1221 1030 1313 partibus
1057 1238 1261 1282 curam
1301 1221 1632 1283 felicissime
1667 1222 1979 1301 sustinetis»,
2019 1223 2076 1283 δι
2117 1224 2197 1285 ad
2236 1222 2559 1284 fulciendas
2596 1222 2832 1303 piorum
2876 1218 3268 1281 conscientias
3306 1220 3568 1282 omnino

637 1310 922 1382 pertinet3
965 1312 1028 1362 vt
1067 1301 1170 1381 qui
1209 1314 1488 1381 praesunt
1527 1306 1688 1364 bona
1729 1303 2093 1365 conscientia
2129 1320 2433 1383 praeesse3
2473 1304 2530 1363 δι
2570 1302 2672 1379 qui
2709 1303 3145 1379 obsequuntur,
3184 1300 3395 1361 eadem
3414 1322 3569 1362 con-

638 1379 882 1441 scientia
921 1382 1170 1461 obsequi
1210 1386 1267 1443 δι
1306 1382 1512 1461 parere
1548 1382 1813 1461 possint:
1856 1386 1932 1443 V.
1955 1387 2032 1444 A.
2072 1382 2263 1445 visum
2304 1394 2393 1444 est
2427 1387 2791 1474 προφωνεῖν,
2810 1384 2867 1443 &
2886 1378 3315 1458 sapientissimo
3334 1381 3569 1443 iudicio

638 1470 835 1522 vestro
875 1471 1068 1523 totum
1108 1461 1464 1541 permittere.
1505 1462 1690 1540 Quod
1733 1462 1783 1525 si
1826 1466 1914 1539 (vt
1951 1466 2152 1542 spero)
2188 1462 2518 1543 probabitis
2533 1508 2551 1541 ,
2606 1462 2727 1522 hoc
2766 1460 3049 1539 scriptum
3090 1478 3212 1520 non
3254 1472 3569 1539 tamquam

639 1536 835 1619 operis
878 1540 1028 1620 mei,
1065 1543 1171 1603 sed
1205 1552 1507 1621 tamquam
1547 1542 1804 1605 muneris
1843 1543 2021 1605 vestri
2060 1543 2123 1605 in
2160 1542 2402 1636 publico
2443 1552 2673 1603 exstare
2712 1540 2923 1622 cupio:
2957 1555 3081 1618 quo
3110 1542 3167 1602 δι
3198 1550 3390 1601 vestra
3410 1542 3568 1603 fides

638 1620 698 1681 in
740 1620 826 1683 rei
863 1621 1036 1683 huius
1077 1622 1353 1701 publicae
1395 1622 1842 1703 procuratione,
1886 1624 2089 1703 quoad
2130 1639 2252 1685 eius
2291 1623 2418 1685 fieri
2453 1631 2652 1702 potest
2668 1668 2685 1699 ,
2722 1620 3043 1683 illustretur
3056 1665 3074 1700 ,
3116 1620 3172 1681 δι
3214 1640 3348 1683 mea
3376 1620 3566 1699 ipsius

640 1718 781 1779 erga
839 1700 1002 1779 pium
1057 1702 1382 1781 quemlibet
1439 1702 1880 1783 Magistratum,
1937 1724 2011 1765 ac
2070 1704 2414 1782 praesertim
2467 1722 2609 1781 erga
2665 1703 2740 1762 V.
2798 1704 2871 1767 A„
2932 1700 3141 1780 religio
3190 1700 3251 1761 in
3311 1720 3565 1763 omnem

723 1782 1044 1843 steritatem
1104 1783 1206 1843 fiat
1265 1786 1447 1861 quam
1505 1782 1947 1863 spectatissima.
2006 1786 2266 1845 illustres
2326 1784 2582 1845 Ordines
2596 1828 2613 1862 ,
2675 1783 2871 1843 Deum
2932 1782 3077 1859 Opt.
3116 1782 3279 1843 Max.
3319 1783 3565 1843 Patrem

701 1860 887 1922 omini
947 1860 1132 1923 nostri
1189 1862 1324 1923 Iesu
1383 1864 1602 1925 Christi
1641 1883 1782 1937 oro,
1846 1884 1953 1925 vos
1994 1864 2181 1943 gratia
2220 1864 2456 1925 caelesti
2510 1880 2615 1923 sua
2653 1872 2847 1923 seruet
2884 1861 3239 1936 incolumes,
3300 1861 3567 1939 consiliis

639 1942 855 2032 praesit
868 1985 889 2019 ,
945 1940 1280 2004 actionibus
1337 1943 1654 2005 benedicat
1667 1990 1685 2024 ,
1745 1946 1803 2007 δι
1861 1941 2119 2024 regionis
2176 1945 2348 2005 huius
2407 1942 2741 2005 ciuitatibus
2800 1940 3041 2021 singulis
3071 1941 3379 2002 veritatem
3417 1960 3563 2002 cum

637 2019 854 2081 iustitia
915 2024 969 2082 &
1032 2021 1422 2085 sanctimonia
1480 2026 1667 2103 Re1q3
1728 2022 1841 2087 toti
1880 2024 2154 2104 publicae
2197 2024 2527 2085 felicitatem
2562 2024 2673 2084 sub
2708 2032 2905 2084 vestro
2944 2019 3237 2101 praesidio
3278 2020 3564 2100 largiatur

638 2102 820 2178 quam
859 2100 1200 2164 diutissime.
1241 2103 1540 2183 Lugduno
1581 2106 1806 2166 Bataua
1845 2120 1954 2167 nn.
1999 2104 2138 2167 Idus
2177 2104 2475 2167 Octobres
2514 2106 2641 2167 cIo.
2679 2104 2765 2167 Io.
2805 2118 2966 2161 xcm.

3142 4421 3572 4490 THESES
