3923 4875
588 347 703 405 332

585 515 764 597 atque
803 503 1155 580 obsequium
1212 503 1391 582 Legis
1430 503 1576 565 olim
1614 505 1860 566 adducti
1898 517 2066 586 sunt3
2105 505 2191 566 sic
2233 505 2414 568 etiam
2455 507 2709 568 studiosi
2749 507 2971 586 quique
3009 508 3243 586 pietatis
3283 511 3340 570 &
3379 511 3528 572 veri-

590 596 724 646 tatis
761 584 1159 644 θεοδιδὰκτου
1179 631 1196 663 ,
1238 584 1648 646 auctoritatem
1685 585 1861 665 Legis
1901 585 2054 646 illius
2091 597 2402 648 senserunt
2439 585 2577 664 ipsi,
2601 591 2657 648 &
2679 588 2840 666 apud
2859 607 3070 651 omnes
3089 588 3526 666 praedicarunt.

587 665 706 728 Sed
770 683 893 724 non
956 681 1165 725 omnes
1230 665 1479 726 studiosi
1540 665 1807 726 salutaris
1866 665 2037 726 huius
2088 687 2162 726 ac
2215 666 2482 728 caelestis
2523 667 2833 729 doctrinae
2877 669 3144 748 πηδαλίῳ
3183 672 3538 746 τεχηὲηως

592 751 909 808 ἰθύνεσθαι
950 742 1012 803 in
1056 741 1169 804 isto
1212 745 1379 822 quasi
1420 747 1634 824 pelago
1676 745 2028 808 didicerunt.
2069 747 2310 808 Etenim
2349 745 2446 824 hi,
2483 751 2806 827 propterea
2841 749 3006 826 quod
3041 759 3167 810 tota
3185 751 3334 811 ratio
3355 751 3537 830 Legis

589 825 794 887 diuina
835 836 953 903 est,
994 823 1226 902 singula
1266 843 1419 902 quae
1458 826 1635 904 Legis
1674 825 1829 887 illius
1870 829 2142 888 membra
2182 848 2310 889 esse
2355 831 2640 888 καθολικά
2659 872 2677 907 ,
2707 827 2771 888 id
2791 839 2911 908 est,
2932 828 3206 891 vniuerse
3225 831 3305 890 ad
3325 849 3538 892 omnes

591 922 874 985 personas
888 950 907 984 ,
968 924 1061 965 res
1074 949 1089 978 ,
1144 915 1445 984 tempora,
1498 908 1637 967 loca
1651 952 1668 984 ,
1711 909 1767 968 δι
1808 905 1951 968 alias
1993 907 2465 970 circumstantias
2505 908 2776 970 arbitrati
2817 919 2953 970 sunt
2991 911 3316 990 pertinere,
3355 921 3538 988 atque

590 985 957 1066 promiscue3
1000 995 1284 1062 tanquam
1326 985 1375 1046 si
1414 986 1663 1058 ,rationis
1704 986 2046 1048 communis
2085 987 2146 1050 in
2185 991 2348 1066 Lege
2387 985 2536 1046 nihil
2575 1007 2702 1049 non
2742 989 3046 1050 existeret:
3088 989 3170 1050 illi
3191 995 3536 1068 (propterea

592 1066 759 1144 quod
794 1063 1159 1143 particularis
1182 1077 1307 1144 atq.
1328 1065 1637 1144 singularis
1658 1067 1903 1128 rationis
1927 1087 2057 1130 esse
2077 1066 2514 1146 quamplurima
2534 1070 2626 1128 vel
2647 1069 2998 1131 auctoritate
3019 1070 3238 1132 Christi
3258 1072 3324 1146 (s.
3353 1075 3532 1148 1476)

593 1150 648 1206 &
696 1147 1125 1224 Apostolorum
1168 1145 1291 1206 eius
1332 1149 1564 1206 fuerant
1602 1148 1959 1222 confirmati)
2004 1149 2208 1209 omnia
2244 1148 2372 1208 sine
2413 1150 2764 1226 exceptione
2803 1161 2984 1228 atque
3023 1149 3536 1212 indiscriminatim

590 1225 729 1286 iuris
768 1224 1131 1302 particularis
1172 1225 1350 1287 fuisse
1390 1225 1753 1304 iudicarunt‘3
1795 1231 1850 1290 δι
1890 1246 2052 1288 nunc
2093 1229 2338 1292 omnino
2381 1229 2656 1308 desiisse,
2695 1242 2875 1308 atque
2891 1285 2898 1294 ,
2915 1229 3286 1292 intercidissa
3324 1243 3530 1292 aucto·

590 1306 819 1366 ritatem
872 1306 1181 1366 vniuersae
1234 1307 1428 1385 Legis·
1490 1309 1698 1387 Vtriq3
1752 1309 2302 1390 παραλογιζόμενοι,
2355 1310 2411 1370 &
2468 1308 2675 1370 inscite
2729 1330 2801 1370 ex
2855 1322 3024 1388 parte
3063 1311 3241 1390 Legis
3281 1312 3358 1371 de
3400 1323 3534 1372 toto

592 1387 1039 1447 concludentes.
1102 1387 1258 1446 Nam
1322 1397 1513 1448 totum
1552 1387 1811 1448 hominis
1850 1407 1964 1448 nec
2004 1389 2337 1450 immortale
2378 1408 2506 1450 esse
2545 1393 2686 1451 vere
2724 1390 3115 1463 concluseris,
3159 1391 3300 1469 quia
3336 1391 3540 1452 anima

590 1465 937 1527 immortalis
977 1477 1095 1545 est3
1137 1486 1253 1526 nec
1292 1472 1502 1528 contra
1542 1469 1792 1528 mortale
1832 1486 1996 1546 esse,
2039 1469 2180 1544 quia
2201 1467 2464 1530 mortalis
2485 1488 2760 1547 corpore.
2805 1470 2902 1531 Sic
2934 1470 3020 1532 illi
3041 1471 3210 1548 quasi
3227 1473 3534 1550 profundo

592 1545 801 1624 mersi,
838 1545 1147 1606 veritatem
1183 1548 1489 1626 Euangelij
1528 1547 1875 1628 amiserunt;
1908 1547 1972 1608 hi
2005 1547 2171 1626 quasi
2201 1547 2262 1609 in
2303 1550 2585 1626 scopulos
2613 1551 2880 1629 abrepti,
2913 1550 3326 1613 auctoritatem
3344 1550 3536 1629 ipsam

594 1626 1012 1706 dignitatemq3
1053 1626 1231 1704 Legis
1272 1627 1508 1690 diuinae
1548 1627 1941 1706 imprudentia
1979 1629 2240 1690 maxima
2278 1628 2682 1707 perdiderunt.

672 1709 767 1766 Ac
807 1707 883 1766 de
922 1706 992 1767 iis
1028 1705 1271 1782 quidem
1306 1707 1635 1786 praeceptis
1672 1726 1825 1786 quae
1860 1711 2005 1786 pure
2039 1719 2174 1768 sunt
2214 1709 2431 1787 ἠθικὰ,
2467 1711 2522 1770 &
2555 1722 2858 1772 versantur
2890 1710 2953 1772 in
2983 1711 3214 1772 ratione
3247 1711 3537 1772 tradenda

596 1804 834 1848 morum
873 1785 1077 1863 pietati
1096 1832 1114 1865 ,
1156 1786 1435 1866 iustitiae,
1477 1787 1859 1866 humanitati,
1898 1789 1954 1846 &
1995 1789 2290 1848 honestati
2331 1789 2846 1870 conuenientium,
2889 1811 3068 1852 nemo
3110 1809 3288 1853 sanus
3307 1811 3533 1870 magno

595 1885 776 1946 opere
838 1865 995 1926 visus
1054 1878 1145 1926 est
1186 1885 1445 1944 vnquam
1486 1867 1777 1930 dubitare.
1832 1868 1904 1928 Id
1943 1867 2224 1928 Ballionis
2262 1867 2488 1944 potiuS,
2529 1881 2629 1930 aut
2667 1872 2905 1932 alterius
2946 1871 3204 1933 cuiusuis
3242 1872 3532 1950 bipedum

598 1945 939 2023 nequissimi
989 1945 1188 2025 fuerit,
1248 1947 1504 2008 hominis
1542 1951 1820 2027 proterue
1859 1958 2130 2008 naturam
2169 1945 2524 2028 abiurantiS,
2565 1953 2748 2028 quam
2787 1950 2896 2012 viri
2935 1951 3108 2012 vllius
3147 1951 3314 2015 boni.
3374 1952 3534 2014 cum

600 2026 759 2087 enim
818 2027 1149 2105 praeceptis
1208 2025 1363 2087 illius
1404 2029 1726 2089 moralibus
1765 2027 2092 2089 certissima
2132 2027 2266 2088 iusti
2307 2029 2363 2088 δι
2405 2027 2601 2090 iniusti
2641 2031 2792 2092 ratio
2833 2033 3217 2093 couenienter
3255 2042 3534 2112 naturae,

598 2111 653 2168 &
711 2107 789 2167 ad
844 2105 1276 2184 perfectionem
1317 2107 1471 2168 illius
1510 2112 1549 2167 a
1586 2111 1721 2169 Deo
1762 2109 1835 2168 sit
1874 2108 2166 2186 exposita,
2208 2125 2390 2186 quam
2431 2109 2724 2172 rationem
2767 2111 2836 2170 τὸ
2879 2113 3220 2192 ἡγεμονικόν
3255 2131 3388 2174 esse
3427 2115 3534 2174 ho·

594 2186 770 2247 minis
812 2185 1125 2262 (siquidem
1165 2189 1305 2248 vere
1344 2189 1529 2249 homo
1572 2195 1686 2269 est)
1727 2189 2021 2266 sapientes
2061 2207 2270 2249 omnes
2309 2191 2654 2252 voluerunt:
2696 2192 2842 2270 quid
2883 2203 2973 2252 est
3013 2194 3178 2269 quod
3199 2193 3257 2254 in
3281 2212 3352 2254 ea
3369 2195 3536 2272 Lege

593 2265 914 2328 desiderari
954 2267 1031 2328 ab
1072 2268 1194 2327 vllo
1235 2268 1451 2347 possit,
1495 2286 1649 2347 quae
1688 2268 1980 2331 rationem
2021 2269 2297 2330 amissam
2381 2271 2594 2348 rofert,
2635 2281 2977 2349 corruptam
2997 2271 3316 2352 instaurat,
3337 2275 3396 2334 δι
3423 2272 3531 2334 im-

594 2347 919 2426 perfectam
960 2345 1239 2407 diuinitus
1276 2347 1507 2425 perficit
1546 2347 1921 2410 documentis
1963 2348 2314 2409 salutaribus
2331 2289 2378 2410 3)
2396 2349 2571 2410 Certe
2613 2351 2899 2431 quicquid
2936 2350 3078 2413 iuris
3118 2352 3456 2414 communis
3475 2355 3532 2412 ἃ

596 2425 837 2489 rationis
878 2437 967 2487 est
1006 2428 1333 2489 secundum
1374 2440 1673 2504 naturam,
1716 2431 1772 2491 δι
1812 2430 2141 2491 secundum
2182 2428 2464 2510 gratiam,
2505 2451 2684 2509 quam
2705 2445 2948 2493 naturae
2969 2431 3312 2511 superduxit
3329 2435 3531 2512 Deus,

595 2508 658 2569 id
697 2506 1037 2569 vniuersum
1076 2506 1157 2568 ita
1196 2520 1283 2570 est
1324 2508 1385 2569 in
1426 2512 1589 2589 Lege
1630 2509 1817 2571 Mosis
1858 2509 2098 2588 proprie
2136 2521 2238 2571 aut
2277 2510 2584 2589 analogice
2621 2512 2956 2591 expositum
2973 2558 2989 2591 ,
3030 2523 3095 2573 vt
3135 2512 3238 2592 qui
3277 2514 3357 2575 ad
3397 2533 3528 2575 eam

598 2588 699 2730 (1ζείἰ
722 2587 1028 2648 communi
1077 2586 1202 2649 iure
1250 2590 1569 2667 quicquam
1622 2610 1686 2653 se
1738 2589 1973 2669 putabit
2011 2590 2264 2670 addere,
2307 2592 2356 2652 is
2396 2590 2788 2653 meridianum
2829 2592 3032 2655 Solem
3071 2592 3304 2655 facibus
3342 2603 3530 2655 certet

598 2688 637 2729 a
702 2686 900 2729 uuare.

678 2750 833 2809 cum
874 2759 1070 2809 autem
1110 2747 1200 2809 ius
1241 2767 1562 2811 commune
1604 2750 1679 2812 sit
1719 2749 1964 2828 quidam
2005 2748 2338 2811 communis
2377 2752 2514 2812 fons
2552 2752 2788 2815 alterius
2829 2749 2971 2813 iuris
3009 2751 3164 2815 illius
3205 2754 3374 2833 quod
3397 2774 3528 2832 par·

599 2826 843 2889 ticulare
883 2830 1237 2908 appellatur,
1278 2830 1439 2890 haud
1480 2849 1649 2891 secus
1690 2834 1869 2907 quam
1912 2846 2116 2892 sensus
2157 2832 2493 2891 communis
2532 2833 2667 2893 fons
2687 2831 3030 2893 vniuersalis
3051 2844 3139 2893 est
3161 2834 3528 2912 singulorum

597 2925 905 2987 sensuum,
946 2909 1158 2987 quibus
1199 2928 1409 2970 omnes
1451 2913 1525 2971 τοὶ
1565 2914 1817 2987 αἰσθητὰ
1859 2914 2116 2971 solemus
2155 2910 2491 2992 percipere,
2531 2916 2804 2991 profecto
2844 2923 2966 2973 tam
3007 2912 3275 2989 iniquum
3315 2926 3439 2992 est,
3481 2914 3530 2975 si

599 2988 661 3049 in
716 2988 1019 3049 communi
1072 2991 1237 3049 fonte
1288 2990 1428 3050 iuris
1482 2994 1538 3051 δι
1577 2990 1822 3051 rationis
1862 2991 1951 3052 ius
1994 2990 2344 3069 particulare
2385 2992 2766 3072 qaaesiueris,
2807 2996 2990 3071 quam
3031 2993 3078 3053 si
3118 2994 3180 3053 in
3220 2994 3530 3055 communi

597 3087 774 3130 sensu
812 3067 1078 3129 auditum
1120 3069 1379 3149 aurium,
1418 3072 1729 3131 oculorum
1770 3070 1989 3151 visum,
2031 3074 2087 3133 δι
2121 3070 2485 3150 singulorum
2507 3078 2901 3153 αἰσθητηρίων
2920 3071 3252 3135 functiones
3274 3074 3530 3153 singulas
3635 3105 3640 3114 ι

599 3148 1041 3209 desideraueris·
1104 3150 1243 3209 Non
1296 3160 1387 3211 est
1436 3151 1627 3211 nostri
1677 3151 1964 3228 muneriS,
2021 3162 2087 3211 vt
2126 3150 2238 3211 ista
2277 3169 2628 3230 quaeramus
2667 3154 2726 3213 in
2769 3156 2964 3232 sonte,
3003 3154 3110 3214 sed
3150 3164 3214 3215 vt
3253 3175 3325 3215 ex
3365 3156 3530 3215 sonte

597 3228 962 3307 detinemus;
1004 3247 1183 3306 quem
1226 3232 1455 3292 fontem
1494 3230 1771 3309 deposuit
1808 3231 1871 3291 in
1910 3231 2182 3292 Ecclesia
2217 3234 2400 3293 Deus.

677 3308 797 3369 Sed
836 3308 899 3369 in
940 3308 1227 3369 ducendis
1266 3329 1340 3370 ex
1378 3312 1541 3388 Lege
1580 3309 1751 3391 riuiS,
1792 3330 2001 3372 omnes
2042 3312 2357 3373 vitiositate
2397 3330 2532 3387 sua,
2567 3331 2692 3373 non
2731 3314 2908 3391 pauci
2947 3314 3140 3374 aliena
3178 3312 3528 3375 auctoritate

599 3390 679 3449 ab
732 3388 933 3449 officio
990 3408 1100 3450 suo
1154 3390 1521 3451 aberrarunt.
1580 3392 1734 3451 Nam
1788 3410 1986 3451 rerum
2041 3392 2389 3470 moralium,
2430 3392 2506 3455 de
2545 3391 2760 3470 quibus
2801 3413 2874 3455 ex
2913 3392 3016 3453 illo
3055 3394 3183 3454 iure
3220 3395 3527 3455 communi

601 3480 867 3549 constat,
908 3479 1032 3529 tum
1072 3468 1453 3547 particulares
1494 3470 1908 3533 conclusiones
1922 3517 1940 3551 ,
1982 3482 2109 3532 tum
2149 3472 2494 3551 singulareis
2535 3472 3055 3534 determinationes
3097 3493 3172 3534 ex
3210 3472 3295 3534 eis
3313 3493 3524 3552 proce·

604 3550 845 3626 denteS,
885 3568 1010 3609 non
1051 3550 1308 3627 omneis,
1348 3571 1460 3612 nec
1500 3550 1808 3630 omnibuS,
1848 3572 1964 3613 nec
2005 3552 2083 3612 ad
2123 3552 2354 3631 omnia,
2395 3572 2509 3614 nec
2536 3552 2814 3633 omnin0,
2841 3553 3034 3614 necin
3056 3573 3236 3615 omne
3257 3564 3524 3633 tempuS,

601 3632 762 3707 Lege
824 3628 1029 3690 defixit
1086 3632 1280 3691 Deus:
1344 3634 1452 3693 sed
1512 3650 1716 3691 earum
1766 3632 1964 3710 potius
2013 3634 2262 3693 modum
2317 3632 2598 3711 exemplis
2651 3633 2827 3711 Legis
2883 3632 3036 3695 illius
3077 3634 3524 3695 demonstrauit.

602 3712 826 3771 Earum
874 3720 1075 3770 autern
1125 3709 1274 3771 aliae
1330 3711 1410 3771 ad
1462 3712 1734 3773 homines
1774 3714 2212 3790 humanamque
2253 3712 2598 3775 societatem
2636 3712 2984 3792 respiciunt,
3025 3714 3174 3775 aliae
3215 3714 3292 3775 ad
3331 3718 3524 3775 Deum

600 3792 656 3849 &
696 3809 789 3851 res
831 3789 1078 3850 diuinas.
1124 3791 1505 3870 Quapropter
1544 3810 1739 3851 rerum
1781 3795 2170 3853 humanarum
2212 3796 2548 3871 exemplum
2589 3792 2961 3854 iudicialibus
2989 3793 3368 3872 politicisque
3388 3794 3526 3873 legi-

598 3870 745 3948 bus,
798 3869 1131 3931 diuinarum
1174 3871 1666 3933 ceremonialibus
1706 3872 1972 3933 exhibuit
2009 3876 2200 3933 Deus:
2243 3875 2581 3951 exemplum
2623 3872 2791 3952 dicu,
2833 3893 2957 3935 non
2999 3876 3252 3935 formam
3293 3894 3526 3954 expres·

598 3970 725 4011 sam
768 3948 1063 4030 omnium,
1105 3969 1259 4026 quae
1298 3952 1376 4011 ad
1412 3952 1697 4012 vtrumuis
1739 3952 1799 4011 in
1840 3952 2122 4014 societate
2162 3955 2418 4014 humana
2458 3953 2677 4031 requiri
2717 3966 2982 4030 possunt.

674 4033 769 4089 Ac
810 4030 887 4089 de
928 4030 1420 4092 ceremonialibus
1460 4032 1703 4108 quidem
1744 4034 2036 4111 Legibus,
2077 4052 2228 4110 quae
2269 4035 2348 4094 ad
2381 4036 2606 4094 cultum
2627 4033 2896 4094 diuinum
2919 4036 3156 4095 fuerunt
3175 4034 3526 4115 imperatae,

598 4109 980 4188 grauissimae
1020 4110 1164 4170 olim
1204 4113 1364 4189 apud
1406 4113 1603 4173 bonos
1639 4113 2080 4173 controuersiae
2117 4113 2476 4175 exstiterunt.
2521 4116 2704 4193 Nam,
2747 4126 2808 4174 vt
2849 4113 2994 4174 nihil
3035 4113 3230 4175 dicam
3266 4116 3342 4175 de
3363 4115 3530 4175 innu-

600 4189 981 4251 merabilibus
1042 4191 1397 4271 hypocritiS,
1438 4192 1541 4268 qui
1581 4194 1720 4253 inde
1760 4197 1798 4253 a
1837 4192 2132 4271 principio
2172 4192 2233 4252 in
2273 4194 2626 4253 ceremoniis
2669 4214 2910 4271 proram
2948 4196 3004 4253 &
3046 4194 3292 4273 puppim
3335 4197 3528 4273 (quod

600 4269 783 4347 aiunt)
824 4268 1027 4330 salutis
1066 4273 1317 4349 posue(f.
1370 4276 1711 4348 1477)runt,
1752 4276 1807 4332 δι
1848 4272 1907 4332 in
1950 4274 2165 4350 quibus
2205 4272 2581 4351 increpandis
2623 4274 3082 4353 euincendisque
3111 4276 3444 4353 Prophetae
3467 4278 3524 4335 δι

602 4349 681 4427 pij
744 4350 964 4427 quique
1024 4362 1161 4410 ante
1218 4352 1541 4412 aduentum
1600 4352 1817 4413 Christi
1878 4373 2121 4431 operam
2177 4364 2670 4433 consumpserunt
2715 4354 3189 4433 diligentissune3
3241 4354 3388 4415 nihil
3439 4358 3520 4416 de

3210 4435 3522 4495 Nasaraeis
