3923 4875
35 859 56 1470 twwuwv-wss-

35 2243 48 2284 Γ
35 1999 48 2201 1.·““”“
35 1917 48 1958 Ψ
35 1835 50 1876 U·
35 1752 50 1795 -
35 1672 50 1713 Ψ
35 1591 52 1630 η

35 2405 48 2768 -τψςην-Ἷ-ν-

1316 369 1647 418 rursus
1704 371 2355 421 rusonocrcan.
3179 379 3288 442 233

371 535 567 598 verbis
606 533 835 598 idoneis
850 581 869 614 ,
908 535 963 595 &
1004 535 1267 615 gestibus
1305 534 1671 613 compositis.
1730 536 1920 596 Verba
1956 537 2116 597 enim
2156 535 2338 596 animi
2377 535 2592 597 indicia
2633 543 2794 616 sunt,
2835 555 2988 629 quae
3008 539 3290 615 quoniam

367 629 469 679 aut
509 617 747 696 publice
787 618 935 677 fiunt
973 619 1051 677 ab
1092 635 1211 677 vno
1252 615 1507 693 plurium
1548 615 1789 676 nomine
1804 661 1823 695 ,
1860 626 1963 676 aut
2001 619 2079 678 ab
2119 635 2238 676 vno
2261 615 2533 695 priuatim
2548 662 2567 696 ,
2603 615 2728 676 siue
2747 635 2818 677 ea
2837 617 3126 696 simplicia
3146 620 3290 698 sint,

368 699 495 759 siue
548 699 803 760 honesto
856 707 1034 757 cantu
1090 696 1429 757 modificata
1482 698 1635 773 (Iac.
1681 711 1735 774 5.
1784 700 1899 773 13.)
1941 695 2234 758 diuersam
2273 695 2523 757 induunt
2583 697 2892 758 rationem.
2954 699 3292 762 Commune

368 789 567 839 autem
626 785 715 837 est
766 775 1068 854 vti-iusque
1107 777 1187 836 ad
1226 777 1546 838 verborum
1587 775 2006 856 aptitudinem,
2045 796 2123 837 ne
2163 776 2338 838 nimis
2375 779 2556 856 longa
2599 776 2869 839 oratione
2907 779 3040 856 quis
3077 789 3293 858 vtamr,

367 858 431 918 id
469 857 628 918 <mim
664 857 879 917 diserte
917 860 955 916 a
994 855 1260 917 Domino
1299 867 1507 917 nostro
1548 857 1891 934 damnatur,
1931 859 2156 917 Matth.
2198 860 2254 917 6.
2298 874 2350 933 7.
2393 859 2532 918 cum
2572 858 2768 936 potius
2788 857 2976 919 inanis
2995 859 3289 936 quaedam

370 941 691 998 verborum
730 936 997 1016 profusio
1013 981 1031 1015 ,
1071 940 1251 1014 quam
1290 937 1444 1014 anxij
1488 936 1669 997 animi
1708 955 1983 1014 expressa
2023 938 2310 1015 professio
2329 937 2588 998 videtur:
2627 957 2739 998 nec
2759 948 2880 998 tam
2905 936 3296 1017 explicatione

371 1016 728 1096 indigentiae
776 1034 927 1095 opus
971 1017 1045 1076 sit
1084 1017 1243 1094 apud
1284 1019 1481 1077 Deum
1522 1019 1701 1094 quam
1742 1016 1980 1094 inopiae
2021 1016 2385 1078 conscientia
2423 1019 2480 1077 &
2521 1028 2679 1078 certa
2717 1018 2852 1077 fide.
2896 1021 3060 1080 Deus
3101 1021 3260 1079 enim
3277 1066 3294 1096 ,

370 1098 549 1160 etiam
588 1107 905 1175 antequam
944 1107 1215 1174 petamus
1228 1141 1245 1172 ,
1288 1097 1453 1158 nouit
1490 1097 1874 1175 indigentiam
1915 1108 2209 1158 nostram:
2251 1109 2450 1176 petere
2469 1107 2669 1158 tamen
2690 1117 2802 1160 nos
2821 1099 3008 1160 voluit
3022 1146 3038 1174 ‚
3075 1102 3314 1163 Mattlw

377 1195 431 1254 7.
477 1197 531 1255 7.
570 1195 649 1238 ne
688 1193 1102 1257 segnescatnus
1142 1179 1199 1238 &
1242 1195 1449 1254 parum
1490 1177 1567 1237 de
1608 1177 1781 1238 nobis
1821 1177 2061 1239 solliciti
2099 1178 2301 1238 simus.

454 1263 511 1320 8.
591 1260 735 1319 Hoc
774 1261 917 1318 vero
958 1256 1018 1317 in
1060 1256 1255 1318 verbis
1295 1257 1586 1335 singulare
1626 1267 1743 1334 est,
1784 1257 1867 1318 eis
1909 1257 2012 1335 qui
2093 1257 2290 1319 ublice
2329 1258 2482 1318 inter
2521 1260 2717 1335 plures
2755 1258 2816 1318 in
2838 1261 3139 1340 Ecclesia,
3173 1261 3298 1322 siue

371 1341 571 1418 plures
611 1337 888 1416 priuatim
928 1337 989 1396 in
1028 1337 1276 1416 familia,
1318 1337 1653 1398 orationem
1691 1338 1769 1397 ad
1810 1339 2008 1398 Deum
2075 1339 2333 1416 undunt,
2373 1337 2570 1398 verbis
2591 1347 2826 1398 vtantur
2845 1341 3264 1403 communibus
3279 1387 3296 1420 ,

371 1421 429 1479 81
469 1437 621 1497 quae
663 1417 1111 1479 circumstantes
1152 1415 1508 1496 intelligant:
1558 1438 1607 1477 1.
1658 1415 1920 1478 Corinth.
1968 1438 2060 1491 14.
2105 1420 2196 1479 16.
2238 1438 2377 1478 nam
2417 1420 2555 1478 cum
2597 1417 2820 1480 ordinis
2853 1421 2926 1482 sit
2946 1421 3006 1482 in
3025 1421 3296 1484 Ecclesia

373 1509 438 1560 vt
489 1515 641 1558 vnus
694 1499 881 1559 verbo
935 1508 1199 1576 praeeat,
1252 1497 1461 1575 reliqui
1514 1496 1724 1558 animis
1763 1499 1819 1558 &
1859 1498 2076 1558 affectu
2113 1509 2458 1577 sequantur,
2500 1498 2982 1562 absurdissimum
3024 1511 3175 1564 esset
3215 1500 3298 1560 vti

374 1580 645 1641 oratione
684 1595 867 1656 quam
906 1589 1009 1638 aut
1048 1577 1097 1638 is
1136 1577 1241 1655 qui
1278 1576 1537 1655 loquitur
1551 1622 1569 1656 ,
1611 1587 1713 1637 aut
1754 1576 1799 1638 ii
1836 1576 1942 1655 qui
1979 1578 2226 1639 audiunt
2265 1598 2390 1640 non
2409 1577 2750 1657 intelligant.
2794 1586 3120 1663 xnoloycn
3141 1581 3296 1644 enim

372 1658 473 1720 illa
526 1667 641 1738 est,
692 1677 817 1719 non
867 1657 1052 1718 diuini
1105 1656 1363 1718 nominis
1410 1657 1731 1718 inuocatio.
1792 1657 1916 1734 Qui
1968 1663 2112 1719 vero
2150 1658 2424 1737 priuatim
2467 1659 2627 1719 solus
2667 1661 2866 1722 Deum
2904 1661 3179 1741 inuocat,
3224 1680 3298 1722 eo

371 1749 567 1800 vtatur
616 1757 889 1800 sermone
944 1755 1123 1816 quem
1173 1737 1299 1815 ipse
1350 1737 1660 1816 intelligat,
1715 1738 1770 1797 δι
1822 1753 1945 1816 quo
2001 1738 2228 1816 optime
2283 1737 2496 1799 mentis
2547 1755 2688 1799 suae
2740 1751 3066 1820 conceptus
3101 1751 3298 1820 potest

373 1819 719 1898 exprimere.
758 1819 943 1960 ‘getis
998 1817 1156 1878 enim
1216 1837 1339 1878 non
1381 1829 1639 1880 mentem
1678 1836 1753 1879 ex
1791 1817 1990 1880 verbis
2003 1863 2022 1898 ,
2062 1819 2170 1880 sed
2211 1837 2284 1880 ex
2323 1829 2522 1881 mente
2561 1821 2744 1880 verba
2783 1822 3114 1900 ponderare
3157 1840 3293 1882 con·

374 1899 598 1978 sueuit,
636 1901 757 1960 Ma
847 1943 863 1959 .
913 1915 1003 1975 15.
1045 1901 1102 1959 8.

454 1999 512 2058 9.
593 1978 977 2057 Compositos
1037 1989 1235 2038 autem
1286 1985 1487 2054 gestus
1539 1977 1889 2056 requirimus
1927 1979 2009 2039 ad
2049 1978 2436 2040 reuerentiam
2477 1977 2621 2058 Dei,
2664 1977 2725 2038 in
2766 1981 2931 2042 cuius
2973 1990 3300 2059 conspectu

374 2060 459 2120 vti
520 2077 754 2138 semper
812 2075 1015 2119 sumus
1030 2103 1048 2136 ,
1108 2057 1191 2118 ita
1250 2075 1361 2118 nos
1400 2067 1639 2118 orantes
1683 2076 1889 2118 coram
1930 2057 2062 2136 ipso
2107 2058 2388 2119 sistimus:
2431 2058 2492 2118 in
2531 2057 2746 2136 quibus
2785 2069 2984 2122 tamen
3025 2064 3301 2122 accurate

376 2138 645 2200 cauenda
702 2148 793 2201 est
843 2135 1179 2218 superstitio
1218 2147 1397 2216 atque
1436 2136 1780 2216 hypocrisis,
1843 2137 2012 2198 Licet
2052 2148 2249 2199 autem
2289 2137 2505 2216 positio
2545 2139 2815 2217 corporis
2828 2185 2846 2220 ,
2889 2141 3073 2202 modo
3119 2139 3300 2201 animi

375 2218 655 2280 interiora
713 2227 873 2280 recte
923 2217 1042 2279 sint
1091 2216 1427 2297 composita
1470 2220 1703 2296 (parum
1758 2217 1920 2279 enim
1973 2220 2180 2298 refert,
2231 2217 2356 2278 siue
2405 2217 2536 2297 quis
2589 2219 2802 2281 sedens
2816 2264 2835 2299 ,
2876 2229 3068 2300 stans3
3108 2220 3299 2282 aliove

374 2299 573 2378 positu
612 2297 879 2378 corporis
918 2301 1071 2376 oret)
1110 2307 1369 2358 attamen
1410 2299 1651 2377 antiqua
1692 2297 1996 2358 Ecclesiae
2035 2297 2152 2358 Dei
2189 2297 2620 2360 consuetudine
2660 2310 2966 2378 receptum
3011 2311 3120 2380 est,
3151 2299 3305 2360 inter

376 2378 670 2442 orandum
728 2394 922 2459 genua
981 2380 1220 2439 flectere
1234 2423 1252 2458 ,
1299 2381 1356 2440 &
1398 2395 1607 2440 manus
1644 2379 1988 2457 expandere
2027 2377 2537 2460 complicareque3
2577 2388 2642 2439 vt
2679 2399 2753 2441 eo
2795 2391 3076 2441 testemur
3113 2379 3297 2441 animi

376 2458 563 2521 nostri
602 2458 997 2521 deiectionem
1036 2462 1093 2520 &
1131 2458 1619 2551 submissionem,
1660 2458 1805 2520 nihil
1844 2458 1905 2520 in
1944 2458 2120 2519 nobis
2158 2460 2214 2518 &
2256 2462 2293 2519 a
2333 2459 2508 2520 nobis
2547 2477 2676 2520 esse
2690 2506 2708 2539 ,
2749 2460 2894 2520 nihil
2921 2478 3034 2521 nos
3053 2479 3161 2540 per
3183 2480 3296 2521 nos

376 2540 689 2619 impetrare
740 2542 892 2601 velle
906 2585 924 2620 ,
965 2539 1165 2601 omnia
1200 2542 1239 2599 a
1278 2540 1393 2600 Dei
1431 2549 1685 2619 gratuita
1724 2538 2128 2601 misericordia
2167 2551 2480 2617 expectare
2518 2559 2624 2617 per
2662 2541 2989 2602 Dominum
3030 2550 3300 2602 nostrum

378 2623 575 2681 Iesum
614 2620 955 2681 Christum:
990 2629 1169 2696 caput
1207 2630 1508 2699 praeterea
1546 2620 1774 2680 nudant
1811 2618 1951 2680 viri:
1994 2617 2285 2680 foeminas
2325 2631 2570 2699 propter
2603 2618 2952 2682 indecorum
2973 2622 3304 2698 Apostolus

380 2700 610 2761 nudare
653 2700 849 2778 capita
886 2699 1103 2761 vetuit:
1154 2718 1203 2759 1.
1256 2701 1395 2761 Cor.
1444 2716 1533 2779 15.
1579 2715 1631 2778 5.

466 2798 556 2840 10.
638 2781 947 2841 Hactenus
986 2797 1193 2839 verum
1233 2779 1517 2841 orationis
1554 2796 1726 2840 vsum
1764 2778 2020 2840 vidimus
2033 2825 2052 2858 ,
2095 2796 2258 2840 nunc
2299 2780 2548 2840 abusum
2583 2778 2905 2841 videamus.
2945 2779 3124 2841 Varie
3145 2778 3304 2841 enim

378 2858 479 2919 hic
515 2864 553 2920 a
593 2858 839 2921 diuersis
878 2858 1249 2939 impingitur,
1288 2870 1415 2921 tum
1454 2860 1515 2919 in
1556 2869 1777 2921 rectam
1818 2857 2102 2920 orationis
2143 2858 2624 2921 constitutionem
2640 2904 2658 2935 ,
2698 2870 2824 2920 tum
2867 2858 3043 2921 etiam
3083 2858 3305 2921 orantis

380 2938 849 3019 dispositionem.
908 2942 978 3000 In
1033 2948 1255 3000 rectam
1306 2939 1589 3001 orationis
1643 2938 2125 3002 constitutionem
2164 2938 2477 3019 dupliciter
2515 2939 2848 3018 impingunt
2885 2938 3176 3017 Pontificij
3219 2943 3307 3015 (vt

380 3018 457 3080 de
510 3020 856 3081 Christianis
910 3020 1103 3081 solum
1156 3018 1375 3097 dicam)
1433 3020 1687 3099 primum
1742 3019 1910 3097 quod
1964 3020 2216 3081 Sanctos
2269 3019 2555 3081 inuocant
2591 3030 2823 3097 praeter
2861 3022 3056 3081 Deum
3071 3064 3090 3099 ,
3131 3026 3306 3097 eique

380 3110 666 3176 tanquam
707 3098 1112 3160 internuncios
1152 3099 1481 3179 adiungunt
1494 3146 1512 3175 ,
1552 3102 1607 3160 δι
1648 3100 1811 3161 cultu
1850 3100 1963 3161 soli
2001 3101 2136 3161 Deo
2177 3099 2382 3161 debito
2423 3101 2736 3161 defunctos
2757 3102 2980 3161 colunt.
3022 3098 3305 3160 Bellarm.

383 3180 454 3239 de
510 3189 695 3241 sanct.
758 3181 904 3240 beat.
965 3190 1094 3259 cap.
1162 3200 1185 3238 1
1199 3196 1230 3255 7
1298 3182 1375 3241 ὁ·
1436 3182 1527 3240 18.
1589 3179 1775 3256 Quod
1827 3198 1952 3241 non
1991 3180 2177 3241 modo
2217 3180 2278 3239 in
2317 3182 2515 3241 Deum
2555 3188 2645 3240 est
2683 3180 3181 3241 contumeliosum
3195 3226 3212 3259 ,
3252 3182 3308 3241 &

384 3258 599 3320 rationi
640 3260 957 3321 aduersum
971 3306 990 3339 ,
1030 3270 1095 3320 vt
1127 3276 1305 3337 supra
1345 3259 1739 3338 ostendimuS,
1780 3260 1930 3321 thesi
1951 3280 2010 3337 3.
2029 3278 2234 3321 verum
2255 3258 2431 3321 etiam
2451 3260 2512 3320 in
2530 3262 2728 3320 Iesum
2748 3260 3049 3322 Christum
3069 3260 3310 3320 vnicum

386 3348 657 3400 nostrum
701 3342 758 3400 81
797 3339 1158 3401 indefessum
1199 3340 1361 3418 apud
1401 3342 1639 3400 Patrem
1679 3340 2157 3420 intercessorem,
2197 3339 2453 3401 maxime
2492 3339 2798 3401 iniurium:
2838 3342 2976 3401 cum
2997 3342 3226 3401 nullum
3247 3339 3309 3400 in

386 3436 631 3481 munere
690 3437 801 3481 suo
860 3418 1214 3481 mediatorio
1257 3419 1489 3480 socium
1530 3430 1633 3480 aut
1671 3420 2078 3481 coadiutorem
2119 3420 2388 3481 admittat
2401 3466 2420 3499 ,
2460 3429 2562 3480 aut
2603 3418 2791 3480 sancti
2828 3419 3027 3481 subire
3064 3418 3309 3499 possint.

388 3500 567 3560 Vnde
601 3503 745 3561 vere
778 3500 847 3560 in
890 3512 1229 3560 sanctorum
1270 3500 1663 3561 aduocatores
1704 3500 1988 3562 conuenit
2029 3500 2126 3561 ille
2167 3499 2332 3561 Eliae
2352 3518 2678 3561 sarcasmus
2698 3498 2758 3559 in
2779 3501 3016 3561 Bahalis
3035 3502 3310 3577 cultores,

392 3598 443 3639 1.
489 3578 636 3656 Reg.
684 3584 773 3641 18.
821 3597 916 3657 27.
957 3578 1095 3657 quia
1135 3578 1324 3640 sancti
1362 3580 1439 3641 ad
1480 3598 1685 3658 preces
1725 3600 1851 3641 non
1890 3581 2085 3641 minus
2125 3580 2285 3642 surdi
2323 3590 2492 3659 sunt,
2532 3582 2588 3642 &
2629 3579 2688 3640 in
2731 3579 3078 3660 imaginario
3122 3578 3310 3640 Trini-

388 3658 529 3720 tatis
570 3660 815 3738 speculo
854 3658 999 3719 nihil
1041 3658 1261 3721 vident.

468 3756 543 3800 11.
624 3740 793 3800 Alter
849 3738 1300 3801 Pontificiorum
1357 3757 1521 3800 error
1564 3750 1682 3819 est,
1744 3740 1805 3800 in
1846 3740 2034 3802 modo
2075 3740 2394 3801 inuocandi
2431 3742 2654 3801 Deum:
2695 3739 2834 3819 quia
2871 3740 3064 3820 ipsum
3105 3740 3310 3799 colunt

383 3822 440 3880 &
478 3819 732 3881 adorant
768 3838 877 3898 per
916 3819 1200 3898 imagines
1241 3824 1298 3881 &
1336 3818 1529 3881 idola}
1568 3822 1861 3881 Bellarm.
1902 3822 2000 3881 lib.
2047 3840 2101 3880 2.
2140 3823 2304 3881 Eccl.
2343 3822 2618 3900 triumph.
2660 3830 2786 3913 cap.
2822 3824 2879 3881 8.
2897 3830 3310 3899 praeterquam

390 3897 551 3961 enim
602 3901 769 3977 quod
820 3900 985 3960 omni
1040 3899 1131 3961 sui
1183 3900 1438 3981 imagine
1491 3901 1655 3960 Deus
1708 3899 2038 3981 interdixit,
2089 3911 2154 3960 vt
2207 3902 2355 3961 thes.
2400 3920 2456 3974 4.
2497 3901 2896 3979 ostendimus3
2943 3900 3074 3978 quis
3114 3902 3312 3960 Deum

394 3974 723 4058 exprimat?
782 3982 913 4041 Nec
961 3981 1275 4041 elabuntur
1322 3980 1421 4041 hic
1473 3978 1764 4056 Pontificij
1782 4027 1798 4055 ‚
1853 3983 1989 4041 eum
2042 3980 2448 4059 imperfectam
2500 3984 2554 4041 &
2607 3999 2715 4059 per
2765 3979 3199 4072 metaphoricas
3241 3998 3314 4039 ac

395 4059 674 4137 mysticas
713 4059 1175 4138 significationes
1213 4062 1462 4139 figuram
1502 4078 1842 4138 proponere
1863 4080 1927 4121 se
1947 4072 2244 4141 asserunt3
2269 4061 2501 4139 iniussi,
2527 4060 2649 4121 imo
2669 4059 2969 4138 prohibiti.
3008 4060 3314 4119 Friuolum

392 4151 590 4200 autem
632 4148 723 4200 est
760 4139 906 4200 illud
946 4140 1147 4200 tritum
1188 4140 1462 4220 Gregorij
1503 4140 1727 4201 dictum
1744 4186 1761 4217 ,
1802 4139 2090 4221 imagines
2119 4140 2435 4202 idiotarum
2457 4158 2586 4201 esse
2605 4140 2818 4201 libros:
2855 4158 2992 4201 cum
3013 4140 3318 4218 Scriptura

395 4224 611 4280 contra
650 4220 877 4297 lignum
917 4220 1189 4281 vanitatis
1228 4221 1593 4299 doctrinam,
1633 4224 1690 4282 &
1730 4221 2028 4283 conflatile
2067 4220 2378 4283 doctorem
2419 4220 2711 4297 mendacij
2754 4220 3040 4281 clamitet:
3103 4222 3313 4279 Ierem.

409 4319 502 4360 10.
545 4303 603 4361 8.
642 4302 883 4360 Habac.
928 4320 983 4360 s.
1032 4304 1123 4361 18.
1166 4305 1459 4368 Δουλειας
1497 4304 1639 4362 vero
1678 4303 1736 4361 81
1776 4308 2069 4381 Λατροιας
2103 4301 2570 4378 distinctionem,
2604 4318 2787 4379 quum
2809 4300 3191 4379 inScriptura
3210 4318 3314 4359 eae

404 4399 484 4443 vo
495 4398 599 4441 ces
655 4378 991 4457 promiscue
1033 4390 1410 4462 vsurpentur,
1451 4380 1661 4443 merito
1700 4382 2016 4442 reiicimus.
2057 4383 2112 4441 81
2153 4382 2201 4441 si
2238 4398 2458 4443 vocum
2495 4381 2914 4464 proprietatem
2953 4390 3317 4517 ερεοέεωυῗ,

1983 4480 2062 4537 3ο
3115 4482 3252 4538 aree
3279 4482 3314 4515 a
