3923 4875
631 317 748 393 236
1562 327 1889 372 tusses
1946 321 2603 371 'rnnonocrcans

619 494 670 556 si
707 491 1012 570 qualitates
1051 491 1336 548 coelestes
1374 488 1430 547 δι
1471 486 1760 565 spiritales
1797 485 2129 565 exceperiS,
2170 505 2289 564 qua
2328 507 2441 548 nec
2480 508 2588 566 per
2626 509 2719 566 se,
2760 507 2875 548 nec
2914 507 3021 567 per
3059 487 3241 551 alium
3278 511 3387 552 eos
3442 491 3541 572 qui

621 575 682 634 in
721 570 887 633 terris
927 577 1233 630 versantur
1271 569 1492 628 habere
1531 578 1900 646 praesenteS,
1939 566 2171 643 audire,
2213 567 2481 628 conscire
2520 578 2622 628 aut
2662 567 2801 630 velit
2833 579 2935 628 aut
2974 569 3161 645 possit
3204 591 3417 632 omnes
3450 585 3551 634 aut

621 655 838 714 multos
879 649 1082 728 simul,
1123 647 1400 709 omnibus
1437 659 1539 708 aut
1580 648 1776 708 multis
1815 645 1995 726 locis,
2034 658 2201 706 tanto
2240 647 2582 727 interuallo,
2623 667 2743 709 vno
2766 647 3042 726 eodemq.
3064 659 3363 728 tempore:
3386 655 3549 730 quod

623 753 796 812 posse
838 729 1105 791 diuinum
1147 739 1259 807 est,
1299 728 1577 789 affectare
1617 726 2001 789 diabolicum.
2041 729 2261 786 Nostra
2304 733 2444 789 vere
2486 739 2697 789 natura
2735 732 3105 807 quantopere
3141 729 3217 790 sit
3261 731 3354 792 his
3374 735 3547 794 rebus

622 813 899 875 omnibus
939 811 1138 887 inepta
1151 855 1170 888 ,
1210 827 1390 870 nemo
1431 808 1660 871 ratione
1699 806 1999 886 praeditus
2034 807 2291 886 ignorat:
2336 809 2473 868 cum
2514 827 2628 869 nec
2670 819 3071 887 praesentem,
3092 809 3201 870 nisi
3224 814 3549 875 secundum

625 911 870 970 corpuS,
911 891 1066 951 iusto
1109 889 1418 950 interuallo
1458 889 1660 949 videre
1699 891 1796 949 vel
1835 887 2041 949 audire
2081 888 2397 964 possimus:
2437 908 2553 949 nec
2590 887 2741 952 alios
2759 887 3033 952 homines
3054 901 3289 968 praeter
3310 903 3551 956 naturae

625 974 876 1036 modum
937 969 1215 1032 conscios
1255 971 1447 1030 facere
1487 967 1805 1030 voluntatis
1847 978 1949 1029 aut
1988 965 2409 1046 expectationis
2450 979 2687 1030 nostrae
2701 1015 2720 1047 ,
2762 971 3189 1046 voluntatemq.
3230 991 3304 1032 ac
3345 985 3551 1050 poten-

625 1055 770 1116 tiam
829 1069 1036 1112 eorum
1073 1050 1372 1111 aduocare
1411 1048 1655 1129 vtiliter3
1691 1050 1800 1110 sed
1839 1048 1919 1109 ad
1957 1050 2142 1108 breue
2182 1049 2409 1127 solum,
2450 1051 2505 1110 δι
2540 1049 2948 1128 singulariter,
2989 1054 3044 1111 δι
3083 1051 3239 1112 iusto
3280 1053 3551 1114 locorum

625 1134 934 1195 interuallo
950 1175 969 1207 ,
1007 1132 1064 1190 δι
1103 1131 1256 1191 iusto
1301 1140 1604 1207 tempore:
1647 1129 1904 1207 denique
1945 1129 2283 1189 naturaliter
2322 1127 2557 1207 omnia,
2598 1131 2653 1188 δι
2694 1149 2804 1208 pro
2826 1130 3011 1190 modo
3031 1139 3279 1192 naturae
3300 1143 3557 1195 nostrae.

713 1234 800 1275 10.
881 1213 1054 1288 Quae
1094 1212 1231 1272 cum
1269 1208 1352 1270 ita
1389 1209 1538 1288 sint,
1579 1228 1704 1270 non
1747 1218 1945 1287 potest
1977 1207 2239 1286 legitima
2277 1207 2397 1269 dici
2436 1219 2539 1270 aut
2578 1209 2809 1270 censeri
2849 1211 2969 1270 vlla
3006 1227 3217 1272 eorum
3238 1213 3549 1275 hominum

623 1291 922 1356 inuocatio
937 1338 956 1371 ,
999 1289 1100 1369 qui
1161 1292 1412 1351 Sanctos
1453 1291 1724 1351 homines
1766 1292 1903 1351 vere
1943 1289 2006 1350 in
2044 1291 2229 1350 coelis
2266 1299 2508 1366 agentes
2524 1335 2543 1366 ,
2584 1299 2684 1350 aut
2725 1307 3057 1368 quoscunq.
3098 1289 3160 1350 in
3202 1291 3387 1354 coelis
3428 1313 3555 1356 ver-

623 1373 738 1436 sari
776 1382 1014 1451 putant,
1056 1370 1116 1430 in
1157 1388 1296 1431 eum
1331 1371 1580 1431 modum
1619 1369 1931 1448 inuocant,
1968 1380 2033 1430 vt
2072 1378 2173 1428 aut
2192 1369 2460 1446 proprias
2480 1367 2608 1430 illas
2634 1367 2750 1431 Dei
2770 1369 3182 1449 operationes,
3202 1389 3356 1448 quae
3378 1390 3549 1452 supra

622 1465 896 1516 naturam
953 1452 1276 1512 humanam
1331 1459 1468 1511 sunt
1487 1496 1504 1527 ,
1563 1449 1906 1511 hominibus
1970 1446 2089 1509 vita
2150 1447 2390 1526 functiS,
2434 1449 2603 1526 quasi
2640 1448 2805 1526 deis,
2838 1460 2939 1510 aut
2980 1451 3313 1512 secundum
3352 1455 3549 1515 Deum

621 1535 909 1612 tribuant,
950 1541 1052 1591 aut
1089 1531 1150 1592 in
1182 1542 1322 1592 actu
1361 1529 1754 1592 inuocationis
1793 1539 2007 1592 contra
2046 1538 2291 1606 naturae
2330 1531 2581 1591 modum
2614 1531 2921 1609 adfingant
2960 1531 3280 1608 quicquam
3298 1577 3313 1604 ,
3356 1546 3455 1595 aut
3482 1555 3551 1596 ea

627 1614 910 1694 opinione
951 1611 1114 1671 ducti
1150 1609 1418 1690 religiose
1460 1619 1896 1688 prosequantur
1935 1625 2299 1687 quocunque
2350 1611 2568 1688 gradu:
2610 1610 2751 1688 quia
2788 1611 3011 1688 gradus
3052 1611 3247 1672 cultus
3287 1615 3343 1673 &
3388 1613 3549 1676 inuo-

625 1694 876 1756 cationis
931 1711 1005 1752 ex
1064 1691 1251 1770 gradu
1313 1708 1518 1752 sensus
1571 1691 1824 1752 maxime
1881 1689 2254 1770 aestimatur,
2308 1690 2406 1751 hic
2446 1701 2645 1752 autem
2687 1708 2891 1752 sensus
2931 1701 3093 1752 totus
3132 1695 3170 1752 a
3212 1691 3454 1754 veritate
3494 1698 3547 1756 δι

627 1774 846 1853 pietate
907 1773 1074 1832 abest
1122 1770 1490 1851 longissime,
1545 1779 1736 1848 eoque
1775 1790 1888 1832 nec
1927 1771 2118 1831 cultus
2159 1767 2343 1849 magis
2374 1789 2449 1830 ex
2488 1771 2732 1832 veritate
2769 1771 2825 1832 &
2865 1769 3083 1848 pietate
3124 1791 3252 1834 esse
3292 1775 3333 1832 a
3373 1773 3547 1836 nobis

626 1853 855 1916 censeri
891 1854 1090 1915 debet.
1131 1855 1192 1928 (f.
1245 1854 1443 1928 1706.)

716 1954 741 1994 1
757 1951 808 1993 1.
888 1932 1012 1994 Hic
1051 1936 1193 1992 vero
1233 1931 1696 1992 succenturiatus·
1735 1933 1812 1992 ab
1853 1930 1922 1990 iis
1964 1930 2066 2008 qui
2102 1928 2467 1994 inuocationi
2505 1933 2861 1993 Sanctorum
2901 1931 3359 2009 patrocinantur
3398 1933 3544 1996 ratio

637 2013 944 2090 multiplex
963 2058 979 2090 ,
1041 2023 1104 2072 vt
1157 2011 1571 2090 probabilitate
1607 2013 1852 2074 fulciant
1889 2020 2297 2072 commentum
2338 2029 2531 2072 snum.
2581 2031 2629 2072 π.
2670 2013 2749 2072 ab
2789 2011 3131 2073 hominibus
3170 2023 3271 2073 aut
3450 2015 3551 2076 elis

636 2091 1023 2156 annuntiatio.
1070 2113 1124 2152 2.
1163 2095 1202 2152 a
1241 2095 1376 2154 Deo
1415 2103 1518 2154 aut
1556 2091 1798 2152 visionis
1836 2089 2195 2154 beneficium
2210 2135 2229 2169 ,
2266 2101 2373 2152 aut
2412 2091 2715 2152 reuelati0.
2758 2093 2855 2152 Ab
2894 2091 3234 2154 hominibus
3278 2095 3383 2172 qui
3465 2093 3478 2106 ‘

633 2173 916 2252 migrant,
957 2191 1032 2232 ne
1071 2171 1195 2232 veri
1233 2172 1474 2250 quidem
1507 2170 1698 2232 simile
1737 2182 1855 2233 est:
1897 2190 2040 2232 nam
2081 2171 2547 2250 quotusquisque
2570 2172 2645 2233 de
2664 2173 2784 2232 vita
2803 2171 3102 2234 decedens
3122 2173 3202 2233 ad
3224 2193 3317 2236 res
3338 2173 3555 2236 alienas

639 2265 742 2316 aut
781 2254 1074 2330 postulata
1114 2249 1403 2314 attendit?
1443 2253 1567 2314 ime
1608 2252 1738 2330 quis
1779 2257 1972 2314 bonus
2012 2270 2135 2310 non
2174 2251 2397 2330 cogitat
2438 2251 2515 2312 de
2552 2271 2661 2314 sua
2679 2252 2796 2313 fide
2813 2297 2832 2331 ,
2851 2256 2906 2314 δι
2926 2251 3352 2315 constitutione
3372 2254 3555 2333 magis

639 2345 700 2394 vt
760 2333 838 2394 ad
897 2334 1098 2394 Deum
1139 2337 1342 2394 sancte
1383 2331 1596 2412 migret
1610 2377 1629 2410 ,
1667 2335 1848 2410 quam
1889 2333 1967 2394 de
2010 2351 2075 2392 re
2114 2327 2337 2392 aliena?
2377 2333 2657 2394 Parentes
2698 2331 2809 2410 ipsi
2846 2351 2971 2394 non
3014 2333 3223 2394 melius
3264 2335 3559 2396 decedunt

635 2415 712 2477 de
755 2412 876 2475 vita
891 2458 908 2491 ,
950 2417 1132 2491 quam
1171 2413 1222 2475 si
1261 2412 1496 2477 abiecta
1539 2412 1793 2475 filiorum
1835 2416 1890 2475 &
1933 2411 2141 2475 mundi
2183 2429 2327 2474 cura
2364 2412 2425 2473 in
2464 2413 2581 2474 Dei
2632 2411 3126 2490 promissionibus
3168 2418 3371 2477 sancte
3424 2434 3560 2476 con-

633 2494 960 2574 quiescant.
1003 2496 1233 2555 Eorum
1275 2494 1379 2572 qui
1419 2493 1823 2574 migrauerunt
1863 2494 1926 2555 id
1966 2492 2231 2554 officium
2271 2512 2397 2553 non
2438 2503 2553 2572 est,
2594 2503 2659 2553 vt
2698 2494 3027 2555 ascendant
3064 2496 3121 2555 δι
3162 2495 3553 2557 descendant:

631 2575 943 2654 quiescunt
1003 2575 1178 2635 enirn.
1219 2576 1434 2653 Angeli
1469 2578 1502 2635 e
1543 2577 1749 2654 coelo,
1790 2576 1906 2635 Dei
1947 2584 2082 2635 sunt
2122 2573 2369 2652 Angeli,
2410 2593 2532 2634 non
2574 2571 2791 2652 nostn'3
2839 2594 2915 2635 ex
2952 2574 3155 2636 officio
3190 2577 3554 2637 voluntatem

631 2656 787 2727 eiuS,
849 2674 974 2715 non
1019 2665 1284 2715 nostram
1325 2658 1700 2733 perferentes·
1741 2656 1898 2716 Illud
1938 2652 2205 2715 officium
2246 2652 2331 2713 eis
2372 2653 2692 2730 Platonici,
2734 2672 2856 2714 non
2898 2654 3251 2729 Christiani,
3294 2658 3554 2734 Porphy-

631 2736 780 2811 rius,
821 2754 947 2795 non
989 2736 1202 2795 Paulus
1243 2734 1464 2796 tribuit.
1505 2735 1818 2796 visionem
1858 2734 1975 2795 Dei
2014 2734 2091 2795 ad
2132 2744 2373 2795 sanctos
2414 2734 2705 2811 pertinere
2744 2738 2947 2795 sancte
2988 2734 3406 2813 agnoscimus:
3452 2736 3557 2797 sed

630 2816 792 2876 aliud
831 2826 920 2876 est
959 2813 1110 2875 visio
1155 2814 1473 2893 essentiae,
1515 2816 1677 2875 aliud
1719 2816 2017 2877 scientiae.
2062 2814 2287 2875 Vident
2328 2813 2519 2875 sancti
2560 2814 2902 2891 essentiam,
2924 2834 3048 2875 non
3068 2814 3377 2876 scientiam
3400 2816 3552 2877 eius:

629 2898 684 2957 δι
725 2896 1039 2957 essentiam
1079 2914 1202 2956 non
1243 2914 1355 2973 pro
1397 2896 1583 2956 modo
1625 2895 1853 2957 infinito
1895 2894 2109 2973 ipsiuS,
2151 2894 2259 2954 sed
2298 2913 2410 2971 pro
2452 2896 2701 2956 modulo
2742 2914 2850 2955 suo
2892 2894 3157 2972 ipsorum
3180 2893 3415 2957 vident:
3436 2914 3554 2975 quo

633 2976 805 3055 igitur
860 2975 1046 3037 modo
1109 2972 1453 3037 scientiam?
1518 2977 1770 3037 Relucet
1785 3020 1803 3053 ,
1844 2974 2147 3053 inquiunt,
2188 2974 2251 3034 in
2290 2974 2441 3034 facie
2483 2974 2614 3035 Dei.
2657 2972 2957 3035 Accidens
3000 2974 3174 3053 igitur
3206 2986 3322 3035 est:
3364 2990 3467 3039 aut
3504 2976 3551 3036 si

633 3058 858 3117 relucet
913 3065 978 3117 vt
1036 3054 1372 3148 proprium,
1435 3072 1618 3133 quum
1679 3054 1824 3117 nihil
1860 3056 1922 3116 in
1961 3058 2099 3117 Deo
2140 3073 2265 3115 non
2304 3053 2379 3115 sit
2420 3072 2603 3115 vnum
2618 3100 2635 3132 ,
2675 3074 2818 3133 ergo
2861 3057 3127 3117 relucent
3156 3054 3362 3117 omnia
3404 3076 3555 3135 quae

633 3145 769 3197 sunt
831 3134 892 3194 in
954 3134 1200 3197 scientia
1259 3135 1413 3196 eius:
1477 3136 1536 3195 in
1587 3152 1707 3213 qua
1749 3156 1930 3197 nemo
1971 3137 2157 3198 homo
2198 3134 2411 3195 intueri
2452 3145 2675 3213 potest,
2718 3136 2905 3195 multe
2948 3134 3143 3195 minus
3178 3138 3358 3213 quam
3400 3136 3554 3197 acies

635 3217 948 3277 oculorum
987 3228 1326 3277 nostrorum
1367 3216 1427 3275 in
1461 3218 1660 3276 lumen
1703 3215 1864 3277 solis.
1905 3218 2004 3277 An
2042 3235 2187 3293 ergo
2228 3216 2590 3275 reuelatione
2630 3214 2910 3293 singulari
2949 3212 3100 3277 Dei?
3154 3234 3230 3275 ne
3270 3217 3391 3276 hoc
3430 3216 3549 3294 qui-

633 3296 772 3357 dem
815 3312 1038 3355 verum.
1083 3298 1240 3357 Nam
1282 3294 1574 3371 Pontificij
1615 3305 1822 3373 petunt
1861 3299 1898 3355 a
1939 3294 2200 3388 Sanctis,
2240 3294 2538 3373 dicentes,
2578 3297 2761 3357 Orate
2802 3314 2915 3373 pro
2954 3296 3163 3373 nobis,
3204 3316 3331 3356 non
3350 3299 3389 3357 a
3420 3300 3553 3357 Deo

631 3388 692 3437 vt
753 3378 973 3437 reuelet
1033 3376 1114 3436 eis
1173 3394 1380 3454 preces
1435 3392 1587 3436 suas,
1629 3378 1788 3437 Tum
1829 3396 1942 3437 nec
1984 3378 2203 3454 Angeh
2218 3421 2235 3452 ,
2278 3395 2391 3437 nec
2434 3376 2633 3435 Sancti
2674 3388 2797 3435 tam
2840 3377 3053 3437 multas
3096 3378 3417 3437 multorum
3458 3388 3555 3437 aut

631 3454 901 3516 omnium
961 3454 1134 3517 simul
1193 3456 1250 3515 &
1289 3458 1472 3516 semel
1514 3456 1794 3517 exaudire
1833 3466 2110 3534 possunt,
2150 3464 2367 3533 easque
2408 3457 2652 3517 offerre:
2696 3458 2815 3517 hoc
2848 3453 3043 3532 ipsum
3086 3466 3178 3517 est
3214 3469 3557 3535 supernatu-

632 3536 750 3595 rale
763 3580 782 3613 ,
823 3538 878 3595 &
920 3545 1190 3595 naturam
1227 3535 1498 3613 quamuis
1531 3536 1919 3615 glorificatam
1959 3536 2230 3614 ipsorum
2270 3555 2573 3615 superans.
2616 3538 2921 3597 Postremo
2938 3582 2957 3615 ,
2996 3554 3283 3615 quorsum
3304 3536 3417 3599 iste
3436 3556 3554 3597 am·

631 3612 822 3677 bitus?
863 3614 1118 3677 Oramus
1157 3617 1352 3676 Deum
1393 3615 1615 3677 scilicet
1655 3626 1718 3677 vt
1755 3616 2088 3679 orationem
2128 3628 2394 3679 nostram
2434 3617 2495 3677 in
2537 3618 2709 3677 coelo
2752 3626 3149 3693 repraesentet
3189 3616 3300 3677 illis
3314 3661 3332 3691 ,
3374 3636 3553 3695 quam

632 3695 744 3775 ipsi
803 3714 915 3773 pro
976 3694 1153 3756 nobis
1213 3694 1426 3757 iterum
1469 3707 1911 3775 repraesentent
1948 3699 2115 3773 Deo,
2156 3700 2213 3759 δι
2250 3696 2421 3774 quasi
2459 3695 2707 3757 datatim
2746 3707 3067 3773 praestent.
3108 3696 3179 3757 Id
3219 3700 3365 3757 vere
3408 3708 3557 3757 esset

633 3776 802 3853 quod
863 3776 1043 3853 vulgo
1104 3773 1316 3837 dicitur
1331 3823 1348 3855 ,
1407 3796 1513 3853 per
1564 3778 1734 3857 plura
1773 3778 1971 3839 facere
2010 3777 2177 3855 quod
2217 3796 2323 3855 per
2362 3775 2645 3855 pauciora
2684 3786 2901 3854 potest.
2942 3776 3155 3837 Aliena
3196 3775 3561 3855 indignaque

639 3854 842 3917 omnia
882 3856 1018 3916 Deo
1059 3856 1231 3915 Patre
1272 3859 1328 3917 &
1368 3856 1636 3919 Domino
1676 3860 1810 3919 Iesu
1851 3856 2111 3919 Christe.

721 3956 810 3995 12.
895 3937 980 3995 Vt
1017 3945 1216 3995 autem
1257 3951 1500 3998 naturae
1541 3938 1725 3999 modo
1739 3982 1754 4009 ,
1798 3936 1883 3998 sic
1923 3936 2105 3998 etiam
2140 3935 2267 3998 iure
2304 3935 2702 3997 inuocationis
2741 3936 3030 3997 docemus
3064 3944 3302 3997 sanctos
3322 3936 3561 3997 defime-

635 4027 732 4077 tos
791 4015 1057 4076 inuocari
1117 4014 1359 4077 minime
1417 4029 1710 4096 oportere.
1765 4020 1922 4077 Nam
1964 4017 2220 4095 primum
2261 4016 2700 4079 inuocationem
2740 4016 2897 4077 hane
2928 4034 3039 4077 suo
3082 4034 3300 4094 genere
3340 4018 3563 4077 cultum

639 4114 766 4155 esse
808 4094 1148 4174 religiosum
1195 4106 1460 4175 constat,
1501 4106 1692 4176 eoque
1732 4097 1793 4158 in
1834 4096 2151 4177 Scripturis
2190 4106 2381 4159 totum
2421 4096 2655 4175 pietatis
2688 4094 2955 4157 officium
2994 4096 3314 4174 significari
3346 4096 3563 4175 passim

639 4174 1030 4237 inuocationis
1071 4176 1340 4238 nomine:
1379 4187 1463 4238 est
1505 4189 1698 4238 autem
1737 4180 1903 4239 Deus
1943 4177 2123 4253 officij
2167 4176 2321 4237 illius
2362 4178 2701 4255 zelotypuS,
2732 4178 2926 4237 Emod.
2970 4196 3065 4237 20.
3107 4187 3286 4255 prout
3316 4178 3561 4239 adoran—

639 4255 750 4315 dus
791 4257 980 4334 soluS,
1023 4259 1077 4317 δι
1119 4256 1172 4317 ei
1214 4255 1328 4319 soli
1369 4257 1746 4319 seruiendum
1761 4304 1780 4337 ,
1819 4258 2031 4323 Matth.
2074 4278 2130 4331 4.
2173 4258 2331 4317 Tum
2375 4255 2705 4317 differentia
2746 4256 2989 4348 propria
3024 4255 3419 4319 inuocationis
3438 4266 3527 4317 est
3540 4302 3561 4333 ,

641 4334 805 4410 qued
847 4336 1040 4396 Deum
1084 4339 1316 4397 Patrem
1357 4337 1420 4397 in
1463 4338 1700 4399 Christo
1731 4356 1849 4416 ·per
1889 4337 2155 4415 spiritum
2195 4338 2594 4417 appellamus3
2636 4355 2765 4400 non
2792 4340 2971 4399 alium
2992 4334 3557 4413 inuocandum,Dei

3351 4428 3557 4477 natura
