3923 4875
1370 351 1695 396 russas
1753 351 2396 397 THROLOGICAE.
3213 357 3320 418 153

419 509 500 570 ita
534 511 767 568 firmum
808 517 873 568 vt
912 510 1113 570 solidis
1152 511 1366 570 cedere
1404 509 1780 588 corporibus,
1821 509 1869 571 si
1908 527 2016 586 per
2053 509 2186 572 illos
2223 521 2508 588 transeat,
2548 509 2733 589 possit
2747 556 2764 590 ,
2803 512 2860 570 &
2897 513 3082 590 figura
3116 515 3322 592 sphae-

421 588 547 648 rica
586 587 849 650 omnium
891 590 1285 666 pulcherrima
1324 591 1379 650 δι
1421 589 1807 668 capacissima
1845 588 2194 667 praeditum.

505 672 561 728 8.
642 667 913 745 Inferior
959 670 1106 728 haec
1146 688 1401 746 corpora
1443 667 1741 746 continet,
1782 671 1875 728 vel
1914 667 2228 750 simplicia,
2270 671 2364 730 vel
2403 668 2614 741 mixta,
2655 671 2710 730 δι
2739 687 2811 728 ex
2836 667 2948 728 illis
2968 671 3319 749 composita.

424 746 723 826 Simplicia
786 766 1043 824 corpora
1101 747 1253 808 intra
1318 745 1602 809 extimum
1662 747 1817 809 coeli
1873 746 2160 808 ambitum
2203 750 2628 826 comprehensa
2666 759 2802 809 sunt
2838 761 3122 826 quatuor,
3173 771 3326 828 quae

420 831 601 905 vulgo
660 827 934 886 dicuntur
992 828 1331 898 Elementa,
1395 848 1466 888 ex
1514 828 1727 904 quibus
1766 837 2070 904 tamquam
2108 847 2182 888 ex
2221 827 2422 907 primis
2468 826 2767 905 principiis
2809 846 3191 907 vnaquaeque
3231 850 3324 890 res

420 906 823 984 componitur,
858 909 913 966 δε
953 906 1011 966 in
1052 924 1202 982 quae
1243 908 1452 968 eadem
1491 907 1666 968 etiam
1710 907 2040 967 resoluitur.
2081 909 2176 967 De
2214 907 2306 968 his
2341 908 2463 967 duo
2502 907 2847 986 generaliter
2877 908 3325 986 praemittimus:

426 1005 604 1046 vnum
648 986 725 1046 de
766 985 951 1044 modo
991 986 1295 1046 efficientis
1335 1005 1573 1048 caussae
1612 988 1689 1046 ad
1731 985 2171 1064 generationem
2211 987 2472 1066 ipsorum
2488 1031 2506 1064 ,
2536 986 2638 1063 qui
2671 985 2876 1046 vnicus
2908 989 3042 1048 Deo
3060 989 3330 1049 tribuitur

423 1068 651 1126 Sermo,
692 1081 732 1124 1.
774 1075 939 1124 actus
978 1066 1311 1126 mandantis
1357 1067 1413 1126 δι
1466 1085 1615 1143 puro
1666 1084 1775 1126 suo
1816 1066 2100 1126 mandato
2139 1086 2231 1128 res
2269 1067 2346 1126 ad
2379 1085 2506 1128 esse
2526 1065 2925 1144 producentis,
2965 1069 3230 1128 Alterum
3251 1069 3328 1128 de

427 1145 635 1204 ordine
674 1161 851 1220 quem
884 1147 1045 1205 Deus
1085 1146 1422 1206 obseruauit
1457 1145 1518 1205 in
1548 1145 1851 1206 elementis
1883 1145 2338 1207 constituendis:
2361 1165 2499 1206 nam
2519 1163 2559 1206 1.
2580 1163 2673 1205 res
2692 1146 2768 1205 ad
2789 1165 2916 1206 esse
2937 1147 3240 1224 produxit:
3264 1165 3328 1208 11.

424 1225 743 1302 productas
762 1223 1138 1301 approbauit:
1159 1241 1243 1284 111.
1264 1227 1617 1304 approbatas
1640 1225 1965 1286 ordinauit:
1989 1241 2066 1284 nr.
2090 1226 2522 1286 ordinationem
2543 1224 2603 1284 in
2622 1235 2833 1286 natura
2849 1244 3041 1286 rerum
3063 1227 3329 1288 sanciuit.

504 1325 560 1382 9.
640 1303 796 1363 Cum
834 1313 1027 1363 autem
1068 1306 1496 1365 elementorum
1535 1325 1607 1366 ex
1645 1306 1775 1376 lege
1816 1303 2128 1366 creationis
2169 1325 2240 1366 ea
2279 1305 2354 1366 sit
2393 1304 2543 1364 ratio
2558 1350 2575 1383 ,
2615 1314 2680 1364 vt
2717 1304 3016 1382 superiora
3057 1318 3234 1386 agant
3265 1307 3325 1366 in

424 1382 826 1460 inferioribus,
876 1383 1153 1445 inferiora
1204 1383 1497 1461 patiantur
1534 1388 1572 1444 a
1612 1383 2042 1462 superioribus:
2085 1396 2316 1445 constat
2354 1386 2712 1445 elementum
2751 1383 2929 1463 ignis,
2971 1387 3133 1462 quod
3174 1403 3328 1447 sum-

426 1480 589 1521 mum
652 1473 768 1538 est,
829 1481 1030 1540 agere,
1091 1483 1217 1524 non
1264 1463 1411 1542 pati:
1456 1465 1809 1525 elementum
1850 1473 2073 1540 terrae,
2112 1465 2276 1540 quod
2315 1463 2581 1524 infimum
2623 1473 2738 1539 est,
2779 1465 2932 1544 pati,
2973 1483 3094 1526 non
3135 1485 3330 1544 agere.

425 1541 601 1602 Actio
634 1540 783 1619 ignis
822 1553 1137 1620 perpetua,
1174 1555 1260 1604 est
1299 1552 1492 1604 ae'rem
1534 1541 1890 1620 illuminare,
1931 1545 1988 1602 δι
2028 1543 2210 1620 pulsis
2249 1541 2504 1604 tenebris
2543 1544 2914 1620 perspicuum
2947 1545 3221 1622 reddere,
3254 1564 3329 1606 ex

428 1622 619 1697 primo
679 1620 995 1680 creationis
1041 1621 1157 1682 die.
1217 1622 1396 1682 Actio
1436 1622 1585 1682 aeris
1626 1623 1687 1682 in
1725 1621 1918 1700 aquiS,
1972 1633 2059 1682 est
2097 1639 2279 1700 aquas
2319 1621 2650 1702 superiores
2687 1626 2766 1683 ab
2806 1623 3180 1684 inferioribus
3217 1643 3328 1685 suo

426 1718 687 1777 expanso
748 1701 1047 1778 disparare
1062 1747 1078 1776 ,
1134 1721 1209 1762 ex
1258 1703 1525 1763 secundo
1586 1701 1899 1761 creationis
1958 1701 2083 1761 die:
2145 1720 2333 1779 aquae
2381 1701 2636 1779 denique
2693 1701 2753 1761 in
2792 1713 2946 1762 terra
2986 1713 3074 1763 est
3113 1713 3329 1764 terram

426 1779 681 1860 variare,
721 1782 776 1841 δι
816 1791 1011 1858 partes
1026 1811 1035 1820 ·
1048 1781 1203 1842 illius
1244 1780 1601 1859 disiungere,
1642 1801 1717 1842 ex
1755 1780 1928 1840 tertio
1969 1781 2282 1842 creationis
2323 1781 2436 1842 die.

510 1879 598 1918 10.
681 1859 1015 1938 Corporum
1056 1879 1127 1921 ex
1168 1860 1469 1922 elementis
1507 1860 1976 1938 compositorum
2014 1859 2129 1921 alia
2165 1864 2426 1939 perfecta
2449 1872 2609 1939 sunt,
2639 1860 2754 1921 alia
2780 1861 3140 1939 imperfecta.
3183 1865 3330 1922 Per-

414 1939 583 2016 fecta
622 1949 758 1998 sunt
796 1955 949 2016 quae
987 1940 1263 2002 omnibus
1301 1941 1419 2000 suis
1460 1941 1721 2018 partibus
1760 1942 2058 2001 absoluta:
2100 1941 2454 2018 Imperfecta
2490 1959 2640 2019 quae
2662 1941 2896 2020 mutila,
2916 1941 3055 2002 ideo
3077 1951 3328 2002 meteora

426 2019 613 2097 dicta,
655 2019 821 2095 quod
861 2019 921 2079 in
961 2019 1196 2080 sublimi
1235 2023 1291 2082 &
1331 2020 1391 2081 in
1431 2028 1565 2081 aere
1606 2023 1885 2097 pleraque
1916 2031 2286 2096 generentur.
2327 2023 2398 2080 In
2431 2022 2826 2098 perfectorum
2847 2019 3148 2082 creatione
3168 2024 3333 2082 Deus

430 2097 639 2159 ordine
681 2099 933 2175 primum
974 2119 1065 2160 res
1105 2101 1183 2160 ad
1217 2100 1706 2160 commoditatem
1736 2098 2064 2158 incolarum
2095 2099 2452 2177 pertinentes
2473 2098 2722 2160 creauit:
2745 2100 2962 2160 deinde
2981 2101 3335 2179 animantes»,

429 2187 710 2252 tanquam
762 2177 821 2238 in
870 2178 1174 2239 domicilio
1229 2190 1437 2257 parato
1477 2178 1797 2240 constituit.
1858 2181 1982 2238 Res
2021 2179 2100 2238 ad
2137 2178 2420 2255 domicilij
2462 2178 2940 2240 constitutionem
2981 2180 3335 2258 pertinentes

424 2269 559 2316 sunt
610 2258 785 2318 duae.
844 2259 999 2318 Nam
1054 2259 1308 2336 primum
1348 2258 1501 2318 infra
1542 2269 1565 2318 t
1696 2277 1731 2317 e
1770 2259 1994 2318 fructus
2033 2257 2108 2318 ad
2148 2259 2586 2338 necessitatem,
2630 2257 2933 2318 vtilitatem
2975 2263 3028 2320 δι
3069 2278 3334 2320 commo—

426 2337 675 2396 ditatem
714 2338 1041 2398 incolarum
1084 2337 1200 2398 orti
1240 2348 1375 2397 sunt
1414 2338 1511 2398 die
1549 2349 1608 2397 te
1664 2335 1743 2397 ’0.
1786 2337 2091 2416 Secundo,
2147 2356 2323 2416 supra
2361 2339 2658 2398 stellarum
2697 2341 2754 2398 &
2793 2338 3066 2415 syderum
3098 2351 3336 2400 ornatus

425 2418 502 2477 ad
549 2434 641 2477 res
682 2416 987 2479 inferiores
1026 2417 1423 2494 illustrandas,
1464 2419 1519 2478 δι
1558 2415 1986 2479 modificandas
2025 2417 2326 2497 appositus
2368 2417 2463 2479 die
2503 2427 2732 2494 quarto.

516 2516 539 2555 1
556 2516 605 2557 1.
688 2498 859 2572 Quae
898 2498 977 2557 ad
1020 2507 1294 2558 ornatum
1334 2496 1505 2557 huius
1545 2496 1826 2573 domicilij
1871 2497 2096 2558 faciunt
2129 2499 2410 2575 maxime,
2453 2508 2606 2557 astra
2643 2506 2812 2574 sunt,
2852 2498 2907 2557 δι
2949 2500 3183 2577 stellae,
3203 2501 3335 2559 solo

428 2576 539 2635 Dei
602 2580 785 2638 verbo
847 2578 909 2637 in
967 2577 1098 2654 ipso
1159 2579 1363 2654 coelo,
1417 2594 1555 2637 cum
1595 2594 1716 2654 quo
1756 2576 2022 2637 eiusdem
2062 2588 2199 2637 sunt
2237 2588 2508 2657 naturae,
2551 2579 2742 2637 factae
2782 2578 2837 2637 δι
2877 2578 3230 2639 collocatae:
3275 2588 3336 2637 vt

427 2655 587 2716 diem
626 2660 665 2717 a
704 2666 911 2733 nocte,
952 2674 1142 2733 eoque
1181 2659 1378 2716 lucem
1416 2661 1453 2716 a
1495 2656 1749 2717 tenebris
1789 2655 2174 2735 distinguant:
2218 2670 2367 2717 stata
2403 2669 2672 2734 tempora
2701 2660 2754 2717 δι
2786 2668 3119 2735 temporum
3155 2657 3334 2717 totius

426 2734 567 2794 anni
605 2735 1035 2796 vicissitudines
1077 2738 1394 2813 praebeant
1434 2738 1487 2795 80
1529 2736 1873 2796 ostendant:
1918 2736 2044 2797 dies
2083 2738 2138 2796 δι
2178 2756 2368 2798 annos
2405 2737 2692 2797 efficiant:
2733 2752 2908 2814 super
2941 2747 3155 2797 terram
3177 2737 3336 2797 deni-

428 2832 545 2891 que
585 2817 821 2876 luceant
834 2860 852 2892 ,
893 2816 949 2875 δι
988 2832 1093 2875 sua
1130 2818 1261 2876 luce
1300 2814 1505 2877 omnia
1544 2814 1889 2895 spectabilia
1928 2816 2198 2876 reddant.

516 2914 539 2953 1
552 2914 605 2955 2.
685 2895 1022 2956 Constituto
1063 2894 1364 2955 domicilio
1406 2895 1664 2972 incolae,
1704 2894 1807 2971 qui
1846 2895 2268 2974 inhabitarent,
2306 2894 2550 2955 immissi
2581 2906 2745 2973 sunt,
2765 2895 3041 2955 nimirum
3059 2893 3336 2955 animalia

428 2974 705 3051 aquatilia
720 3019 738 3052 ,
798 2974 1061 3035 volatilia
1120 2978 1175 3035 ἃ
1229 2974 1549 3047 terrestria,
1590 2982 1816 3053 creata,
1857 2977 1912 3035 δι
1950 2975 2012 3034 in
2053 2976 2169 3036 hac
2208 2992 2404 3035 rerum
2444 2973 2818 3035 vniuersitate
2857 2977 2998 3036 loco
3043 2990 3154 3035 suo
3197 2992 3336 3034 con—

430 3054 703 3115 ueniente
741 3057 1051 3118 collocata.
1101 3056 1171 3112 In
1211 3072 1461 3131 quorum
1506 3052 1801 3115 creatione
1840 3054 2113 3116 ordinem
2155 3056 2314 3114 hunc
2353 3054 2692 3115 obseruauit
2731 3056 2928 3132 Deus,
2966 3065 3030 3114 vt
3067 3058 3104 3115 a
3145 3052 3338 3113 minus

428 3134 705 3210 perfectis
744 3136 821 3194 ad
862 3133 1213 3211 perfectiora
1252 3132 1601 3195 ascenderit.
1644 3134 1902 3195 Primum
1945 3134 2162 3195 etenim
2203 3136 2396 3211 pisces
2426 3134 2633 3194 auibus
2660 3132 2720 3193 in
2744 3152 2820 3193 eo
2841 3132 3304 3211 imperfectiores
3319 3177 3337 3209 ,

432 3213 597 3289 quod
640 3213 786 3273 muti
828 3214 969 3291 sint,
1012 3232 1085 3273 ex
1122 3214 1293 3291 aquis
1332 3213 1561 3275 eduxit.
1602 3216 1761 3273 Aues
1802 3214 2174 3274 terrestribus
2214 3213 2563 3274 animalibus
2596 3213 2900 3274 inferiores
2921 3212 3180 3274 secundo
3203 3216 3337 3273 loco

432 3291 684 3371 creauit,
726 3291 935 3369 quinto
978 3292 1093 3352 die.
1154 3293 1477 3354 Terrestria
1493 3337 1510 3370 ,
1550 3310 1700 3371 quae
1740 3305 1909 3352 erant
1946 3292 2188 3355 rationis
2227 3292 2518 3370 expertia,
2557 3302 2694 3353 ante
2731 3292 3037 3354 rationalia
3055 3292 3338 3353 condidit.

432 3374 742 3433 Postremo
803 3372 1110 3433 hominem
1166 3372 1538 3449 rationalem,
1594 3373 1831 3449 corpori
1884 3376 1918 3432 ὲ
1956 3384 2113 3433 terra
2155 3374 2412 3433 formato
2453 3370 2711 3432 animam
2750 3376 2784 3433 e
2824 3372 3010 3433 nihilo
3050 3380 3339 3448 creatam,

429 3470 581 3527 quae
640 3451 874 3530 dignior
932 3452 1058 3512 eius
1107 3470 1240 3529 pars
1296 3462 1415 3529 est,
1460 3452 1801 3530 inspirando
1806 3496 1829 3543 7
1870 3462 2038 3513 sexto
2077 3450 2176 3513 die
2215 3454 2370 3513 fecit.
2434 3455 2632 3529 Atque
2669 3450 2750 3511 ita
2787 3462 2980 3512 totum
3020 3450 3336 3512 creationis

433 3550 585 3609 opus
619 3532 877 3592 absoluit
916 3543 1149 3591 creator
1186 3532 1327 3610 Opt.
1367 3534 1528 3591 Max.
1569 3531 1733 3608 quod
1774 3544 1924 3593 sicut
1964 3536 2002 3591 a
2041 3548 2274 3592 summo
2315 3535 2478 3593 bono
2520 3532 2575 3591 δι
2607 3532 3030 3608 perfectissimo
3051 3542 3184 3591 ente
3204 3549 3336 3607 pro·

433 3612 654 3672 fectum
693 3622 813 3688 est,
846 3610 927 3671 ita
946 3629 1068 3670 non
1088 3621 1281 3687 potest
1300 3630 1419 3670 non
1444 3630 1571 3671 esse
1590 3615 1818 3672 summe
1842 3612 2094 3689 bonum,
2116 3610 2508 3688 omnibusque
2527 3610 2786 3671 numeris
2806 3610 3335 3671 absolutissimum:

432 3692 487 3750 δι
526 3690 821 3751 Creatoris
860 3689 949 3750 sui
987 3690 1271 3767 omnipot.
1315 3690 1685 3769 sapientiam,
1726 3690 2050 3751 bonitatem
2091 3693 2146 3752 δι
2187 3690 2608 3770 perfectionem
2647 3692 2980 3751 declamare
3013 3692 3070 3767 (f
3101 3692 3296 3766 1635).

1140 4040 1304 4098 XVI.
1387 4040 1518 4099 DE
1580 4038 2204 4100 CREATIONE
2262 4040 2629 4099 MVNDI.

539 4214 765 4299 Opera
832 4218 969 4281 Dei
1026 4218 1228 4282 duum
1291 4229 1450 4282 sunt
1499 4240 1855 4301 generum:
1902 4228 2026 4282 aut
2083 4218 2258 4282 enim
2307 4229 2384 4284 vt
2428 4220 2730 4293 interna,
2778 4226 2902 4280 aut
2943 4225 3020 4279 vt
3063 4226 3341 4280 externa

436 4306 986 4373 considerantur.-
1034 4310 1303 4373 interna
1354 4310 1425 4373 in
1468 4310 1619 4392 ipsa
1675 4310 1811 4373 Dei
1852 4310 2141 4373 essentia
2187 4320 2343 4373 ante
2389 4311 2568 4373 iacta
2605 4308 2840 4373 mundi
2853 4307 3303 4461 ᾓιηῖᾆητεηία
3323 4354 3338 4381 ,

1864 4418 1939 4457 20
2961 4400 2990 4463 i
3096 4402 3344 4460 'cantur
