3923 4875
1385 354 1713 398 rnnsirs
1773 354 2424 402 rnnotocrcaz.
3221 361 3327 420 175

417 529 698 594 strantur,
740 531 923 575 vnum
960 533 1072 593 pro
1116 515 1234 576 alio
1277 513 1467 593 eligit,
1507 525 1609 574 aut
1648 532 1859 594 vnum,
1900 519 1955 576 δι
1997 514 2154 576 idem
2193 518 2257 591 (f.
2307 519 2500 592 1653.)
2519 534 2630 593 pro
2654 515 2895 577 arbitrio
2919 518 3014 576 vel
3033 529 3334 598 acceptat,

422 597 650 659 ratione
690 595 862 656 boni:
904 596 1001 654 vel
1043 594 1293 674 respuit,
1334 594 1565 658 ratione
1610 596 1770 656 mali.

506 681 594 739 18.
673 681 741 736 In
797 677 913 736 hac
969 675 1312 736 definitione
1364 675 1475 735 tria
1528 677 1703 735 nobis
1744 675 2140 736 examinanda
2178 675 2450 736 veniunt:
2495 673 2824 736 subiectum
2862 675 3032 736 liberi
3075 676 3299 752 arbitrij
3318 723 3335 756 ,

420 757 755 835 obiectum,
811 758 866 816 δι
908 766 1101 816 aetus:
1144 758 1358 817 horum
1400 756 1559 815 enim
1600 755 1912 833 explicatio
1952 756 2032 816 ad
2071 757 2440 832 sequentium
2482 755 2920 834 intelligentiam
2959 775 3084 817 non
3125 775 3334 835 parum

418 840 707 899 conferet.

506 939 595 998 19.
675 915 1017 978 Subiectum
1060 915 1236 994 igitur
1275 916 1493 992 duplex
1534 925 1652 992 est,
1691 933 1875 976 vnum
1916 916 2127 994 totale,
2167 917 2415 976 alterum
2457 915 2718 994 partiale.
2760 917 2974 976 Totale
3002 916 3334 978 subiectum

419 1011 509 1059 est
548 1001 644 1058 vel
683 998 1037 1073 increatum,
1079 1005 1143 1054 vt
1182 996 1379 1074 Deus,
1418 998 1514 1055 vel
1554 1005 1849 1072 creatum,
1892 1007 1956 1056 vt
1996 995 2244 1074 Angeli,
2285 996 2340 1054 &
2379 995 2680 1074 homineS,
2726 995 2801 1055 de
2822 995 3036 1073 quibus
3057 997 3334 1058 omnibus

418 1097 529 1138 suo
578 1079 734 1138 loc0.
796 1076 1049 1136 Partiale
1102 1081 1243 1136 vere
1286 1084 1374 1135 est
1414 1077 1713 1154 voluntaS,
1756 1094 1877 1135 non
1918 1074 2198 1136 naturalis
2241 1075 2436 1151 (huius
2479 1074 2638 1137 enim
2679 1094 2803 1135 non
2844 1086 2932 1136 est
2971 1077 3333 1156 Arbitrium,

418 1162 554 1219 cum
594 1159 673 1218 ad
712 1167 897 1216 vnum
937 1157 1165 1215 tantum
1206 1157 1451 1233 feratur)
1492 1156 1598 1216 sed
1640 1156 1926 1235 discreta,
1969 1155 2106 1216 ideo
2127 1155 2212 1215 sic
2235 1155 2395 1216 dicta
2414 1176 2488 1216 ex
2509 1155 2814 1216 communi
2835 1157 3334 1217 Scholasticorum

418 1257 553 1315 vsu,
595 1237 761 1315 quod
800 1255 871 1296 ex
911 1234 1265 1296 discretione
1306 1238 1395 1309 (vt
1433 1234 1515 1294 ita
1554 1237 1783 1312 loquar)
1826 1240 1881 1296 δι
1921 1234 2344 1297 diiudicatione
2381 1237 2714 1296 intellectus
2752 1245 2907 1314 agat.

505 1338 598 1378 20.
678 1319 787 1376 Illa
825 1325 1021 1375 autem
1061 1315 1112 1375 si
1148 1318 1186 1374 a
1226 1313 1525 1393 principiis
1566 1315 1880 1394 ordinatiS,
1922 1335 2029 1394 per
2070 1315 2268 1375 media
2309 1314 2604 1395 ordinata,
2646 1316 2725 1376 ad
2767 1316 2948 1376 finem
2969 1315 3334 1396 ordinatum,

419 1397 695 1460 ordinato
737 1397 923 1456 modo
964 1405 1303 1474 moueatur,
1340 1397 1615 1455 voluntas
1656 1399 2032 1475 προαιρετική
2073 1395 2316 1455 dicitur:
2357 1396 2406 1456 si
2444 1401 2588 1456 vero
2632 1395 2967 1456 inconsulto
3017 1416 3090 1456 ac
3113 1402 3334 1457 temere

418 1497 526 1558 per
563 1476 943 1556 particulares
984 1493 1191 1536 causas
1230 1495 1295 1536 se
1336 1475 1487 1536 sinat
1526 1475 1718 1554 abripi
1759 1479 1849 1551 (vt
1890 1474 2231 1552 saepissime
2271 1475 2529 1554 aegrotis
2549 1475 2800 1554 accidit,
2842 1475 2944 1553 qui
2964 1476 3334 1554 praeingrau-

419 1567 657 1620 escente
708 1557 923 1617 morbo
976 1557 1186 1616 volunt
1239 1556 1405 1633 quod
1452 1555 1731 1634 prohibet
1782 1554 2072 1630 medicus)
2127 1556 2399 1616 voluntas
2439 1575 2546 1635 per
2585 1572 2822 1616 causam
2839 1600 2856 1634 ,
2897 1573 2998 1616 seu
3041 1576 3114 1617 ex
3153 1557 3330 1618 causa

420 1658 456 1699 a
572 1639 763 1698 llatur.

454 1657 597 1779 Ρξξ.
677 1717 997 1779 Obiectum
1051 1724 1245 1776 autem
1297 1714 1471 1776 liberi
1523 1713 1772 1794 arbitrii,
1825 1714 1875 1774 si
1920 1718 2194 1794 generale
2250 1715 2546 1794 quaeritur
2560 1761 2577 1796 ,
2618 1721 2655 1777 a
2696 1715 2870 1776 nobis
2909 1733 3087 1794 supra
3126 1717 3233 1777 fuit
3271 1716 3332 1777 in

421 1797 763 1859 definitione
817 1796 1191 1875 adsignatum
1210 1841 1229 1875 ,
1282 1798 1423 1857 ciim
1462 1797 1717 1857 liberum
1756 1794 2062 1857 arbitrium
2102 1795 2164 1855 in
2207 1813 2446 1888 eorum,
2488 1814 2643 1874 quae
2683 1797 3117 1857 consultatione
3157 1799 3304 1857 fiunt
3317 1843 3335 1875 ,

421 1877 713 1940 electione
751 1877 1010 1956 positum
1045 1895 1174 1938 esse
1215 1876 1563 1938 diceremus,
1601 1877 1691 1937 Ea
1730 1886 1928 1936 autem
1971 1887 2110 1936 sunt
2149 1879 2244 1936 vel
2283 1878 2507 1957 media,
2545 1879 2641 1938 vel
2682 1879 2850 1941 fines,
2889 1879 3114 1937 Verum
3156 1878 3233 1939 de
3272 1879 3334 1936 fi-

420 1959 595 2020 nibus
608 2005 625 2038 ,
667 1957 807 2035 quia
844 1961 979 2018 raro
1018 1958 1273 2018 habetur
1310 1955 1656 2018 deliberatio
1672 2003 1686 2030 ,
1728 1961 1863 2016 rare
1905 1954 2084 2017 etiam
2126 1966 2214 2016 est
2250 1957 2574 2020 arbitrium.

505 2058 596 2100 22.
678 2038 741 2099 Si
794 2042 936 2099 vero
987 2038 1065 2099 de
1114 2036 1355 2099 obiecto
1396 2036 1637 2114 speciali
1675 2036 1941 2114 quaestio
1984 2047 2098 2114 est,
2141 2035 2285 2096 illud
2325 2037 2598 2114 ponimus
2637 2037 2698 2097 in
2739 2035 2956 2115 triplici
2995 2037 3341 2098 differentia.

425 2118 729 2198 Quicquid
777 2118 937 2178 enim
988 2119 1099 2179 sub
1154 2116 1467 2178 discretam
1526 2118 1894 2177 voluntatem
1950 2115 2111 2177 cadit
2125 2161 2142 2192 ,
2196 2125 2296 2176 aut
2351 2128 2439 2177 est
2485 2120 2742 2196 bonum,
2804 2129 2904 2178 aut
2947 2120 3200 2197 malum,
3241 2127 3342 2178 aut

423 2199 746 2279 ἀδιαφορόν
788 2199 1019 2259 Eadem
1058 2207 1255 2259 autem
1294 2207 1383 2258 est
1422 2197 1569 2257 ratio
1612 2195 1963 2274 voluntatiS,
2005 2198 2060 2255 &
2099 2195 2222 2256 eius
2261 2194 2506 2272 arbitrii.

505 2297 599 2353 23.
678 2281 867 2340 Actus
917 2277 1089 2338 liberi
1137 2276 1359 2354 arbitr-ij
1409 2276 1713 2356 proprius,
1756 2286 1844 2337 est
1884 2277 2119 2336 electio:
2173 2277 2280 2337 sed
2321 2296 2392 2336 ea
2433 2276 2666 2337 duobus
2708 2277 2901 2337 modis
2943 2277 3068 2338 fieri
3109 2289 3340 2358 potest,

424 2358 521 2417 vel
572 2356 877 2436 seligendo
930 2375 1111 2418 vnum
1164 2377 1238 2417 ex
1277 2358 1513 2418 duobus
1527 2402 1545 2436 ,
1584 2356 1681 2418 vel
1718 2357 1985 2434 pluribus
2025 2355 2312 2435 oppositis
2327 2401 2344 2435 ,
2387 2373 2539 2433 quae
2579 2357 2697 2416 dici
2729 2359 2880 2418 solet
2917 2357 3157 2418 libertas
3201 2378 3340 2420 con-

422 2437 756 2501 trarietatis:
816 2440 913 2499 vel
968 2456 1089 2499 vno
1149 2440 1375 2499 tantum
1416 2436 1753 2516 proposit0,
1794 2435 1939 2497 illud
1978 2436 2374 2515 acceptando,
2416 2450 2516 2497 aut
2556 2435 2875 2499 reiiciendo
2891 2483 2910 2517 ,
2953 2441 3007 2498 δε
3053 2440 3202 2500 haec
3246 2451 3337 2501 est

423 2518 666 2580 libertas
705 2518 1207 2579 contradictionis,
1246 2521 1578 2597 Vtrumque
1616 2518 1861 2578 modum
1900 2514 1961 2575 in
2001 2518 2154 2577 thesi
2201 2537 2224 2575 1
2238 2534 2292 2593 7.
2333 2517 2744 2595 expressimus.

508 2618 601 2672 24.
676 2601 984 2660 Hactenus
1024 2599 1100 2660 de
1140 2597 1485 2660 definitione
1521 2597 1692 2659 liberi
1731 2596 1949 2673 arbitrij
1967 2642 1984 2675 ,
2025 2598 2080 2656 &
2123 2598 2387 2675 partibus
2428 2596 2570 2659 eius,
2611 2598 2786 2658 Nunc
2827 2608 3021 2659 vtrum
3063 2598 3341 2659 omnibus

426 2678 620 2739 totalis
660 2679 909 2741 subiecti
945 2678 1257 2757 speciebus
1298 2683 1475 2756 supra
1514 2676 1865 2739 enumeratis
1904 2696 1978 2736 ex
2017 2695 2210 2754 aequo
2253 2678 2570 2737 conueniat
2607 2682 2708 2749 (ea
2748 2678 2907 2740 enim
2947 2678 3023 2739 de
3062 2698 3127 2740 re
3145 2680 3207 2739 in
3226 2681 3340 2739 hac

426 2758 768 2837 quaestione
807 2759 1061 2820 maxime
1100 2759 1585 2833 controuertitur)
1625 2758 1952 2819 videndum
1995 2766 2102 2817 est.
2143 2759 2238 2817 De
2278 2757 2519 2837 singulis
2537 2758 2713 2835 igitur
2733 2758 3026 2837 sigillatim
3049 2759 3341 2839 dicemus,

426 2842 463 2897 a
503 2841 634 2899 Deo
675 2857 908 2900 summo
948 2840 1050 2899 illo
1090 2842 1146 2901 δι
1184 2838 1500 2899 vniuersali
1538 2837 1805 2899 omnium
1847 2855 2042 2897 rerum
2083 2836 2376 2916 principio
2413 2838 2776 2915 incipientes

512 2935 603 2996 25.
685 2921 881 2980 Deum
934 2939 1064 2981 esse
1113 2918 1482 2979 liberrimum
1533 2919 1610 2979 ab
1666 2916 1941 2979 omnibus
1997 2936 2108 2995 pro
2148 2920 2425 2978 confesso
2465 2919 2747 2998 habetur,
2787 2917 3002 2995 quibus
3043 2920 3239 2979 adhuc
3281 2918 3341 2979 in

429 3008 675 3077 pectore
712 2999 929 3061 residet
969 2998 1177 3077 aliquis
1216 2998 1532 3060 diuinitatis
1571 3015 1805 3061 sensus:
1846 2997 2182 3057 libertatem
2223 2996 2381 3058 enim
2421 3000 2555 3058 Deo
2597 3000 2931 3078 detrahere,
2958 2999 3207 3077 perinde
3229 3010 3344 3076 est,

426 3097 499 3137 ac
537 3080 735 3139 Deum
772 3099 1016 3158 negare,
1058 3082 1193 3139 cum
1232 3079 1352 3139 hoc
1391 3095 1574 3140 vnum
1614 3078 1687 3141 sit
1727 3097 1800 3138 ex
1820 3076 2149 3155 praecipuis
2169 3076 2294 3138 eius
2313 3077 2604 3138 attributis
2621 3124 2638 3157 ,
2658 3094 2915 3155 quorum
2936 3098 3010 3139 ne
3031 3078 3342 3139 minimum

430 3156 673 3235 quidem
713 3161 802 3236 (vt
841 3160 921 3219 ita
960 3162 1299 3237 loquamur)
1339 3161 1417 3219 ab
1456 3178 1532 3220 eo
1570 3158 1700 3218 tolli
1740 3168 1970 3235 potest,
2009 3157 2151 3235 quin
2173 3168 2299 3219 tota
2318 3157 2603 3219 continue
2627 3161 2867 3218 tollatur
2887 3159 3035 3219 ratio
3054 3158 3306 3219 Deitatis
3322 3204 3340 3237 ,

430 3240 578 3298 haec
616 3249 816 3299 autem
855 3241 1095 3301 libertas
1133 3239 1194 3299 in
1234 3242 1369 3299 Deo
1412 3250 1499 3299 est
1537 3237 1841 3317 bipartita,
1881 3248 2062 3318 prout
2101 3237 2440 3316 bipartitam
2481 3237 2606 3298 eius
2649 3238 2995 3299 relationem
3016 3237 3183 3300 initio
3206 3237 3342 3299 feci-

432 3335 592 3397 mus,
646 3320 723 3379 ad
776 3319 1093 3381 voluntatis
1130 3318 1407 3380 nimirum
1447 3317 1980 3397 apprehensionem
1994 3362 2013 3398 ,
2055 3319 2110 3377 &
2151 3320 2230 3378 ad
2270 3318 2356 3379 rei
2394 3322 2432 3377 a
2472 3320 2776 3379 voluntate
2814 3320 3215 3396 apprehensae
3229 3366 3247 3399 ,
3287 3320 3343 3378 &

431 3400 750 3476 imperatae
792 3401 1214 3461 executionem.
3239 3437 3242 3441 -

516 3480 607 3538 26.
690 3480 1029 3542 Secundum
1068 3479 1327 3571 priorem
1368 3489 1701 3557 respectum
1738 3478 1836 3551 (de
1876 3495 1997 3555 quo
2041 3476 2356 3556 praecipue
2374 3478 2435 3538 in
2455 3480 2569 3538 hac
2589 3476 2933 3555 quaestione
2955 3478 3344 3556 disputamus)

428 3557 669 3619 libertas
723 3562 859 3622 Deo
906 3560 1213 3640 tribuitur,
1262 3559 1370 3620 sed
1410 3578 1535 3619 non
1575 3558 1845 3619 vniuerse
1861 3603 1879 3637 ,
1921 3558 1972 3620 si
2010 3558 2086 3619 de
2127 3558 2398 3619 libertate
2437 3562 2476 3618 a
2514 3558 2862 3619 necessitate
2902 3558 3142 3636 proprie
3183 3557 3346 3617 dicta

432 3638 805 3717 intelligatur.
848 3642 986 3717 Qua
1024 3650 1221 3701 autem
1257 3640 1485 3701 ratione
1523 3639 1587 3699 id
1624 3640 1755 3718 fiat,
1796 3659 1869 3699 ex
1909 3638 2284 3699 obiectorum
2324 3637 2667 3717 specialium
2704 3637 2876 3698 liberi
2915 3638 3167 3715 arbitrij,
3197 3638 3344 3697 boni

433 3716 654 3780 scilicet
667 3765 684 3799 ,
723 3721 779 3779 δι
825 3720 965 3780 mali
1003 3722 1166 3796 (nam
1206 3721 1283 3781 de
1318 3718 1657 3797 adiaphoris
1694 3738 1787 3779 res
1826 3722 2006 3796 plana
2043 3721 2154 3794 est)
2197 3718 2601 3797 distinctione,
2639 3718 2864 3795 liquido
2900 3718 3140 3795 patebit.

518 3816 613 3875 ²7·
689 3802 799 3859 Illa
851 3809 1048 3859 autem
1091 3801 1187 3862 vel
1226 3799 1403 3863 vnico
1443 3810 1579 3860 actu
1594 3844 1612 3878 ,
1650 3800 1879 3876 sibique
1918 3796 2175 3859 inuicem
2215 3796 2517 3877 opposita:
2558 3800 2655 3857 vel
2693 3797 3008 3875 separatim
3023 3842 3038 3869 ,
3080 3800 3135 3857 δι
3172 3798 3344 3857 abso-

432 3880 553 3939 lute
592 3878 652 3938 in
690 3899 755 3940 se
796 3880 1194 3958 considerata,
1234 3880 1523 3940 voluntati
1559 3889 1989 3957 proponuntur.
2030 3878 2093 3939 Si
2132 3878 2311 3957 priori
2348 3879 2532 3939 modo
2547 3924 2564 3957 ,
2585 3880 2750 3938 Deus
2770 3877 2848 3937 ad
2868 3896 2940 3937 ea
2959 3876 3344 3938 determinate

434 3977 497 4019 se
538 3960 747 4036 habet,
790 3957 845 4020 81
882 3960 1241 4038 necessario,
1285 3979 1396 4019 nec
1437 3968 1634 4037 potest
1670 3960 1732 4018 in
1770 3959 2050 4019 vtramuis
2097 3968 2326 4035 partem
2365 3956 2667 4018 inclinare.
2717 3958 2778 4017 Si
2814 3962 2958 4017 vere
3001 3956 3349 4037 posteriori,

432 4039 643 4099 iterum
683 4040 1161 4119 distinguendum
1202 4048 1307 4099 est:
1350 4040 1429 4099 ad
1467 4042 1689 4099 malum
1730 4038 1886 4099 enim
1930 4036 2093 4098 nulla
2132 4037 2604 4099 consideratione
2643 4036 2791 4096 liber
2833 4056 2959 4097 esse
2989 4048 3215 4117 potest,
3237 4038 3348 4098 nisi

430 4122 468 4177 a
506 4119 847 4199 coactione,
889 4131 1176 4198 quatenus
1216 4138 1430 4198 nempe
1469 4120 1614 4179 illud
1655 4118 1841 4179 libera
1878 4120 2180 4179 voluntate
2218 4118 2568 4195 detestatur,
2595 4135 2719 4177 non
2740 4117 2950 4196 inuita,
2976 4116 3059 4177 ita
3078 4119 3348 4195 exigente

431 4209 673 4260 naturae
722 4218 861 4261 suae
898 4200 1273 4278 conditione,
1322 4198 1419 4260 cui
1456 4202 1679 4259 malum
1717 4200 1884 4259 bono
1923 4208 2283 4275 anteponere
2323 4197 2568 4257 omnino
2607 4201 2916 4275 repugnat.
2975 4198 3077 4257 Ad
3116 4199 3342 4258 bonum

432 4290 626 4340 autem
690 4291 779 4341 est
839 4280 1167 4341 liberrimus
1181 4327 1199 4360 ,
1264 4280 1387 4341 siue
1442 4280 1772 4341 libertatem
1831 4277 2314 4339 contradictionis
2375 4287 2606 4357 spectes
2621 4323 2639 4356 ,
2713 4277 2838 4337 siue
2896 4278 3345 4339 contrarietatis

434 4360 636 4421 Potest
685 4360 843 4421 enim
878 4362 973 4423 vel
1011 4362 1225 4441 eligere
1265 4363 1361 4423 vel
1398 4378 1523 4422 non
1562 4359 1777 4439 eligere
1792 4403 1811 4438 ,
1852 4356 1905 4419 si
1939 4358 2178 4419 vnicum
2218 4356 2322 4419 sit:
2365 4358 2413 4420 si
2455 4361 2596 4419 vero
2640 4361 2809 4435 plura
2823 4404 2840 4437 ,
2882 4358 3004 4498 181oe
3002 4360 3137 4499 S:gel
3175 4358 3342 4497 iitigd.

2848 4458 2878 4496 2
2926 4484 2942 4499 .
3079 4454 3196 4497 cun
3283 4458 3342 4496 m
