3923 4875
34 886 83 1343 Hffsswssfflm
36 722 81 846 unz-n
34 641 74 681 z:
34 473 67 599 own
36 394 65 434 ιι
34 229 70 352 ..ιι
34 0 65 186 ...η-μ

34 1391 45 1428 νύ

444 0 718 40 sentaret.

523 59 724 137 Atque
764 61 876 118 hae
916 56 1157 136 quidem
1196 55 1732 118 administrationes
1772 56 1832 118 in
1874 77 1944 118 ea
1983 57 2249 119 Ecclesia
2291 61 2327 116 a
2348 60 2481 118 Deo
2503 58 2858 120 constitutae
2881 71 3048 139 sunt,
3090 71 3154 120 vt
3173 63 3366 121 forma

443 151 687 200 externa
728 137 1029 199 Ecclesiae
1069 136 1464 198 conueniente
1502 138 1714 199 ordine
1755 148 2117 198 seruaretur:
2179 156 2297 217 qua
2338 141 2531 199 forma
2567 138 2779 217 singuli
2815 142 2892 200 ad
2935 141 3362 201 conscientiam

445 221 500 280 δι
548 217 967 298 probationem
1009 217 1306 296 internae,
1357 236 1537 295 quam
1591 217 1883 297 principio
1939 216 2314 293 dicebamuS,
2358 219 2527 296 quasi
2567 220 2924 281 ducerentur
2964 239 3162 281 manu.
3247 222 3365 283 Sed

445 299 585 376 quia
646 305 735 377 (vt
792 299 936 360 olim
995 297 1235 360 dicebat
1293 299 1749 360 Iurisconsultus
1809 298 2077 376 quidam)
2126 317 2336 377 parum
2378 309 2467 360 est
2507 299 2556 361 si
2596 301 2686 361 ius
2726 299 2786 360 in
2829 300 3064 362 ciuitate
3105 301 3208 381 sit,
3253 301 3364 362 nisi

444 380 562 441 sint
619 379 724 457 qui
784 379 983 440 dicere
1042 379 1299 457 possint3
1370 378 1453 438 ita
1511 378 1689 440 etiam
1731 398 1823 440 res
1863 397 1927 440 se
1968 379 2028 440 in
2071 379 2341 440 Ecclesia
2381 381 2589 461 habet3
2651 398 2762 459 age
2803 382 2879 442 de
2916 382 3264 444 custodibus
3306 384 3361 443 δι

445 460 816 521 curatoribus
856 458 994 520 iuris
1037 459 1201 520 istius
1243 458 1569 520 videamus.

528 541 827 602 Custodes
865 540 1041 620 igitur
1077 539 1218 600 iuris
1259 541 1315 601 &
1358 539 1583 599 ordinis
1622 539 1841 617 sancti,
1882 558 2062 618 quem
2105 542 2223 600 hoc
2264 542 2401 601 loco
2446 541 2713 602 Ecclesia
2757 542 3154 621 praedicauit,
3200 562 3363 604 corn·

445 622 609 681 muni
668 620 1064 699 appellatione
1105 620 1412 698 significati
1454 633 1589 681 sunt
1630 623 1843 682 domus
1886 622 1979 681 vel
2023 619 2276 680 familiae
2317 621 2601 682 Dauidis:
2646 624 3162 700 quemadmodum
3208 626 3367 703 apud

445 702 769 794 Prophetas
807 701 1023 780 passim
1064 700 1333 762 videmus
1374 720 1447 761 eo
1489 701 1730 763 nomine
1771 703 1925 761 hanc
1967 702 2216 761 domum
2257 701 2580 780 celebrari,
2623 704 2679 762 &
2721 709 2931 764 contra
2954 724 3092 783 prae
3118 704 3366 766 caeteris

443 780 679 842 famssiis
742 781 802 841 in
864 784 1089 860 populo
1152 781 1269 842 Dei
1326 781 1708 858 reprehendi,
1771 783 1820 842 si
1878 782 2122 860 quando
2184 781 2338 841 iusta
2381 783 2529 842 ratio
2571 783 2794 844 ordinis
2834 789 2871 845 a
2913 788 3045 845 Deo
3090 784 3367 864 imperati

443 862 682 938 publice
723 863 1137 940 negligeretur.
1178 861 1375 923 Huius
1415 872 1614 922 autern
1653 863 1957 923 custodiae
1998 881 2070 921 ac
2108 862 2539 940 procurationis
2581 866 2797 925 modus
2836 865 2896 924 in
2918 867 3009 926 his
3031 868 3365 944 Prophetae

443 940 642 1003 verbis
698 944 918 1022 duplex
966 943 1382 1022 intelligendus
1430 951 1538 1002 est.
1600 943 1756 1003 Nam
1796 945 1914 1020 qua
1954 941 2151 1002 Dauid
2193 942 2521 1003 secundum
2564 945 2889 1004 humanum
2928 946 3202 1007 ordinem
3257 945 3365 1008 fuit

445 1032 737 1100 potestate
791 1022 1123 1102 praeditus,
1178 1023 1393 1083 modus
1434 1023 1737 1083 custodiae
1777 1025 2072 1083 humanus
2113 1031 2234 1082 est:
2279 1026 2398 1100 qua
2437 1034 2634 1084 autem
2677 1026 2783 1085 fuit
2814 1036 2989 1103 typus
3030 1027 3252 1088 Christi
3291 1047 3365 1088 ex

445 1101 649 1163 diuina
698 1102 1096 1181 institutione,
1146 1103 1381 1164 diuinus
1436 1104 1684 1179 moduS,
1739 1102 1904 1164 cuius
1956 1102 2015 1162 in
2071 1101 2309 1163 Christo
2363 1104 2419 1164 &
2468 1107 2506 1164 a
2555 1105 2795 1165 Christo
2840 1110 3368 1169 consummabatur

444 1182 681 1244 veritas.
745 1183 1012 1245 Humani
1070 1183 1223 1244 illius
1274 1182 1444 1244 modi
1477 1193 1656 1260 caput
1697 1183 1806 1244 fuit
1844 1183 2075 1262 Dauid3
2115 1186 2170 1243 δι
2210 1183 2547 1262 quicunque
2587 1185 2664 1246 ad
2709 1187 2988 1247 familiam
3024 1189 3147 1249 eius
3192 1188 3365 1267 perti-

445 1274 731 1342 nuerunt,
783 1263 821 1341 ij
874 1265 1168 1344 quaedam
1229 1263 1411 1325 veluti
1451 1266 1722 1324 membra
1762 1264 2105 1344 extiterunt3
2147 1281 2284 1323 cum
2325 1281 2560 1325 summo
2603 1264 2706 1326 illo
2748 1267 2940 1346 capite
2980 1269 3059 1329 ad
3098 1268 3367 1347 corporis

443 1345 628 1405 totius
688 1346 744 1406 δι
804 1343 1031 1405 ordinis
1089 1346 1149 1407 in
1206 1362 1461 1423 corpore
1514 1343 2030 1405 conseruationem
2091 1343 2491 1422 conspirantia
2532 1347 2860 1407 secundum
2902 1351 3119 1410 Deum.
3164 1350 3367 1411 Diuini

445 1434 644 1486 autem
706 1425 871 1486 modi
925 1436 1107 1504 caput
1165 1425 1403 1485 vnicum
1466 1427 1522 1485 &
1582 1423 1952 1486 immutabile
2016 1425 2284 1486 Christus
2327 1438 2451 1487 est:
2492 1426 2593 1505 qui
2638 1427 2962 1492 ministerio
3003 1450 3126 1491 non
3172 1433 3365 1491 solum

445 1505 773 1568 sacerdotis
792 1507 1026 1585 summi,
1046 1518 1146 1566 aut
1167 1506 1466 1567 seniorum
1488 1525 1560 1566 ex
1580 1507 2005 1579 sacerdotibus,
2028 1516 2129 1565 aut
2149 1507 2524 1567 sacerdotum
2545 1507 2808 1586 ipsorum
2832 1522 3008 1587 atque
3028 1511 3366 1573 Leuitarum

444 1606 517 1647 ex
557 1585 796 1663 ordine,
823 1586 1203 1647 verumetiam
1227 1587 1657 1664 Prophetarum
1678 1597 1841 1646 extra
1861 1585 2162 1664 ordinem,
2194 1587 2661 1666 quotiescunque
2680 1589 2869 1650 visum
2893 1603 3072 1666 esset,
3096 1597 3366 1655 vtebatur

445 1669 523 1730 ad
560 1667 681 1727 hoc
723 1684 895 1728 suum
936 1685 1088 1745 opus
1120 1666 1179 1727 in
1216 1667 1484 1728 Ecclesia
1518 1685 1623 1726 sua
1643 1668 2141 1744 promouendum.
2164 1687 2237 1727 ex
2257 1685 2377 1744 quo
2401 1670 2606 1739 fiebat,
2652 1680 2717 1728 vt
2735 1669 2796 1729 hi
2818 1671 3060 1748 quidem
3083 1674 3363 1753 singulari

444 1767 551 1810 sua
588 1747 904 1810 vocatione
942 1748 1005 1809 in
1044 1747 1367 1810 ministerio
1409 1766 1518 1808 suo
1560 1765 1804 1824 operam
1846 1759 2295 1824 consumerent3
2345 1746 2427 1809 illi
2468 1753 2646 1829 vero,
2689 1752 2884 1811 Dauid
2922 1752 3162 1830 inquam
3187 1759 3241 1816 δι
3263 1755 3365 1834 qui

444 1849 517 1890 ex
556 1828 773 1891 familia
816 1829 942 1890 eius
964 1875 981 1907 ,
1019 1840 1294 1907 vrgerent
1335 1827 1717 1889 ministerium
1756 1828 1931 1899 illud,
1979 1830 2034 1887 δι
2067 1828 2335 1890 ordinem
2372 1831 2695 1891 humanum
2716 1848 2887 1892 suum
2908 1832 2966 1892 in
2991 1837 3364 1912 procurando

443 1928 639 1972 rerum
683 1927 980 1970 sacrarum
1022 1908 1233 1970 ordine
1275 1907 1547 1986 religiose
1584 1919 1965 1986 occuparent.
2009 1908 2105 1970 Sic
2149 1909 2414 1971 videmus
2449 1913 2769 1972 Psalmosa
2792 1912 3024 1974 Dauide
3055 1915 3230 1977 fuisse
3253 1918 3366 1978 Ec·

443 1991 655 2052 clesiae
694 1990 896 2068 datosr,
938 1990 993 2049 δι
1036 1990 1274 2051 ordines
1318 1987 1617 2065 ministerij
1642 1987 1822 2066 sacri,
1865 1989 2135 2051 adhibito
2155 1990 2586 2068 Prophetarum
2608 2006 2948 2053 sanctorum
2971 1996 3082 2056 Dei
3101 1995 3365 2058 virorum

442 2072 726 2150 consiliO,
765 2070 1147 2132 distributos:
1190 2081 1255 2131 vt
1287 2069 1518 2130 disertis
1557 2067 1752 2130 verbis
1791 2078 2001 2130 auctor
2020 2070 2154 2132 libri
2176 2071 2613 2134 Chronicorum
2635 2073 2948 2151 aliquoties
2971 2077 3364 2140 confirmauit.

517 2153 730 2214 Restat
766 2153 935 2212 locus
975 2152 1210 2229 ἵει-τίεις,
1252 2151 1330 2212 de
1370 2147 1770 2210 stabilimento
1812 2147 1978 2210 istius
2019 2151 2282 2212 ordinis:
2323 2155 2490 2230 quod
2514 2156 2814 2231 Propheta
2834 2154 3027 2216 innuit
3048 2158 3363 2236 perpaucis

439 2234 668 2309 verbiS,
728 2233 935 2293 dicens
995 2233 1146 2293 haec
1192 2234 1355 2309 solia
1406 2232 1527 2290 illic
1584 2230 1896 2289 considere.
1960 2232 2121 2308 prins
2162 2231 2437 2311 quidem,
2479 2233 2580 2294 vbi
2623 2235 2699 2294 de
2741 2234 3015 2297 fidelibus
3059 2238 3362 2300 Ecclesiae

439 2311 719 2374 membris
759 2324 958 2373 actum
999 2323 1117 2388 est,
1158 2311 1305 2372 dixit
1344 2310 1529 2370 tribus
1570 2309 1895 2369 ascendere
1933 2309 2073 2372 illuc
2113 2315 2191 2374 ad
2235 2313 2640 2374 testimonium
2679 2316 2976 2376 Iehouae:
3019 2335 3180 2378 nunc
3218 2323 3362 2380 vero

438 2412 621 2472 agens
679 2391 755 2453 de
805 2390 1010 2456 diuino
1053 2393 1292 2469 ordine,
1335 2400 1435 2451 aut
1475 2389 1654 2452 rebus
1695 2388 1912 2451 diuinis
1954 2391 2354 2473 ministrante,
2394 2394 2497 2472 qui
2538 2394 2653 2455 Dei
2695 2394 3045 2458 auctoritate
3067 2396 3363 2462 institutus

441 2484 529 2534 est
582 2472 641 2534 in
684 2473 951 2535 Ecclesia
992 2473 1143 2552 eiuS,
1206 2472 1351 2534 dicit
1406 2472 1706 2549 Propheta
1748 2469 1809 2531 in
1852 2473 1990 2533 loco
2032 2475 2360 2536 considere.
2401 2477 2474 2536 Id
2515 2485 2714 2536 autern
2756 2476 3087 2555 significare
3130 2480 3363 2542 videtur

439 2555 662 2615 Psaltes
701 2553 1053 2615 considendi
1092 2555 1309 2630 verb0,
1351 2553 1548 2612 Deum
1590 2560 1897 2611 auctorem
1942 2552 2107 2614 istius
2155 2554 2380 2617 ordinis
2420 2555 2482 2615 in
2529 2556 2797 2617 Ecclesia
2841 2576 2977 2635 sua,
3019 2569 3147 2619 tum
3189 2560 3362 2622 stabi—

439 2633 637 2696 liuisse
700 2632 974 2694 ordinem
1034 2633 1229 2712 illum,
1294 2645 1421 2694 tum
1481 2632 1622 2690 vero
1681 2630 1946 2692 actiones
2002 2632 2154 2695 illius
2210 2633 2432 2695 ordinis
2474 2636 2808 2713 praesentia
2846 2654 2952 2698 sua
2994 2638 3273 2702 direxisse
3307 2642 3363 2701 ὅτ

439 2713 763 2775 firmauisse
803 2715 881 2774 ad
915 2714 1164 2791 gloriam
1207 2730 1392 2774 suam.
1434 2710 1764 2772 Consident
1800 2711 1959 2772 enim
1982 2759 1998 2781 ,
2039 2715 2141 2791 qui
2180 2714 2246 2774 in·
2281 2734 2429 2793 pace
2470 2726 2636 2791 sunt,
2680 2728 2781 2776 aut
2812 2718 2913 2795 qui
2958 2717 3186 2780 immoti
3228 2731 3366 2782 sunt

441 2794 518 2855 ab
571 2794 834 2854 aduersis
886 2794 1099 2854 rebus:
1154 2792 1467 2855 consident
1519 2793 1849 2869 praeterea,
1895 2792 1996 2868 qui
2041 2799 2271 2855 mature
2312 2794 2560 2857 consilia
2598 2796 2841 2874 ineunt,
2881 2807 2945 2856 vt
2990 2799 3144 2860 bene
3189 2803 3366 2864 rebus

439 2875 712 2953 gerendis
756 2875 1015 2951 praesint
1055 2894 1126 2934 ac
1165 2872 1509 2934 salutariter.
1554 2871 1707 2931 cum
1748 2871 1946 2947 itaque
1988 2873 2048 2932 hi
2090 2874 2289 2935 throni
2331 2876 2608 2936 dicuntur
2649 2876 2988 2949 considere,
3031 2880 3244 2957 partim
3287 2883 3364 2942 de

440 2973 589 3032 pace
650 2955 705 3013 δι
768 2955 1148 3015 firmamento
1190 2954 1428 3013 illorum
1470 2950 1775 3029 prouisum
1817 2970 1945 3012 esse
1989 2955 2026 3012 a
2067 2957 2200 3015 Deo
2243 2955 2652 3036 intelligimuS,
2694 2964 3025 3035 partimque
3068 2978 3162 3019 res
3204 2962 3359 3022 iusto

440 3034 651 3095 ordine
692 3032 1062 3110 consilioque
1101 3031 1395 3113 prouisas,
1439 3042 1957 3123 curatasugestas,
1999 3043 2281 3111 tanquam
2304 3035 2721 3114 asapientibus
2741 3037 3099 3100 administris
3123 3040 3358 3102 diuinae

439 3112 759 3176 voluntatis
779 3159 796 3190 ,
841 3113 902 3173 in
945 3131 1201 3193 quorum
1241 3128 1520 3174 consessu
1560 3113 1928 3188 consssioque
1953 3117 2042 3188 (vt
2061 3115 2204 3175 alibi
2225 3114 2369 3176 dicit
2390 3119 2636 3191 Psaltes)
2662 3119 2821 3177 Deus
2851 3119 3184 3195 praefuerit.
3206 3122 3359 3183 Psal.

442 3198 538 3255 82.
602 3215 649 3254 1.
704 3192 1026 3255 Enimuero
1083 3192 1290 3272 quidni
1330 3191 1621 3254 sedissent
1662 3191 1905 3251 sedente
1949 3193 2255 3255 Domino?
2295 3196 2503 3273 quidni
2546 3196 2974 3273 substitissent,
3017 3200 3150 3259 Deo
3193 3220 3359 3262 suam

438 3275 641 3334 sedem
683 3293 754 3333 ac
795 3272 1167 3334 domicilium
1208 3274 1268 3333 in
1312 3292 1385 3333 eo
1441 3273 1579 3331 loco
1621 3269 1948 3332 statuente?
1993 3275 2147 3335 Nam
2192 3276 2290 3335 vbi
2326 3277 2504 3336 tutius
2547 3278 2751 3338 sedeat
2794 3278 3065 3339 Ecclesia
3103 3279 3358 3357 piorum,

440 3358 617 3432 quam
678 3354 740 3414 in
800 3354 941 3413 sede
1000 3355 1056 3413 &
1118 3352 1485 3413 habitatione
1527 3349 1803 3423 Domini,
1865 3353 2281 3415 sanctificantis
2339 3356 2672 3434 praesentia
2711 3375 2817 3417 sua
2859 3359 2915 3417 &
2954 3360 3360 3423 confirmantis

440 3438 662 3495 electos
702 3452 947 3511 omneS,
988 3454 1059 3494 ac
1101 3433 1442 3511 praesertim
1482 3430 1861 3491 administros
1902 3432 2087 3495 suos?
2130 3436 2312 3512 Quod
2352 3438 2400 3496 si
2442 3437 2592 3509 illic,
2637 3456 2759 3497 non
2800 3437 2940 3498 alibi
2962 3440 3192 3516 sedent,
3213 3444 3358 3520 quid

439 3514 614 3575 nobis
652 3531 789 3575 cum
830 3513 930 3573 illa
969 3516 1505 3592 ἀλλοτριοπραγίᾳ,
1564 3528 1717 3588 quae
1758 3522 1878 3571 tam
1921 3517 2245 3575 multorum
2290 3516 2523 3578 infestat
2563 3513 2832 3577 mentes?
2873 3520 3051 3580 Hanc
3085 3521 3357 3598 Spartam

440 3611 714 3655 curemus
763 3592 977 3672 singuli
1028 3610 1207 3672 quam
1260 3591 1418 3651 nacti
1469 3607 1701 3667 sumuS,
1745 3593 1799 3650 δε
1842 3610 2160 3670 sequamur
2204 3597 2447 3677 vestigia
2485 3596 2735 3657 dicentis
2775 3598 2968 3675 Pauli,
3017 3600 3180 3676 Quid
3225 3623 3358 3664 mea

437 3674 679 3736 interest
728 3673 907 3735 etiam
958 3673 1034 3734 de
1088 3671 1379 3732 extraneis
1433 3666 1733 3730 iudicare?
1774 3677 1975 3733 nonne
2016 3676 2094 3735 de
2135 3675 2204 3736 iis
2246 3677 2349 3755 qui
2392 3678 2548 3738 intus
2596 3688 2734 3738 sunt
2772 3698 2882 3739 vos
2922 3679 3237 3743 iudicatis?
3279 3684 3357 3745 de

447 3755 742 3817 extraneis
787 3757 927 3816 vero
966 3754 1131 3814 Deus
1171 3750 1413 3812 iudicat.
1461 3770 1513 3812 1.
1555 3750 1698 3812 Cor.
1741 3751 1796 3809 6.
1848 3770 1938 3811 η.
1989 3772 2079 3831 13.

3108 3838 3350 3904 Overo
