3923 4875
1406 341 1508 386 nr.
1566 341 1790 385 vana
1848 339 2385 386 Τιιιιοιοιιιιι.
3033 385 3042 392 ,
3279 342 3352 405 95

450 511 697 564 testatur
730 501 1223 582 luculentissime,
1262 506 1317 563 δι
1357 521 1565 563 omnes
1604 502 1808 564 vident
1847 505 1939 562 vel
1981 519 2184 562 sensus
2223 499 2555 560 communis
2587 499 2962 560 testimonio:
2999 495 3105 561 sed
3128 519 3364 563 caussas

450 601 576 642 non
613 586 907 660 peraeque
948 581 1169 643 vident.
1218 585 1373 642 Nam
1414 585 1553 642 cum
1594 581 1933 642 mutationis
1973 599 2216 642 caussae
2255 580 2371 640 sint
2411 579 2473 638 in
2507 579 3000 671 principiisjhuius
3022 581 3368 672 sapientiae,

451 681 527 722 ex
565 661 780 738 quibus
822 661 1091 722 homines
1116 662 1483 753 Theologiae
1524 663 1780 722 scientes
1820 661 2123 722 constituti
2163 670 2330 739 sunt,
2351 676 2557 718 eorum
2579 671 2775 718 autem
2797 659 3224 738 principiorum
3246 663 3367 722 duo

452 741 568 801 sint
626 761 872 820 genera:
934 746 969 802 e
1028 741 1243 820 quibus
1297 759 1480 803 vnum
1495 787 1513 820 ,
1560 742 1835 803 videlicet
1870 743 2094 801 Natura
2109 787 2126 819 ,
2165 705 2521 818 principium
2563 756 2770 799 eorum
2810 749 2897 799 est
2934 743 3054 816 qua
3093 741 3368 801 homines

450 830 619 902 sunt3
658 823 910 882 alterum
926 867 943 901 ,
983 831 1145 913 puta
1166 822 1387 900 gratia,
1431 821 1784 901 principium
1827 837 2035 881 eorum
2077 829 2170 880 est
2206 823 2326 896 qua
2344 818 2596 896 praediti
2616 829 2753 878 ειιιιι
2773 835 2949 896 supra
2967 836 3108 883 suae
3124 829 3367 881 naturae

451 867 701 961 modum
747 901 860 961 hac
900 901 1215 980 sapientia.
1259 903 1437 963 Certe
1476 903 1602 962 fieri
1640 904 1805 961 nullo
1846 913 2024 992 pacto
2066 909 2292 992 potest,
2325 899 2468 976 quin
2509 896 2682 958 variis
2723 899 3144 960 mutationibus
3186 903 3241 959 δι
3259 920 3367 978 per

450 981 843 1041 mutationum
883 981 1100 1060 gradus
1143 982 1220 1041 ad
1259 981 1854 1060 comprehensionem
1889 980 2209 1058 sapientiae
2241 979 2412 1039 huius
2431 979 2848 1056 perducantur.
2889 981 3175 1040 Naturam
3189 980 3364 1059 ,quia

450 1059 805 1138 principium
844 1071 934 1121 est
974 1078 1295 1122 commune
1336 1061 1605 1122 omnium
1644 1061 1988 1139 hominum,
2029 1079 2236 1120 omnes
2276 1059 2535 1119 sentiunt
2572 1076 2701 1118 esse
2725 1059 3100 1138 mutabilem,
3123 1061 3178 1119 δι
3198 1060 3369 1136 quasi

452 1139 618 1200 volui
656 1145 952 1218 perpetuis
990 1139 1147 1219 gyris
1187 1161 1259 1201 ac
1298 1141 1740 1202 mutationibus.
1783 1140 2050 1200 Gratiam
2090 1144 2232 1200 vero
2269 1156 2379 1216 per
2417 1138 2808 1198 mutationum
2848 1140 3114 1218 gradus
3098 1158 3158 1198 ιιι
3180 1139 3367 1200 1ιοιιιι-

454 1218 625 1280 nibus
684 1231 958 1297 agentem
973 1265 991 1299 ,
1052 1221 1291 1298 proprie
1348 1240 1474 1282 non
1536 1220 1631 1297 alij
1691 1221 1926 1300 vident,
1975 1223 2167 1312 ‘quam
2219 1235 2474 1296 quorum
2526 1221 2735 1278 oculos
2785 1221 2948 1280 Deus
3000 1219 3396 1280 collustrauit·

456 1297 665 1377 gratia:
718 1299 899 1378 Signa
935 1305 1081 1360 vero
1124 1300 1275 1361 illius
1314 1302 1550 1393 gratiae
1572 1301 1869 1361 interdum
1911 1299 2089 1359 etiam
2129 1297 2329 1359 videre
2367 1309 2615 1376 possunt
2654 1298 2926 1359 homines
2963 1302 3002 1358 a
3039 1298 3226 1378 gratia
3266 1299 3366 1359 illa

452 1378 812 1440 alienissimi.
852 1381 1089 1441 Horum
1128 1386 1271 1442 vero
1302 1380 1727 1460 principiorum
1760 1380 1822 1440 in
1853 1397 2038 1439 vnum
2071 1378 2348 1455 idemque
2368 1377 2699 1438 subiectum
2717 1383 2834 1438 vna
2854 1379 3334 1440 concurrentium
3348 1425 3366 1460 ,

451 1461 697 1519 effectus
735 1461 911 1536 plane
951 1459 1219 1520 diuersus
1258 1471 1366 1522 est.
1406 1464 1561 1521 Nam
1602 1471 1665 1521 vt
1702 1471 1915 1520 natura
1954 1459 2206 1519 subiecti
2243 1479 2350 1536 per
2389 1476 2452 1518 se
2493 1459 2572 1518 ad
2609 1456 2908 1518 interitum
2938 1461 3148 1538 sertin,
3180 1459 3368 1519 homi-

450 1557 589 1598 nem
648 1541 976 1599 naturalem
1024 1539 1150 1600 siue
1191 1551 1499 1601 externum
1542 1539 1846 1632 hominem
1887 1549 2155 1599 nostrum
2199 1537 2383 1598 minui
2412 1546 2589 1614 atque
2627 1538 2928 1616 corrumpi
2965 1557 3205 1599 necesse
3245 1549 3364 1619 est3

450 1617 744 1678 internum
790 1623 969 1697 vero,
1010 1636 1189 1697 quem
1229 1619 1350 1699 agit
1387 1621 1603 1700 gratia,
1640 1620 1703 1680 in
1733 1619 1859 1681 dies
1896 1619 2097 1698 augeri
2136 1629 2315 1696 atque
2351 1617 2644 1678 renouari.
2694 1638 2748 1678 2.
2797 1619 2934 1679 Cor.
2974 1639 3031 1692 4.
3081 1622 3170 1678 16.
3227 1584 3366 1694 Quo

452 1699 549 1777 fit,
605 1709 670 1759 vt
707 1717 821 1759 nos
864 1717 1075 1760 omnes
1089 1745 1108 1780 ,
1155 1716 1307 1778 quos
1346 1703 1511 1762 Deus
1550 1667 1809 1792 gratiose
1848 1699 2214 1790 Theologiae
2255 1716 2396 1759 suae
2433 1699 2705 1758 alumnos
2741 1697 2909 1777 fecit,
2953 1709 3175 1759 retecta
3214 1698 3366 1758 facie

450 1743 699 1856 gloriam
751 1778 867 1839 Dei
922 1788 987 1838 vt
1022 1779 1085 1839 in
1124 1783 1367 1872 speculo
1406 1779 1736 1874 intuenteS,
1770 1780 1830 1840 in
1871 1779 2144 1840 eamdem
2187 1778 2504 1856 imaginem
2545 1780 3030 1839 transformemur
3069 1796 3143 1837 ex
3179 1779 3367 1856 gloria

449 1857 512 1917 in
563 1858 814 1936 gloriam
829 1903 847 1936 ,
900 1858 1051 1918 sicut
1102 1863 1139 1919 a
1178 1859 1423 1921 Domini
1464 1859 1700 1953 Spiritu.
1746 1880 1801 1920 2.
1848 1859 1986 1920 Cor.
2029 1877 2086 1934 3.
2133 1863 2224 1918 18.
2283 1859 2381 1918 Sic
2420 1867 2665 1918 naturae
2705 1858 3010 1919 infirmitas
3049 1877 3158 1936 per
3195 1877 3259 1918 se
3300 1857 3362 1918 in

452 1937 578 1998 dies
628 1942 703 1999 eo
736 1937 923 2016 magis
962 1938 1193 2018 deficit,
1242 1959 1363 2017 quo
1409 1941 1595 2019 magis
1632 1938 1870 2018 proficit
1908 1939 2129 2016 gratiae
2171 1937 2520 2017 efficacitas,
2561 1937 2728 1999 cuius
2768 1937 2990 2018 gratiae
3027 1950 3236 1999 auctor
3275 1947 3364 1999 est

453 2017 699 2109 Spiritus
739 2017 953 2079 virtute
990 2035 1127 2079 ειι3.
1170 2021 1235 2094 (f.
1285 2024 1479 2112 1418.)
1521 2020 1799 2098 SpirituS,
1839 2019 2114 2096 inquam,
2155 2018 2253 2077 ille
2293 2016 2436 2097 Dei,
2477 1983 2579 2093 qui
2612 2019 2814 2079 omnia
2834 2018 3019 2079 haec
3003 2039 3062 2077 ιιι
3085 2019 3360 2078 οιιιιιι1)ιιε

450 2096 659 2170 efficit,
722 2097 1079 2159 distribuens
1129 2099 1403 2177 priuatim
1454 2100 1697 2179 singulis
1738 2118 1842 2160 sua
1887 2099 2048 2159 dona
2086 2097 2242 2158 sicut
2278 2100 2435 2176 vult,
2484 2117 2534 2157 r.
2581 2099 2718 2158 Cor.
2771 2100 3360 2159 12.11.&Th-e010

450 2176 605 2255 giam
662 2179 759 2237 vel
820 2176 1082 2238 diuinam
1134 2179 1289 2239 hanc
1357 2180 1703 2258 sapientiam
1772 2197 1895 2239 non
1936 2177 2329 2238 communiter
2367 2178 2594 2254 solum,
2636 2180 2741 2239 sed
2782 2179 2960 2238 etiam
3000 2179 3248 2240 seorsim
3289 2199 3361 2239 ac

450 2257 539 2316 sin
642 2256 821 2317 ariter
860 2274 996 2317 cum
1034 2275 1399 2336 vnoquoque
1439 2261 1659 2320 herede
1698 2259 1935 2319 diuinae
1976 2257 2222 2336 gratiae,
2269 2257 2670 2317 communicat
2709 2257 3133 2320 efficacissime.

588 2337 1051 2398 uemadmodum
1111 2349 1307 2399 autem
1366 2340 1427 2400 in
1485 2356 1849 2417 vnoquoque
1907 2339 2180 2398 membro
2205 2301 2473 2416 Christi,
2521 2336 2842 2413 sapientiae
2882 2338 3052 2398 huius
3095 2339 3366 2400 coelestis

448 2415 732 2496 participe
746 2462 764 2497 ,
822 2427 1017 2478 certus
1058 2436 1183 2478 non
1230 2429 1428 2497 potest
1483 2420 1609 2481 dari
1658 2420 1873 2481 modus
1915 2417 2308 2497 Theologiae.
2353 2416 2438 2478 sic
2477 2417 2653 2477 etiam
2694 2417 2986 2478 incertum
3027 2419 3202 2496 plane
3241 2439 3368 2480 esse

448 2498 695 2557 modum
748 2508 1069 2559 statuamus
1110 2517 1348 2561 necesse
1388 2510 1507 2579 est,
1548 2500 1598 2561 si
1636 2500 1928 2560 rationem
1969 2510 2088 2559 tam
2131 2501 2450 2559 multorum
2489 2499 2798 2558 hommum
2838 2516 2990 2575 quos
3030 2500 3196 2558 Deus
3236 2518 3364 2576 par-

448 2576 654 2655 ticipes
695 2577 889 2639 effecit
926 2578 1325 2657 Theologiae,
1362 2580 1514 2641 inter
1552 2600 1616 2642 se
1656 2579 2163 2657 comparabimus:
2207 2596 2385 2656 quam
2416 2595 2542 2637 rem
2575 2578 2758 2637 altera
2775 2580 2889 2638 hac
2909 2595 3148 2638 xxxvn.
3182 2580 3364 2639 Thesi

446 2656 636 2718 visum
678 2668 768 2718 est
804 2677 1119 2752 exponere.
1159 2660 1331 2718 Inter
1370 2680 1561 2720 omnes
1600 2662 1807 2721 variat
1838 2661 1980 2718 haec
2027 2660 2088 2717 T
2079 2661 2372 2737 heologta,
2415 2660 2554 2735 quia
2587 2660 2769 2734 plus
2741 2678 2804 2717 m
2836 2661 2930 2717 leis
2957 2660 3131 2735 quam
3163 2660 3224 2715 in
3242 2660 3364 2717 illis

446 2744 669 2796 natura
708 2739 1020 2815 minuitur,
1062 2740 1139 2797 ὁ*
1176 2742 1480 2800 invalescit
1504 2743 1749 2817 gratia:
1788 2742 1897 2798 etsi
1926 2740 2021 2799 hic
2060 2758 2222 2798 nemo
2260 2757 2334 2797 ex
2371 2738 2631 2797 omnibus
2651 2746 2824 2798 totam
2834 2739 3105 2815 formam
3126 2745 3362 2797 nostrae

458 2818 803 2892 neologiae
856 2819 1116 2895 perfecte
1159 2828 1271 2895 per
1324 2824 1517 2879 omnia
1556 2820 1997 2911 comprehendit
2057 2818 2250 2878 Huius
2293 2816 2711 2895 propositionis
2762 2829 2884 2878 tam
2926 2818 3170 2878 euidens
3211 2818 3359 2878 ratio

449 2906 570 2973 est,
630 2905 695 2955 vt
754 2896 1155 2976 explicationis
1207 2917 1379 2991 egere
1434 2900 1675 2961 minime
1716 2898 2005 2959 videatur.
2065 2900 2220 2958 Nam
2273 2897 2777 2989 quemadmodum
2839 2918 2912 2958 ex
2970 2898 3206 2958 duobus
3247 2896 3361 2959 illis

448 2975 773 3055 principiiS,
818 2994 971 3055 quae
1020 2981 1157 3037 ante
1201 2980 1539 3059 statuimus,
1580 2979 1966 3040 mutationem
2017 2978 2076 3037 in
2119 2977 2322 3055 seipsis
2362 2976 2739 3055 experiuntur
2777 2978 3020 3056 singuli.
3065 2978 3144 3037 ita
3183 2977 3361 3036 etiam

446 3056 525 3116 ab
579 3056 786 3117 iisdem
836 3056 1139 3135 principiis
1178 3066 1401 3119 tactum
1441 3071 1561 3137 est,
1602 3071 1668 3120 ut
1708 3059 2026 3137 sapientiae
2069 3058 2241 3117 huius
2282 3057 2496 3117 modus
2536 3058 2687 3117 inter
2727 3076 2938 3118 omnes
2979 3056 3251 3119 homines
3290 3057 3364 3117 sit

445 3134 893 3198 diuersissimas.
944 3136 1208 3217 Etenim,
1250 3148 1314 3198 vt
1354 3140 1431 3201 de
1470 3152 1677 3200 natura
1718 3138 1985 3199 dicamus
2023 3137 2222 3216 priore
2260 3140 2431 3215 loc0,
2453 3136 2722 3198 bifariam
2745 3136 3110 3199 considerari
3128 3141 3164 3197 a
3183 3136 3358 3198 nobis

448 3234 578 3277 eam
620 3235 861 3277 necesse
897 3228 1015 3296 est3
1056 3222 1175 3293 qua
1213 3220 1545 3281 communis
1587 3219 1887 3296 omnium,
1933 3221 1990 3279 δι
2031 3222 2150 3295 qua
2187 3216 2493 3296 singularis
2525 3235 2596 3275 ac
2618 3218 3072 3295 vniuscuiusque
3090 3218 3359 3298 propria,

446 3295 571 3355 siue
622 3300 709 3372 (vt
749 3298 949 3358 Patres
986 3298 1281 3376 dixerunt)
1324 3302 1807 3379 χαρακτηριςική.
1870 3299 2051 3374 Qubd
2093 3298 2142 3359 si
2180 3298 2505 3388 proprium
2529 3298 2584 3354 δί
2630 3318 3124 3377 χαρακτηριςικην
3164 3299 3360 3375 singu-

446 3376 744 3451 laremque
793 3387 1061 3438 naturam
1102 3394 1269 3439 suam
1308 3382 1708 3457 vnusquisque
1750 3379 2056 3439 hominum
2103 3378 2362 3439 obtinet:
2407 3376 2538 3455 quis
2577 3376 2694 3437 iam
2734 3397 2808 3437 ex
2849 3396 2922 3437 eo
2965 3396 3088 3437 non
3129 3376 3359 3456 videat,

444 3466 652 3516 natura
710 3456 951 3535 quidem
1012 3458 1315 3518 communi
1368 3477 1577 3519 omnes
1632 3460 1851 3518 habere
1908 3458 2061 3518 inter
2116 3478 2180 3518 se
2235 3456 2740 3535 conuenientiam,
2781 3447 3060 3535 singulari
3099 3462 3242 3517 vero
3285 3476 3356 3517 ac

442 3535 687 3614 propria
743 3536 1130 3598 differentiam
1185 3539 1547 3599 intercedere
1588 3557 1661 3598 ex
1713 3538 2060 3599 necessitate
2097 3536 2378 3598 naturae?
2439 3538 2600 3615 Ergo
2638 3548 2704 3597 vt
2744 3538 3070 3597 secundum
3115 3548 3358 3597 naturae

443 3615 774 3676 communis
816 3617 1167 3679 mutationes
1180 3662 1198 3691 ‚
1241 3637 1449 3679 omnes
1487 3617 1759 3679 homines
1800 3620 2056 3679 subeunt
2095 3617 2434 3678 mutationis
2473 3620 2634 3696 leges
2667 3616 3090 3709 communiter3
3111 3616 3192 3676 ita
3212 3633 3356 3693 quo·

444 3713 561 3773 que
594 3696 919 3757 secundum
958 3706 1200 3758 naturae
1240 3698 1599 3775 particularis
1638 3698 2032 3777 propriaeque
2075 3698 2364 3759 rationem
2405 3714 2540 3759 suas
2583 3697 2934 3757 mutationes
2966 3699 3079 3756 fert
3110 3696 3358 3773 quisque

442 3776 825 3854 singulariter.
890 3778 967 3837 Et
1017 3776 1168 3837 sicut
1221 3778 1281 3837 in
1332 3780 1507 3839 rebus
1549 3778 1851 3855 corporeis
1890 3788 2098 3838 natura
2136 3778 2392 3839 hominis
2434 3777 2718 3854 cuiusque
2757 3794 2890 3837 suas
2929 3776 3089 3836 vices
3130 3779 3186 3836 δι
3227 3793 3355 3835 suc-

444 3855 741 3917 cessiones
803 3872 998 3916 rerum
1064 3856 1269 3917 obiens
1330 3858 1611 3936 paulatim
1670 3857 1949 3918 minuitur
2003 3878 2074 3919 ac
2127 3860 2368 3920 tandem
2409 3856 2634 3936 interit3
2679 3856 2777 3916 tali
2818 3858 3088 3933 profecto
3127 3855 3254 3915 iure
3293 3856 3355 3915 in

444 3936 620 3996 rebus
659 3938 739 3997 ad
777 3936 1042 3997 animum
1082 3946 1349 4029 nostrum
1397 3938 1820 4016 pertinentibus
1850 3939 2239 3999 mutationem
2275 3903 2859 4027 deminutionemque
2879 3945 3122 3995 naturae
3142 3955 3351 4013 agnos·

442 4014 651 4078 cimus.
691 4017 875 4091 Quod
915 4028 1111 4077 autem
1149 4016 1211 4077 in
1250 4018 1477 4077 ratione
1517 4017 1823 4097 singularis
1863 4030 2105 4079 naturae
2145 4020 2224 4078 ad
2263 4016 2724 4079 deminutionem
2745 4014 3161 4093 interitumque
3181 4033 3353 4076 suum

440 4095 889 4173 contendentis,
928 4096 1086 4157 idem
1128 4116 1201 4158 ex
1242 4097 1475 4157 diuerso
1516 4098 1577 4158 in
1618 4099 1846 4159 ratione
1884 4098 2106 4177 gratiae
2145 4098 2204 4157 ιιι
2243 4097 2359 4158 Dei
2399 4095 2582 4156 seruis
2621 4098 2674 4155 δι
2715 4094 2826 4173 piis
2846 4094 3122 4156 omnibus
3147 4114 3350 4188 auges-

440 4176 648 4252 centis,
711 4186 887 4251 atque
942 4177 1018 4237 ad
1057 4178 1485 4255 perfectionem
1526 4195 1691 4238 suam
1732 4178 1978 4239 feliciter
2016 4178 2398 4256 assurgentis,
2440 4194 2590 4253 opus
2632 4185 2721 4235 est
2759 4176 3175 4253 contemplari:
3213 4175 3352 4253 quia

441 4256 883 4316 decrementum
945 4256 1098 4317 illius
1152 4269 1239 4318 est
1290 4256 1460 4317 huius
1506 4257 1955 4319 incrementum.
2015 4260 2272 4318 Tantum
2313 4258 2424 4317 hae
2463 4256 2524 4316 in
2565 4275 2628 4315 re
2669 4254 2985 4316 discrimen
3029 4268 3144 4334 est,
3185 4256 3352 4332 quod

440 4335 539 4395 illa
579 4335 959 4395 decrementa
997 4337 1547 4415 deminutionesque
1588 4349 1829 4398 naturae
1869 4346 1943 4398 ex
1983 4338 2041 4400 vi
2081 4337 2302 4417 gratiae
2343 4336 2708 4398 aduersantis
2722 4337 3121 4415 ,tandemque
3142 4354 3358 4415 expug-

3111 4426 3355 4479 naturae
