3923 4875
616 312 693 371 86
1584 326 1687 370 nn
1744 325 1970 370 vana
2031 327 2568 375 THEOLOGIA.

613 487 848 549 diuinae
888 487 1163 550 omnibus
1204 487 1399 550 modis
1436 499 1705 550 naturam
1744 499 2008 551 nostram
2041 493 2098 551 δι
2125 489 2298 552 huius
2333 489 2586 554 vniuersi
2604 491 2783 554 totius
2803 500 3098 570 superant.
3141 492 3522 570 Quapropter

617 571 755 628 cum
794 587 906 629 nec
942 571 979 628 a
1018 569 1220 646 nobis,
1260 588 1373 630 nec
1410 571 1449 630 a
1486 581 1695 630 natura
1732 573 1788 631 δι
1825 571 2200 632 vniuersitate
2237 581 2479 632 naturae
2498 571 2926 651 comprehendi
2945 570 3196 650 possint:
3227 573 3386 632 certe
3404 591 3520 632 nec

622 649 683 708 in
721 647 961 708 homine
976 695 994 726 ,
1032 667 1145 710 nec
1184 648 1245 709 in
1284 668 1348 710 re
1388 659 1587 710 creata
1625 650 1743 710 vlla
1756 695 1775 729 ,
1814 671 1887 712 ac
1923 668 2002 711 ne
2045 651 2104 710 in
2147 661 2274 711 tota
2312 651 2552 728 quidem
2591 653 2704 714 hac
2745 651 3119 712 uniuersitate
3159 670 3365 712 caussa
3397 653 3518 712 effi·

622 727 785 788 ciens
840 729 1203 808 Theologiae
1262 731 1599 807 quaerenda
1650 741 1755 790 est.
1815 731 1939 792 Cur
1989 728 2146 790 enim
2193 739 2506 806 quaeratur
2545 730 2606 792 in
2644 752 2707 793 re
2748 731 3036 792 eiusmodi
3049 777 3067 810 ,
3109 731 3212 792 vbi
3248 749 3362 792 nec
3400 741 3488 792 est
3501 777 3520 810 ,

624 825 737 867 nec
794 825 1053 884 vnquam
1110 809 1301 870 inesse
1339 819 1534 886 potest
1572 809 1800 870 interna
1838 811 1927 884 vi,
1969 820 2069 870 aut
2109 811 2384 870 facultate
2423 807 2640 889 ipsius?
2679 813 2886 873 Genus
2923 812 3359 889 supernaturale
3397 821 3487 872 ast
3502 855 3521 889 ,

624 906 747 947 non
788 887 961 965 igitur
997 890 1034 947 a
1074 905 1279 950 caussa
1316 889 1589 968 naturali,
1630 907 1745 950 nec
1783 892 1861 950 ab
1898 891 2027 968 ipsa
2067 889 2310 967 quidem
2349 900 2558 951 natura
2595 890 2891 970 proficisci
2909 901 3125 968 potest.
3165 889 3325 968 Quin
3345 890 3522 951 etiam

623 984 807 1043 vsque
868 967 1018 1027 adeo
1078 971 1515 1046 supernaturale
1576 979 1697 1049 est,
1755 980 1820 1029 vt
1870 971 1907 1028 a
1958 971 2090 1029 Deo
2133 970 2292 1049 sole,
2331 971 2494 1030 velut
2530 969 2824 1032 efficiente
2864 987 3070 1031 caussa
3105 973 3162 1031 δι
3202 968 3490 1048 principio
3503 1015 3521 1048 ,

624 1047 873 1123 produci
930 1047 1148 1124 possit,
1208 1048 1347 1126 quia
1403 1051 1624 1110 formas
1686 1050 2152 1127 supernaturales
2211 1050 2370 1110 solus
2431 1050 2709 1128 producit
2763 1051 2958 1128 DeuS,
3015 1068 3139 1110 non
3177 1050 3371 1110 forma
3407 1069 3524 1110 vna

620 1129 885 1186 alteram.
947 1128 1287 1188 Secundum
1323 1146 1508 1207 genus
1546 1127 1741 1204 itaque
1780 1145 1966 1206 quum
2007 1129 2084 1190 de
2123 1128 2455 1207 Theologia
2495 1130 2670 1192 nobis
2706 1129 3026 1191 dicendum
3066 1138 3182 1206 est,
3220 1128 3394 1189 vnica
3433 1140 3522 1190 est

620 1209 676 1266 δι
716 1204 1019 1284 singularis
1059 1223 1266 1268 caussa
1302 1207 1565 1269 efficiens
1604 1208 1775 1268 illius.
1816 1209 1934 1268 Sed
1971 1209 2112 1286 quia
2151 1209 2410 1285 speciem
2439 1209 2808 1288 Theologiae
2828 1208 3327 1286 circumscriptam
3347 1227 3522 1285 quae-

622 1286 801 1346 rimus
811 1330 832 1359 ,
892 1289 948 1347 &
1006 1305 1274 1348 caussam
1334 1287 1689 1349 efficientem
1748 1286 1925 1366 illius,
1979 1298 2155 1366 prout
2200 1287 2594 1367 Theologiam
2632 1291 2790 1350 hanc
2827 1299 3090 1350 nostram
3129 1289 3490 1366 appellamus
3505 1333 3524 1367 ,

622 1364 757 1426 ideo
816 1384 1081 1426 caussam
1132 1369 1357 1444 quidem
1424 1369 1771 1444 Theologiae
1820 1369 2118 1429 absolutae
2165 1377 2402 1428 nostrae
2450 1390 2624 1431 vnam
2655 1371 3049 1450 principalem
3087 1369 3328 1428 dicimus
3365 1388 3487 1428 esse
3501 1389 3526 1428 .·

622 1447 888 1506 Alteram
923 1449 1061 1507 verb
1100 1449 1624 1507 instrumentalem:
1666 1446 1805 1523 quia
1842 1451 2012 1509 certo
2052 1447 2222 1524 quasi
2257 1447 2646 1510 instrumento
2686 1448 3020 1527 Theologia
3056 1439 3185 1527 illa,
3201 1465 3354 1526 quae
3372 1451 3526 1526 pure

622 1527 660 1584 a
719 1527 855 1587 Deo
906 1527 1171 1602 profecta
1230 1535 1357 1606 est,
1384 1526 1635 1586 efficitur
1671 1536 1905 1605 nostra,
1945 1531 2002 1588 δε
2041 1529 2108 1604 (f.
2153 1531 2350 1605 1410.)
2391 1529 2560 1606 quasi
2597 1528 2656 1589 in
2698 1527 2980 1590 familiam
3017 1526 3224 1588 transit
3261 1525 3526 1588 humani-

619 1605 867 1683 generis.
910 1604 1007 1665 Sic
1044 1604 1342 1682 duplicem
1386 1623 1655 1667 caussam
1693 1605 2048 1668 efficientem
2087 1625 2215 1668 esse
2253 1607 2620 1688 Theologiae
2659 1607 2999 1670 asserimus:
3049 1608 3277 1686 Vnam,
3315 1606 3529 1686 princi-

620 1687 846 1763 palem,
886 1701 1039 1761 quae
1077 1684 1469 1762 Theologiam
1509 1685 1567 1746 vi
1608 1704 1714 1746 sua
1752 1685 2090 1747 informauit
2119 1689 2272 1748 sola:
2306 1690 2552 1749 alteram
2573 1688 3076 1749 instrumentalem
3091 1731 3108 1766 ‚
3129 1703 3282 1763 quae
3301 1685 3528 1765 sapien-

614 1763 758 1824 tiam
798 1765 959 1825 illam
998 1763 1274 1824 diuinitus
1312 1763 1687 1825 informatam
1728 1765 1951 1843 aptauit
1990 1766 2047 1825 &
2085 1767 2564 1828 accommodauit
2601 1769 2679 1829 ad
2717 1777 2959 1847 captum
2980 1775 3266 1828 nostrum.
3306 1768 3532 1843 Quam-

616 1846 827 1904 obrem
868 1845 943 1904 de
984 1854 1228 1920 vtraque
1264 1861 1373 1906 suo
1412 1845 1620 1906 ordine
1657 1844 1941 1925 deinceps
1981 1847 2167 1908 acturi
2203 1864 2424 1908 sumus.

705 1925 874 1984 Thes.
916 1939 1093 1983 xxlx.
1148 1925 1513 2004 Principalis
1552 1928 1816 2004 efficiens
1830 1971 1848 2002 ,
1890 1929 1969 1986 ἐν
2005 1927 2271 1987 absoluta
2309 1946 2521 1988 caussa
2561 1937 2798 1988 nostrae
2857 1927 3204 2001 Theologiae
3240 1935 3328 1986 est
3361 1926 3534 1985 Deus

614 2005 803 2064 Pater
840 2006 905 2062 in
942 2005 1096 2063 Filio
1122 2014 1245 2083 per
1282 2005 1569 2084 Spirimm
1606 2025 1775 2066 suum
1814 2025 1939 2067 eam
1979 2009 2311 2086 inspirans,
2351 2016 2416 2069 vt
2449 2009 2557 2085 qui
2589 2009 2787 2069 vnicus
2827 2015 2915 2066 est
2949 2014 3116 2066 actor
3129 2050 3147 2085 ,
3183 2007 3260 2065 ὁ»
3291 2005 3532 2082 effector

618 2101 871 2154 summus
885 2127 903 2161 ,
943 2101 1013 2142 ac
1036 2083 1503 2162 perfectissimus
1540 2105 1611 2146 sa
1653 2088 1859 2146 ientiae
1895 2087 2073 2146 huius
2111 2089 2173 2146 in
2212 2089 2395 2146 seruis
2433 2089 2576 2146 suis.
2617 2085 3104 2162 Quotiescunque
3135 2101 3328 2145 rerum
3361 2084 3535 2144 effec-

618 2172 811 2221 tarum
862 2179 1077 2223 causae
1130 2163 1340 2224 ordine
1388 2181 1577 2244 expen
1624 2175 1831 2244 untur,
1872 2165 2049 2241 (ordo
2089 2177 2288 2226 autem
2326 2165 2478 2226 inter
2515 2167 2715 2244 plures
2754 2165 2930 2226 simul
2969 2163 3289 2226 efficientes
3330 2165 3535 2225 obser-

618 2241 747 2301 uari
784 2241 987 2319 debet)
1033 2241 1098 2303 id
1136 2262 1369 2322 semper
1406 2263 1649 2306 necesse
1689 2255 1777 2305 est
1790 2291 1808 2325 ,
1848 2257 1913 2306 vt
1950 2248 2075 2324 ejus
2115 2263 2356 2325 causae,
2400 2262 2553 2323 quae
2577 2247 2934 2323 princepalis
2972 2254 3091 2323 est,
3131 2242 3281 2305 ratio
3314 2242 3535 2320 princi-

618 2321 829 2400 paliter
869 2322 1184 2404 habeatur,
1225 2341 1614 2402 quaecunque
1652 2325 1897 2386 tandem
1934 2325 2052 2386 sint
2091 2325 2169 2386 ad
2207 2343 2389 2386 vnum
2431 2326 2711 2387 effectum
2752 2333 3196 2386 concurrentes.
3233 2323 3354 2384 Sed
3391 2321 3532 2400 quia

618 2401 681 2462 in
740 2403 913 2465 rebus
974 2402 1183 2465 creatis
1234 2403 1554 2484 plurimum
1601 2403 1817 2466 accidit
1830 2452 1847 2484 ,
1900 2415 1966 2467 vt
2005 2405 2196 2467 causis
2235 2404 2502 2485 pluribus
2541 2405 2696 2466 inter
2733 2423 2798 2467 se
2837 2402 3226 2484 coordinatis,
3268 2401 3532 2483 singulae

620 2482 890 2560 partiales
930 2483 1045 2545 sint
1084 2488 1174 2562 (vt
1212 2488 1451 2563 vocant)
1491 2487 1545 2544 &
1584 2505 1695 2563 pro
1738 2502 1843 2547 sua
1879 2496 2048 2564 parte
2085 2485 2146 2546 in
2168 2485 2475 2547 communi
2505 2486 2720 2548 effectu
2753 2494 3100 2564 operentur:
3123 2494 3334 2545 contra
3351 2487 3494 2545 vero
3513 2528 3531 2561 ,

619 2580 770 2640 quae
832 2581 1045 2625 causae
1106 2566 1267 2625 solae
1326 2564 1680 2626 sufficientes
1736 2584 1846 2643 per
1892 2584 1955 2627 se
2009 2564 2446 2643 efficientesque
2496 2576 2634 2627 sunt
2723 2584 2828 2626 eae
2886 2564 3158 2625 dicantur
3195 2564 3532 2625 absolutae:

619 2646 933 2721 propterea
974 2646 1051 2706 de
1098 2647 1275 2707 rebus
1316 2644 1528 2707 diuinis
1578 2644 1765 2706 acturi
1779 2691 1797 2724 ,
1836 2663 1991 2723 quae
2029 2656 2160 2707 toto
2192 2664 2410 2724 genere
2443 2646 2500 2705 δι
2518 2611 2704 2707 modo
2725 2645 2802 2706 ab
2825 2643 3138 2705 effectione
3158 2660 3355 2705 rerum
3375 2662 3537 2703 crea-

620 2734 815 2783 tarum
876 2722 1180 2804 differunt,
1238 2724 1360 2786 duo
1420 2724 1700 2787 attributa
1736 2724 1911 2786 simul
1954 2724 2368 2787 coniunximus
2382 2770 2402 2806 ,
2442 2742 2625 2804 quum
2664 2725 2838 2785 simul
2869 2726 3258 2802 principalem
3297 2742 3534 2783 causam

622 2806 961 2881 efficientem
975 2850 993 2883 ,
1036 2807 1113 2865 ὁ·
1152 2806 1475 2866 absolutam
1517 2816 1753 2866 nostrae
1781 2808 2134 2882 Theologiae
2151 2804 2499 2867 diceremus,
2537 2804 2927 2883 Principalem
2947 2806 3046 2865 vel
3065 2803 3444 2881 praecipuam
3461 2806 3536 2864 eo

620 2884 981 2960 appellamus
994 2928 1013 2963 ,
1055 2884 1220 2961 quod
1258 2901 1470 2945 causae
1509 2886 1679 2946 vnius
1720 2904 1858 2946 cum
1902 2887 2086 2946 altera
2122 2886 2201 2946 ad
2241 2886 2498 2946 eundem
2538 2886 2816 2946 effectum
2849 2882 3196 2962 pertinentis
3217 2884 3283 2943 fit
3303 2900 3540 2960 compa-

620 2961 790 3024 ratio.
832 2963 1187 3024 Absolutam
1224 2968 1368 3025 vero
1385 3011 1403 3043 ,
1442 2964 1605 3041 quod
1644 2964 1772 3025 sine
1810 2964 1927 3025 alia
1963 2968 2082 3025 vlla
2121 2964 2470 3044 adiuuante,
2517 2975 2775 3043 praestat
2813 2964 3094 3024 effectum
3133 2979 3308 3022 suum
3337 2962 3546 3023 visola

621 3046 675 3103 δι
717 3044 994 3104 facultate
1032 3062 1153 3103 sua.
1196 3043 1326 3104 Etsi
1362 3054 1563 3105 autem
1603 3045 1727 3105 du’o
1764 3045 1915 3107 haec
1954 3046 2014 3106 in
2054 3047 2230 3106 rebus
2269 3044 2480 3105 creatis
2521 3063 2644 3106 non
2684 3053 2936 3123 possunt
2966 3043 3136 3103 facile
3156 3058 3542 3102 concurrere:

619 3132 817 3181 tamen
879 3121 941 3181 in
1000 3124 1175 3183 rebus
1235 3122 1450 3184 diuinis
1509 3134 1825 3202 vtrumque
1884 3124 2060 3185 simul
2109 3132 2425 3203 propterea
2467 3122 2912 3203 coniungimus:
2973 3132 3101 3183 turn
3141 3121 3307 3200 quod
3347 3122 3545 3181 Deum

622 3201 915 3261 credimus
968 3212 1031 3261 vt
1070 3221 1309 3263 causam
1351 3202 1704 3264 efficientem
1742 3206 2106 3281 absolutam,
2147 3204 2208 3265 in
2250 3203 2559 3279 omnibus,
2599 3202 2776 3264 etiam
2812 3203 2875 3263 in
2917 3200 3315 3263 subordinatis
3355 3200 3546 3261 causis

619 3280 878 3359 operari,
938 3292 1063 3341 tum
1117 3282 1258 3359 quia
1310 3282 1360 3343 si
1400 3299 1546 3361 quas
1587 3301 1792 3343 causas
1832 3284 2085 3362 amplius
2123 3283 2368 3344 adhibet
2381 3328 2398 3361 ,
2443 3302 2679 3361 semper
2720 3281 3106 3361 principalem
3145 3280 3296 3341 inter
3335 3298 3546 3340 omnes

616 3377 823 3419 causas
862 3360 1123 3434 obtinet,
1164 3362 1379 3439 quibus
1420 3361 1850 3441 sapientissime
1893 3362 2324 3442 iustissimeque
2364 3362 2563 3453 vtitur,
2603 3373 2667 3423 vt
2688 3360 2953 3441 perficiat
2971 3364 3338 3423 voluntatem
3357 3378 3546 3419 suam.

620 3440 801 3513 Quod
842 3438 893 3499 si
931 3458 1025 3499 res
1066 3441 1183 3501 vlla
1224 3450 1313 3501 est
1351 3457 1503 3517 quae
1542 3460 1747 3501 caussa
1786 3441 2118 3503 admirabili
2158 3445 2212 3502 δι
2251 3441 2655 3520 potentissima
2697 3459 2848 3519 opus
2868 3440 3162 3519 habuerit,
3189 3458 3260 3500 ea
3280 3442 3439 3499 certe
3458 3449 3548 3500 est

618 3518 979 3597 Theologia,
1020 3536 1200 3597 quam
1238 3520 1511 3581 homines
1552 3540 1675 3581 non
1714 3524 1750 3580 a
1786 3533 2028 3598 natura,
2068 3522 2174 3583 sed
2211 3524 2250 3583 a
2285 3522 2506 3601 gratiae
2547 3524 2741 3583 solum
2761 3518 3304 3582 communicatione
3322 3520 3545 3580 habere

620 3608 894 3677 possunt,
954 3618 1027 3659 ex
1089 3616 1209 3675 quo
1270 3600 1603 3677 Theologia
1662 3612 1897 3673 nostra,
1954 3601 2019 3662 id
2079 3614 2200 3681 est,
2259 3601 2520 3661 humana
2562 3601 2672 3662 fuit
2710 3601 3024 3680 appellata.
3083 3602 3240 3661 Nam
3279 3598 3328 3659 si
3365 3617 3547 3660 nemo

624 3678 911 3757 cognouit
972 3697 1045 3739 ea
1101 3696 1257 3755 quae
1316 3690 1452 3739 sunt
1514 3678 1772 3740 hominis
1830 3679 1943 3740 nisi
2003 3680 2238 3759 spiritus
2295 3680 2581 3759 hominiS,
2643 3682 2745 3758 qui
2802 3692 2892 3741 est
2930 3681 2992 3741 in
3033 3700 3147 3741 eo:
3193 3682 3352 3739 certe
3390 3679 3550 3738 hanc

623 3758 967 3835 sapientiam
1010 3776 1165 3835 quae
1203 3767 1290 3819 est
1330 3756 1615 3836 sapientia
1653 3758 1841 3819 diuini
1876 3760 2145 3838 spirituS,
2187 3780 2366 3822 nemo
2405 3763 2592 3821 homo
2634 3761 2743 3821 fuit
2763 3760 3126 3839 cognituruS,
3147 3758 3259 3819 nisi
3277 3776 3550 3836 superue-

620 3837 801 3899 nisset
847 3839 1083 3899 aliunde
1138 3838 1299 3917 apud
1343 3836 1611 3899 homines
1650 3839 1953 3901 reuelatiO.
2017 3841 2398 3918 Quapropter
2440 3858 2712 3901 caussam
2752 3840 3108 3900 efficientem
3147 3838 3318 3898 huius
3357 3840 3550 3898 Theo-

620 3917 816 3995 logiae
857 3918 1163 3979 statuimus
1205 3937 1331 3979 esse
1374 3919 1570 3979 Deum
1608 3920 1840 3978 Patrem
1883 3920 1945 3978 in
1987 3919 2137 3980 Filio
2179 3938 2285 3997 per
2324 3918 2603 3996 Spiritum
2643 3937 2846 3998 suum,
2887 3918 2950 3978 id
2990 3928 3109 3996 est,
3145 3934 3328 3977 vnum
3346 3937 3553 3978 verum

622 4002 1041 4075 aeternumque
1092 4000 1320 4077 Deum,
1384 4002 1439 4058 &
1493 3997 1555 4063 in
1595 3997 1814 4059 vnitate
1856 3996 2144 4060 essentiae
2185 4010 2302 4059 tres
2343 4018 2661 4079 personas,
2703 3998 3099 4059 communiter
3137 4007 3450 4074 operantes
3492 3996 3552 4056 in

620 4075 736 4134 hac
772 4077 1313 4139 communicatione
1399 4076 1597 4139 ratiae.
1638 4075 1788 4153 Quis
1829 4078 1988 4137 enim
2029 4080 2252 4139 reuelet
2290 4096 2361 4137 ea
2402 4096 2556 4155 quae
2597 4088 2732 4139 sunt
2771 4077 2918 4157 Dei,
2969 4076 3145 4137 etiam
3165 4077 3552 4154 profundissi-

626 4174 751 4229 ma,
792 4154 903 4214 nisi
945 4156 1190 4233 Spiritus
1228 4098 1395 4218 Dei?
1433 4162 1487 4218 δι
1526 4158 1589 4217 in
1629 4175 1750 4235 quo
1767 4202 1784 4232 ,
1826 4166 1928 4216 aut
1967 4160 2006 4216 a
2045 4175 2165 4233 quo
2209 4156 2454 4235 Spiritus
2496 4157 2658 4218 idem
2677 4159 3041 4217 reuelaturus
3061 4167 3171 4234 est,
3190 4154 3304 4217 nisi
3321 4156 3382 4216 in
3403 4155 3554 4217 Filio

628 4232 955 4293 mediatore
1014 4247 1246 4316 nostre,
1308 4242 1363 4297 δι
1424 4240 1461 4297 a
1521 4239 1725 4316 Patre,
1788 4236 1890 4313 qui
1948 4234 2134 4295 filium
2190 4235 2358 4296 dedit
2409 4238 2768 4316 Prophetam
2825 4238 2880 4296 δι
2933 4234 3274 4313 magistrum
3315 4235 3554 4297 vnicum

629 4312 936 4373 Ecclesiae
976 4332 1135 4375 suae.

3361 4393 3557 4453 Huius
