3923 4875
1338 379 1662 424 russas
1722 379 2376 423 rnnonomcaoe.
3197 366 3310 442 265

386 553 615 612 suram,
656 553 779 596 non
812 547 1021 620 „autem
1062 537 1273 600 virtute
1312 537 1487 617 signi:
1530 540 1823 600 Bellarm.
1861 541 1961 600 lib.
2007 559 2060 600 2.
2100 541 2170 600 de
2208 559 2531 600 sacramen.
2574 559 2624 601 c.
2673 547 2786 614 11.)
2807 539 2946 617 quia
2965 541 3299 618 corporalia

389 619 541 676 vltra
583 632 803 695 corpus
842 636 906 678 se
952 636 1073 678 non
1115 620 1472 699 extendunt,
1524 619 1637 680 nisi
1676 619 1821 696 quid
1860 619 2104 698 physice
2144 621 2296 681 vltra
2334 637 2468 681 suas
2507 619 2658 680 vires
2698 638 2875 698 agere
2916 619 3121 698 possit.
3162 623 3218 680 δι
3261 619 3310 680 si

389 697 603 756 virtute
643 695 845 756 diuina
884 699 1149 758 eleuetur
1188 699 1455 776 signum,
1496 711 1563 760 vt
1600 701 1857 760 animam
1899 709 2110 779 purget
2149 703 2206 761 δι
2245 699 2529 779 enutriat,
2564 699 2669 760 vbi
2707 699 2882 761 nobis
2902 699 3306 778 innotescent,

388 776 439 836 si
477 775 631 837 desit
668 774 1108 839 testimonium?
1148 780 1305 839 Nam
1344 783 1382 838 a
1421 779 1685 858 potentia
1722 780 1801 840 ad
1825 781 2190 842 voluntatem
2205 826 2223 858 ,
2256 783 2353 841 vel
2369 783 2408 840 a
2425 779 2849 858 praedicatone
2871 779 3311 856 Sacramentali,

390 875 513 916 non
576 857 729 918 valet
789 858 1228 935 consequentia.
1291 859 1347 918 δι
1406 859 1729 921 similitudo
1790 862 1866 920 de
1922 859 2168 920 fimbriis
2227 869 2474 939 negatur
2487 905 2506 940 ,
2565 875 2708 920 cum
2751 859 2868 920 illic
2913 861 3112 920 videre
3153 871 3308 920 esset

398 935 661 996 fimbrias
700 955 937 997 sanasse
980 939 1257 1018 morbos3
1296 937 1396 999 hic
1435 959 1558 1000 non
1601 939 1758 999 item.
1802 940 2059 1018 ideoque
2098 958 2222 1000 non
2263 939 2474 1001 iniuria
2513 939 2878 1018 quaerimus,
2921 941 3250 1017 quomodo,

471 1035 505 1092 3
512 1034 571 1092 3.
650 1017 942 1077 Praebent
964 1037 1105 1096 ergo
1131 1019 1340 1078 virtute
1360 1019 1607 1098 Spiritus
1630 1020 1831 1080 Sancti
1850 1032 2134 1097 tanquam
2159 1025 2362 1100 κυρίου
2384 1025 2602 1080 αιτιοι).
2631 1020 2812 1098 Signa
2833 1019 2989 1080 enim
3013 1018 3308 1080 obiectiue

394 1106 669 1174 mouent,
710 1107 775 1156 vt
814 1097 961 1175 radij
1002 1100 1260 1158 solares:
1303 1100 1407 1159 sed
1450 1099 1695 1179 Spiritus
1734 1101 2074 1160 facultatem
2114 1100 2387 1177 videndi,
2428 1099 2650 1161 scilicet
2681 1101 2882 1178 fidem,
2915 1102 3020 1162 dat
3039 1103 3093 1160 δι
3113 1110 3310 1178 auget.

390 1177 503 1236 Illa
560 1177 921 1254 persuadent
976 1189 1035 1238 vt
1076 1178 1472 1240 firmissimum
1512 1191 1957 1257 argumentum:
2021 1181 2128 1241 sed
2168 1179 2404 1258 spiritus
2443 1178 2808 1240 intellectum
2849 1181 3092 1258 praebet
3107 1225 3125 1258 ,
3187 1197 3310 1256 quo

389 1255 585 1396 ‹gpiat
622 1267 1053 1395 argtltmentum.
1108 1261 1250 1319 Hoc
1289 1277 1465 1320 sensu
1504 1259 1867 1338 intelligendi
1904 1271 2043 1320 sunt
2082 1262 2302 1321 Patres.
2350 1261 2602 1338 August.
2635 1265 2812 1338 Aqua
2843 1269 3056 1337 corpus
3091 1261 3314 1338 tangit,

510 1355 615 1396 cor
652 1339 729 1395 ab
752 1340 855 1398 uit.

472 1433 569 1492 34.
652 1415 1033 1496 Quapropter
1072 1419 1431 1480 flaccescunt
1468 1436 1620 1497 quae
1660 1420 1739 1480 de
1780 1437 1961 1498 opere
2003 1429 2250 1497 operato
2290 1419 2554 1498 garriunt
2593 1419 2934 1496 aduersarii.
2967 1421 3122 1480 Nam
3143 1437 3308 1496 prae-

388 1506 659 1573 terquam
722 1498 889 1574 quod
948 1509 1203 1575 peccant
1241 1497 1303 1558 in
1344 1501 1575 1578 regulas
1616 1500 2056 1562 Grammaticae
2098 1502 2402 1572 (Bellarm.
2441 1501 2512 1560 de
2547 1520 2805 1560 sacram.
2845 1501 2946 1560 lib.
2989 1519 3041 1558 2.
3083 1509 3213 1578 cap.
3265 1518 3316 1560 1.

391 1577 531 1654 quia
570 1577 718 1637 falso
758 1577 971 1638 citatur
1008 1577 1289 1638 autoritas
1304 1623 1323 1657 ,
1364 1581 1557 1640 Hebr.
1608 1600 1698 1657 13.
1745 1581 1833 1639 16.
1875 1579 1978 1640 vbi
2017 1598 2141 1640 non
2182 1589 2272 1640 est
2300 1589 2684 1659 promeretur
2725 1581 2915 1658 Deus,
2957 1578 3063 1640 sed
3097 1579 3311 1638 talibus

390 1659 729 1716 delectatur:
772 1674 1075 1735 nunquam
1115 1659 1455 1736 probabunt
1491 1659 1678 1738 ipsam
1718 1669 2025 1720 externam
2065 1659 2364 1722 actionem
2401 1659 2780 1740 sacramenti,
2821 1677 2974 1739 quae
3007 1657 3311 1736 consurgit

393 1755 467 1796 ex
525 1736 727 1798 debita
773 1737 1167 1816 applicatione
1206 1741 1434 1800 formae
1474 1742 1530 1801 δι
1576 1739 1854 1801 materiae
1893 1742 2164 1801 conferre
2205 1738 2452 1820 gratiam
2492 1741 2718 1818 absque
2757 1739 2900 1800 fidei
2930 1737 3306 1818 operatione,

392 1815 517 1876 imo
560 1817 831 1896 damnat,
874 1829 937 1878 vt
973 1817 1227 1879 vidimus
1267 1837 1463 1898 supra.

476 1910 575 1973 35.
654 1895 820 1957 Hinc
878 1907 1041 1976 patet
1100 1910 1340 1960 externa
1397 1909 1765 1960 sacramenta
1823 1919 1949 1961 non
2011 1919 2140 1960 esse
2179 1898 2510 1962 necessaria
2546 1898 2892 1979 simpliciter
2905 1943 2924 1978 ,
2962 1909 3027 1960 vt
3066 1896 3317 1976 pessime

394 1975 625 2037 aduerS.
680 1979 963 2039 Bellarm.
1001 1981 1099 2038 lib.
1144 1999 1198 2041 2.
1239 1981 1308 2038 de
1349 1983 1615 2040 Sacram.
1655 1989 1784 2058 cap.
1824 2000 1883 2054 4.
1936 1981 2060 2057 Qui
2096 1982 2277 2040 credit
2318 1982 2395 2040 ἐν
2433 2000 2548 2040 non
2581 1981 2941 2059 baptizatur,
2981 1981 3315 2043 damnatur.

394 2056 501 2115 sed
546 2059 695 2115 κατά
734 2080 793 2116 τι
808 2101 827 2136 ,
885 2069 1166 2135 tanquam
1208 2057 1467 2120 medium
1509 2061 1919 2121 commodum.
1981 2061 2136 2120 Nam
2177 2059 2432 2138 priuatio
2471 2059 2752 2138 baptismi
2789 2057 3018 2122 externi
3057 2077 3182 2119 non
3224 2068 3314 2118 est

392 2133 651 2214 priuatio
702 2136 955 2216 gratiae,
1010 2139 1119 2199 sed
1157 2150 1560 2218 contemptus:
1604 2143 1661 2201 δι
1698 2139 1843 2201 dum
1882 2142 2145 2201 Latroni
2181 2143 2451 2202 voluntas
2493 2140 2764 2218 baptismi
2799 2161 2914 2200 non
2957 2138 3173 2216 obfuit,
3214 2139 3321 2199 sed

392 2224 616 2276 tantum
656 2236 772 2276 non
809 2219 1131 2298 acceptendi
1146 2223 1451 2280 necessitas
1470 2220 1700 2298 adsuit,
1740 2222 1869 2282 sola
1889 2220 2006 2281 fide
2027 2222 2283 2281 saluatus
2302 2230 2409 2280 est.
2446 2222 2760 2296 Angustia.
2784 2229 2992 2281 contra
3011 2219 3318 2278 Donatist.

393 2297 492 2356 ἰώ.
548 2315 604 2368 4.
648 2305 785 2386 fap.
830 2315 925 2374 23.
988 2308 1052 2359 vt
1088 2298 1205 2359 iam
1247 2299 1425 2360 etiam
1464 2299 1651 2361 adulti
1690 2319 1833 2362 vera
1874 2301 1994 2361 fide
2035 2299 2451 2379 iustificantur,
2511 2299 2674 2377 prius
2714 2317 2896 2378 quam
2937 2300 3318 2359 Sacramenta

400 2387 751 2455 receperint.

476 2457 573 2533 36.
656 2456 809 2518 cum
868 2462 1011 2520 vero
1072 2478 1326 2537 persona
1384 2460 1637 2521 Ministri
1687 2480 1811 2523 non
1864 2472 2183 2521 concurrat
2241 2461 2323 2521 ad
2383 2457 2748 2519 Sacramenti
2801 2459 3115 2521 essentiam
3131 2505 3149 2537 ,
3193 2458 3316 2518 duo

396 2535 729 2597 necessario
764 2537 1093 2599 eliciuntur.
1132 2539 1333 2601 Primo
1375 2539 1722 2619 dignitatem
1753 2540 1877 2602 eius
1918 2544 2017 2601 vel
2049 2540 2457 2620 indignitatem
2477 2538 2626 2601 nihil
2651 2539 2868 2601 addere
2888 2551 2990 2600 aut
3009 2540 3319 2601 detrahere

398 2616 783 2678 sacramentis
798 2662 815 2697 ,
868 2618 1127 2697 ideoque
1173 2639 1288 2681 nec
1337 2622 1619 2698 prodesse
1632 2665 1650 2699 ,
1690 2640 1801 2682 nec
1842 2622 2048 2683 deesse
2081 2619 2568 2682 communicanti.
2611 2620 2888 2680 Secundo
2929 2619 3320 2681 intentionem

400 2696 525 2787 eius
558 2714 684 2756 non
722 2716 1081 2776 promouere
1119 2702 1215 2759 vel
1249 2700 1537 2778 impedire
1576 2702 1884 2780 effectum,
1924 2702 2112 2763 modo
2141 2700 2346 2763 omnia
2377 2700 2758 2760 celebrentur
2797 2699 3124 2761 secundum
3157 2696 3317 2759 insti·

398 2784 715 2837 tutionem.

479 2873 577 2932 37.
654 2856 717 2916 Si
776 2856 933 2919 enim
994 2857 1257 2921 minister
1309 2859 1567 2921 intentus
1618 2859 1695 2921 sit
1732 2860 2064 2921 actionibus
2105 2860 2254 2941 suis,
2294 2860 2435 2921 facit
2472 2860 2636 2939 quod
2688 2859 2884 2921 debet.
2979 2858 3044 2919 Si
3080 2866 3290 2937 peccet
3303 2902 3322 2935 ,

400 2934 555 2996 illius
610 2936 818 2997 vitium
876 2950 999 3019 est,
1045 2957 1170 2999 non
1228 2950 1543 3018 propterea
1596 2941 1652 3001 ὅτ
1711 2942 1909 3001 Deum
1963 2942 2313 3003 mendacem
2353 2941 2582 3002 reddet.
2621 2942 2776 3001 Nam
2819 2952 2882 3001 vt
2921 2941 3170 3001 verbum
3211 2937 3326 2998 Dei

397 3014 581 3076 virtus
630 3030 720 3076 est
758 3018 835 3078 ad
878 3021 1126 3081 salutern
1169 3020 1333 3080 omni
1372 3020 1659 3081 credenti.
1696 3022 1870 3081 Rom.
1918 3041 1970 3081 1.
2012 3024 2100 3083 16.
2149 3022 2200 3083 si
2240 3024 2303 3099 (f.
2352 3024 2528 3098 1731)
2570 3024 2716 3098 pure
2746 3020 3147 3098 praedicetur,
3186 3017 3325 3078 licet

398 3094 525 3173 ipse
576 3096 841 3157 minister
880 3098 957 3159 sit
995 3098 1275 3167 infidelis.
1320 3102 1531 3180 Philtp.
1574 3118 1613 3161 1.
1653 3116 1733 3179 15.
1771 3098 1856 3160 ita
1892 3102 2057 3162 Deus
2095 3122 2200 3179 per
2241 3104 2620 3163 Sacramenta
2660 3097 2823 3161 fideli
2864 3118 3032 3161 suam
3071 3097 3326 3177 gratiam

402 3177 633 3237 confert
688 3178 744 3237 δι
784 3178 1054 3239 Christus
1093 3199 1201 3271 per
1239 3180 1601 3258 baptismum
1640 3182 1849 3241 efficax
1890 3192 1978 3241 est
1998 3226 2016 3259 ,
2055 3181 2198 3243 licet
2235 3184 2416 3243 Iudas
2457 3180 2828 3241 ministraret.
2877 3180 3118 3258 Quippe
3164 3178 3328 3256 quod

404 3254 537 3315 talis
579 3254 653 3316 sit
692 3258 1027 3336 Baptismus
1040 3305 1058 3337 ,
1108 3279 1169 3319 m
1208 3260 1374 3321 cuius
1414 3272 1704 3338 potestate
1737 3261 1911 3321 datur
1924 3306 1941 3337 ,
1981 3279 2106 3322 non
2147 3280 2255 3340 per
2295 3262 2464 3321 cuius
2503 3259 2908 3321 ministerium.

481 3338 579 3411 38.
644 3338 900 3399 Pereunt
975 3358 1117 3432 ergo
1179 3340 1655 3401 aduersariorum
1714 3340 2090 3418 Sophismata
2149 3342 2226 3402 de
2285 3340 2614 3401 intentione
2663 3340 2899 3402 virtuali
2955 3357 3078 3417 qua
3137 3340 3332 3399 forma

406 3414 775 3478 Sacramenti
816 3420 1273 3499 determinetur,
1316 3432 1385 3481 vt
1422 3420 1667 3481 materia
1708 3420 1890 3480 verbi.
1934 3422 2078 3480 Hoc
2120 3422 2278 3481 enim
2307 3424 2516 3483 falsum
2557 3430 2676 3499 est,
2714 3420 2863 3482 illud
2895 3418 3296 3498 perniciosum
3313 3462 3332 3495 ,

404 3505 611 3573 vtpote
652 3498 819 3573 quod
854 3498 1272 3562 certitudinem
1313 3501 1515 3561 salutis
1535 3512 1773 3561 nostrae
1793 3501 2144 3581 labefactat,
2185 3502 2330 3561 dum
2349 3500 2684 3581 ignorantes
2705 3500 2954 3561 aliorum
2977 3498 3332 3560 intentiones

402 3575 481 3635 de
516 3576 737 3637 effectu
778 3578 1304 3641 sacramentorum
1345 3580 1771 3641 dubitaremus.

486 3675 583 3733 39.
666 3658 1049 3720 Sacramenta
1088 3671 1224 3721 sunt
1259 3660 1549 3738 duplicia:
1592 3658 1951 3739 temporaria
1990 3662 2046 3720 δι
2077 3670 2380 3739 perpetua.
2411 3662 2796 3738 Temporaria
2828 3670 2964 3721 sunt
2983 3658 3083 3719 illa
3101 3656 3332 3717 Veteris

402 3736 793 3818 Testamenti,
835 3757 957 3817 qua
994 3740 1212 3801 Christi
1249 3741 1513 3801 aduentu
1554 3742 1734 3801 finem
1775 3751 2172 3817 sumpserunt.
2197 3742 2460 3818 Suntque
2488 3738 2830 3799 communia
2849 3742 2942 3799 vel
2963 3738 3331 3827 miraculosa.

405 3816 763 3878 Communia
822 3830 961 3879 sunt
1014 3819 1403 3898 significatiua
1456 3822 1554 3881 vel
1606 3820 1998 3897 obsignatiua.
2101 3818 2498 3898 Significatiua
2555 3820 2784 3879 tantum
2849 3831 2984 3879 sunt
3037 3817 3335 3878 Sacrificia

404 3898 665 3957 futurum
708 3898 925 3960 Christi
966 3901 1289 3960 aduentum
1332 3900 1657 3979 figurantia.
1698 3899 2086 3979 Obsignatiua
2125 3911 2261 3961 sunt
2302 3898 2690 3962 Circumcisio
2711 3901 2767 3958 &
2787 3900 2996 3977 Agnus
3013 3896 3334 3987 Paschalis3

413 3976 524 4036 Per
567 3976 727 4037 illam
768 3980 895 4041 scil.
936 3979 1223 4057 praeputij
1264 3980 1689 4041 abscissionem
1729 3991 2116 4059 peccatorum
2157 3979 2424 4043 remissio
2455 3977 2918 4057 significabatur,
2973 3982 3030 4039 δι
3069 3979 3336 4038 credenti

408 4054 855 4133 obsignabatur.
897 4060 1009 4119 Per
1048 4060 1209 4121 hunc
1248 4062 1559 4139 analogice
1599 4060 2041 4139 significabatur
2061 4060 2222 4121 fideli
2243 4058 2566 4139 Spiritualis
2585 4058 2815 4119 animae
2834 4058 3075 4118 nutritio
3095 4069 3337 4136 propter

408 4136 713 4197 Christum
754 4142 1155 4201 mactandum.
1242 4140 1605 4201 Miraculosa
1645 4151 1783 4201 sunt
1821 4140 2100 4201 transitus
2131 4160 2240 4219 per
2277 4158 2439 4200 mare
2479 4139 2726 4198 rubrum
2741 4184 2759 4217 ,
2800 4138 3018 4215 nuboe,
3059 4139 3339 4199 columna

408 4214 593 4293 ignis,
634 4237 884 4296 manna,
922 4237 1077 4297 aqua
1117 4239 1195 4280 ex
1232 4231 1431 4299 petra,
1472 4224 1528 4281 δι
1568 4238 1785 4281 aeneus
1826 4240 2088 4297 serpens,
2132 4224 2422 4300 Perpetua
2463 4228 2598 4278 sunt
2637 4218 2737 4279 illa
2771 4219 2930 4279 Noui
2949 4216 3337 4291 Testamenti,

409 4312 562 4373 quae
604 4298 887 4359 duratura
924 4311 1061 4360 sunt
1096 4301 1173 4359 ad
1210 4301 1420 4360 Mundi
1447 4300 2044 4361 consummationem.
2085 4302 2348 4379 Suntque
2369 4302 2491 4359 duo
2511 4298 2857 4359 communia
2876 4299 2986 4359 toti
3005 4296 3337 4371 Ecclesiae,

412 4375 747 4453 Baptismus
787 4380 841 4437 δι
883 4380 1091 4439 Coena
1131 4380 1393 4441 Domini.

1840 4480 1919 4537 34
3078 4480 3170 4531 40.
3255 4458 3336 4513 Vt
