3923 4875
642 342 762 419 378
1477 354 1582 399 nt
1649 356 2075 401 somnae
2133 354 2387 402 uosrs
2440 354 2723 401 ousta.

637 524 1004 595 quantopere
1045 514 1118 577 sit
1159 514 1488 577 necessaria
1529 517 1866 579 communis
1903 516 2004 578 illa
2042 516 2415 596 politicarum
2452 520 2650 596 legum
2692 518 2787 577 vel
2826 516 3189 579 iudicialium
3231 518 3269 577 a
3306 534 3583 578 ceremo-

637 594 890 657 nialibus
948 598 1005 657 ὅτ
1067 596 1498 658 Ecclesiasticis
1554 596 1857 660 distinctio
1871 644 1888 677 ,
1949 610 2263 675 antequam
2318 599 2396 659 de
2446 597 2571 659 iure
2610 596 2979 677 particulari:
3022 616 3147 675 quo
3188 600 3305 659 hae
3348 598 3581 676 species

637 676 794 737 duae
833 674 1242 755 continentur,
1281 675 1698 756 aggrediamur
1735 678 2170 739 enarrationem
2211 677 2555 739 institutam.

717 754 840 815 Hic
893 766 1092 817 autem
1131 754 1222 817 ius
1261 756 1613 835 particulare
1651 758 1714 819 in
1751 760 1884 837 lege
1925 757 2115 819 Mosis
2153 760 2520 836 appellamus
2535 804 2552 837 ,
2594 756 2879 837 quicquid
2919 760 3055 818 Deo
3096 756 3289 817 visum
3334 768 3429 818 est
3468 778 3579 835 per

637 836 872 897 Mosem
925 837 1152 915 populo
1191 854 1302 897 suo
1341 835 1402 897 in
1444 836 1652 898 ritibus
1694 839 1749 898 δι
1788 837 2173 917 ceremoniiS,
2212 837 2277 898 id
2316 848 2433 917 est,
2474 838 2534 898 in
2576 838 2815 915 politeia
2852 841 2909 899 &
2950 836 3225 897 Ecclesia
3260 838 3347 897 ad
3386 838 3573 897 sode-

635 926 818 977 tatem
879 917 1199 977 humanam
1259 919 1316 977 &
1375 915 1642 979 diuinum
1701 920 1928 979 cultum
1980 918 2244 980 indicere
2258 962 2276 995 ,
2334 919 2657 979 secundum
2696 918 3113 996 particularem
3151 916 3569 978 conditionem

635 994 792 1057 illius
831 995 1040 1077 populi
1079 996 1176 1057 cui
1215 998 1406 1076 legem
1447 1000 1670 1059 ferebat
1710 1000 1902 1059 Deus:
1958 998 2466 1077 quemadmodum
2506 998 2597 1058 ius
2636 997 3089 1059 Atheniensium
3103 1043 3122 1076 ,
3160 998 3571 1059 Lacedaemo-

635 1076 872 1138 niorum
887 1121 905 1156 ,
967 1078 1382 1138 Romanorum
1397 1122 1416 1155 ,
1467 1088 1570 1138 aut
1617 1080 1926 1140 Persarum
1941 1124 1958 1157 ,
2002 1078 2328 1139 aliorumue
2368 1080 2749 1157 appellamus.
2808 1080 3057 1139 Habent
3096 1076 3257 1138 enim
3294 1078 3567 1156 singulae

636 1166 846 1235 gentes
860 1200 880 1236 ,
919 1155 1214 1237 ciuitates,
1253 1157 1524 1235 adeoque
1561 1158 1880 1237 municipia
1917 1160 2039 1237 ipsa
2055 1204 2073 1239 ,
2111 1178 2183 1220 ac
2222 1159 2407 1219 ferme
2447 1157 2561 1219 vici
2600 1157 2941 1219 affectiones
2981 1157 3271 1235 quasdam
3308 1157 3567 1235 particu-

634 1236 786 1297 lares
803 1279 822 1313 ,
881 1248 1125 1315 propter
1186 1254 1334 1315 quas
1393 1236 1766 1315 particularia
1827 1238 1954 1299 iura
2006 1238 2303 1300 introduci
2340 1240 2565 1315 solent,
2605 1240 2661 1299 &
2700 1249 2981 1317 possunt,
3022 1240 3078 1298 δι
3116 1238 3371 1298 debent:
3414 1255 3571 1315 quae

635 1314 779 1377 alibi
835 1316 887 1377 si
947 1315 1314 1395 obtinerent,
1375 1318 1784 1379 communitati
1833 1320 2124 1382 damnosa
2174 1320 2387 1379 forent.
2450 1321 2521 1379 In
2566 1319 2726 1379 hunc
2763 1317 2939 1396 igitur
2980 1317 3229 1379 modum
3267 1319 3437 1377 Deus
3476 1316 3567 1376 ius

639 1396 1024 1537 Ρεηίεὲινῠεπῖπ
1037 1398 1264 1536 populo
1315 1398 1548 1460 Israelis
1587 1397 1761 1473 dixit,
1802 1392 2081 1478 legesque
2122 1389 2505 1477 particulares
2542 1398 2698 1478 tulit,
2747 1398 2826 1459 de
2867 1398 3085 1475 quibus
3122 1414 3281 1457 nunc
3318 1396 3567 1457 institui-

635 1492 767 1537 mus
909 1500 942 1537 τ
1153 1494 1325 1539 icere.

713 1558 850 1617 Hae
905 1500 1106 1617 autgm
1153 1556 1348 1636 legeS,
1395 1572 1788 1637 quaecunque
1833 1557 1975 1621 iurls
2028 1557 2399 1637 particularis
2436 1567 2573 1619 sunt
2610 1561 2649 1619 a
2687 1559 2821 1619 Deo
2860 1558 3051 1636 latae,
3090 1571 3301 1618 omnes
3340 1556 3485 1617 inde
3526 1558 3565 1615 a

633 1634 928 1715 principio
992 1653 1102 1697 suo
1165 1637 1400 1697 suerunt
1437 1638 1766 1701 mutabiles.
1829 1640 1985 1699 Nam
2028 1656 2238 1699 omnes
2276 1648 2521 1731 propter
2559 1638 2722 1699 aliu-:l
2763 1640 2917 1698 latae
2961 1648 3129 1716 sunt,
3170 1638 3227 1697 δε
3266 1636 3345 1697 de
3386 1654 3565 1713 repu-

634 1714 794 1776 blica
853 1716 1149 1795 mutabili,
1209 1719 1266 1778 &
1327 1716 1556 1779 ratione
1607 1736 1800 1779 rerum
1817 1762 1835 1799 ,
1885 1736 2274 1797 personarum
2289 1763 2307 1792 .,
2349 1716 3017 1795 circunstantianimque
3056 1716 3429 1777 mutabilium
3444 1761 3463 1793 ,
3502 1720 3563 1776 δι

637 1796 824 1856 modo
863 1794 1165 1877 mutabili,
1204 1796 1262 1857 δι
1299 1796 1378 1857 ad
1417 1798 1808 1861 mutationem
1845 1799 2202 1861 destinatae:
2242 1814 2397 1876 quae
2434 1817 2529 1859 res
2566 1798 2645 1859 de
2684 1798 2913 1878 legibus
2942 1798 3014 1859 iis
3046 1816 3199 1875 quae
3218 1796 3565 1875 simpliciter

631 1876 886 2017 mort-{ages
941 1886 1111 1969 sunt,
1157 1894 1231 1938 ae
1285 1895 1408 1950 non
1449 1876 1746 1941 institutae
1785 1878 2113 1941 secundum
2154 1878 2327 1959 quid,
2370 1898 2493 1941 non
2536 1888 2733 1959 potest
2772 1894 2910 1939 cum
2952 1878 3181 1939 ratione
3219 1878 3277 1936 δι
3316 1876 3565 1937 veritate

637 1975 744 2033 pra
821 1972 986 2019 ican.

711 2034 842 2097 Etsi
876 2046 1074 2096 autem
1117 2054 1326 2099 omnes
1360 2036 1702 2100 huiusmodi
1740 2041 1900 2119 leges
1931 2050 2069 2100 sunt
2108 2040 2436 2100 secundum
2476 2058 2540 2101 se
2578 2048 2787 2100 natura
2824 2056 2931 2099 sua
2962 2036 3304 2098 mutabiles:
3346 2037 3561 2096 harum

635 2124 832 2176 tamen
871 2114 1022 2176 aliae
1061 2128 1368 2177 seruantur
1405 2116 1616 2192 libere,
1659 2120 1999 2212 Vbicunque
2036 2118 2228 2180 visum
2268 2128 2385 2199 est,
2425 2138 2535 2197 pro
2574 2118 2805 2179 ratione
2842 2116 3367 2195 communitatum,
3411 2116 3563 2175 aliae

633 2214 707 2255 ex
759 2196 920 2257 sacto
969 2206 1229 2257 mutatae
1275 2208 1442 2275 sunt,
1495 2216 1692 2277 neque
1744 2202 1996 2278 amplius
2035 2201 2443 2260 obseruantur.
2498 2200 2721 2277 Estque
2760 2199 2909 2259 haec
2946 2196 3224 2273 mutatiO,
3264 2214 3449 2275 quam
3486 2195 3565 2255 de

629 2274 754 2335 istis
791 2274 1022 2355 legibus
1060 2275 1199 2337 iuris
1237 2277 1604 2355 particularis
1641 2280 2031 2359 affirmamus,
2073 2281 2251 2358 longe
2290 2278 2545 2357 amplior
2584 2278 2907 2340 mutatione
2944 2276 3046 2337 illa
3086 2294 3267 2353 quam
3288 2276 3349 2337 in
3368 2275 3565 2353 capite

630 2355 1023 2434 praecedente
1066 2357 1143 2418 de
1183 2356 1412 2435 legibus
1453 2359 1786 2421 communis
1829 2358 1969 2421 iuris
2010 2358 2377 2421 dicebamus.
2428 2360 2585 2419 Nam
2624 2359 2685 2419 in
2722 2357 2835 2419 illis
2874 2356 3327 2417 circunstantiae
3366 2358 3562 2417 solum

628 2432 906 2496 dicuntur
947 2435 1175 2499 variare
1216 2439 1544 2500 secundum
1584 2441 1888 2518 quandam
1932 2439 2208 2521 rationis,
2250 2459 2401 2520 quae
2441 2437 2531 2500 ius
2570 2441 2897 2501 humanum
2938 2436 3125 2498 dictat
3138 2483 3158 2514 ,
3196 2434 3559 2515 analogiam:

629 2536 704 2576 ac
741 2515 996 2594 proinde
1037 2517 1285 2580 mutatio
1329 2520 1394 2580 fit
1431 2538 1507 2580 ex
1545 2531 1713 2600 parte
1753 2521 2072 2598 duntaxat,
2112 2538 2298 2598 eaque
2337 2519 2607 2582 minima:
2648 2519 2709 2580 in
2749 2517 2841 2580 his
2879 2527 3077 2580 autem
3112 2517 3373 2596 legibus,
3406 2533 3561 2594 quae

629 2595 876 2658 omniuo
936 2609 1074 2658 sunt
1123 2608 1334 2660 natura
1385 2599 1696 2662 mutabiles
1709 2647 1727 2680 ,
1781 2600 2031 2662 mutatio
2072 2601 2139 2660 fit
2176 2603 2299 2662 siue
2340 2621 2413 2662 ex
2452 2611 2645 2679 parte,
2684 2599 2809 2662 siue
2846 2598 3121 2658 vniuerse
3136 2643 3153 2674 ,
3196 2616 3319 2657 non
3360 2598 3557 2657 solum

627 2675 1200 2816 circuiristantiarum
1237 2677 1332 2760 (vt
1365 2677 1428 2740 in
1467 2679 1580 2742 illis
1618 2697 1773 2759 quae
1811 2678 1955 2742 iuris
1996 2680 2333 2742 communis
2372 2683 2535 2758 sunt)
2576 2683 2783 2740 verum
2822 2677 3003 2739 etiam
3042 2677 3130 2738 rei
3164 2677 3347 2766 ipsius
3376 2677 3559 2754 impe·

629 2767 795 2816 ratae
855 2775 986 2836 ege.

702 2837 965 2897 'Rursum
1022 2842 1163 2900 vero
1217 2856 1610 2919 quaecunque
1659 2841 1822 2920 leges
1858 2841 1979 2901 hoc
2020 2841 2205 2904 modo
2247 2850 2505 2902 mutatae
2548 2849 2714 2915 sunt,
2752 2849 2855 2898 aut
2892 2839 3201 2900 voluntate
3238 2835 3551 2896 hominum

627 2915 814 2978 libera
829 2961 844 2987 ,
887 2935 998 2996 pro
1038 2918 1466 2980 commoditate
1505 2938 1920 2999 personarum,
1964 2938 2159 2981 rerum
2198 2941 2270 2981 ac
2312 2917 2862 2982 circunstantiarum
2904 2915 3210 2995 depositae
3248 2922 3415 2974 sunt:
3456 2926 3557 2975 aut

625 3015 700 3056 ex
759 2997 1108 3060 necessitate
1159 2998 1390 3078 penitus
1443 3000 1811 3079 antiquatae:
1866 3000 2035 3060 cuius
2095 2999 2325 3080 generis
2364 3011 2502 3062 sunt
2540 3015 2930 3078 quaecunque
2967 2998 3047 3057 ad
3088 2997 3361 3056 vmbram
3402 2997 3553 3056 sutu-

626 3093 830 3137 rorum
906 3079 1136 3139 fuerant
1213 3076 1528 3141 institutae.
1591 3081 1791 3142 Colos.
1869 3100 1924 3140 2.
1994 3097 2085 3156 17.
2164 3081 2319 3140 Nam
2377 3098 2629 3158 quarum
2688 3075 3157 3140 ceremoniarum
3216 3093 3438 3153 corpus
3494 3074 3555 3134 in

626 3155 864 3218 Christo
931 3169 1022 3220 est
1036 3203 1054 3238 ,
1117 3176 1320 3220 earum
1381 3171 1510 3222 tota
1566 3162 1623 3221 &
1685 3159 2025 3222 obseruatio
2082 3160 2145 3221 in
2199 3161 2471 3222 Ecclesia
2507 3158 2717 3239 periit:
2760 3156 3269 3236 quemadmodum
3310 3157 3559 3216 vmbrae

625 3236 985 3298 adueniente
1051 3239 1191 3300 Sole
1243 3239 1475 3318 dispelli
1515 3242 1728 3302 solent.
1793 3241 2177 3318 Quapropter
2216 3240 2393 3302 etiam
2446 3241 2671 3319 optime
2713 3245 3155 3317 argumentatur
3193 3237 3555 3313 ApostoluS,

625 3315 870 3377 dicens:
911 3317 1045 3396 Ego
1087 3321 1304 3379 Paulus
1345 3320 1486 3381 dico
1525 3321 1696 3382 vobis
1712 3366 1731 3399 ,
1771 3320 1822 3382 si
1861 3319 2350 3382 circuncidamini
2363 3366 2380 3399 ,
2414 3320 2715 3382 Christum
2752 3317 2899 3378 nihil
2936 3315 3109 3378 vobis
3148 3316 3551 3394 profuturum3

623 3406 811 3457 testor
873 3397 1038 3458 omni
1097 3398 1328 3460 homini
1385 3399 1489 3478 qui
1547 3399 1991 3462 circumciditur
2004 3443 2022 3479 ,
2078 3417 2215 3461 eum
2256 3419 2383 3462 esse
2424 3400 2755 3462 debitorem
2792 3396 3118 3458 seruandae
3154 3394 3339 3456 totius
3376 3393 3550 3473 legis:

529 3547 546 3558 ·
621 3475 826 3536 inanes
876 3477 1018 3537 facti
1073 3478 1210 3540 estis
1224 3525 1242 3556 ,
1295 3479 1548 3558 separati
1587 3485 1626 3542 a
1665 3479 1904 3542 Christo
1919 3525 1938 3558 ,
1979 3480 2319 3558 quicunque
2358 3499 2465 3558 per
2501 3482 2696 3558 legem
2736 3475 3130 3539 iustificamini
3144 3520 3163 3553 ,
3204 3475 3259 3535 δι
3297 3477 3338 3534 ὲ
3364 3473 3549 3553 gratia

623 3554 945 3618 excidistis,
1007 3557 1206 3619 Galat.
1271 3575 1326 3636 5.
1370 3579 1424 3618 2.
1467 3580 1528 3637 3.
1572 3561 1628 3620 &
1668 3559 1838 3621 alibi:
1901 3561 1995 3621 Ne
2033 3559 2165 3637 quis
2206 3580 2316 3622 vos
2357 3563 2602 3622 damnet
2638 3561 2720 3620 ob
2760 3557 2994 3636 cibum,
3035 3557 3131 3616 vel
3166 3563 3409 3633 potum,
3452 3563 3551 3614 aut

623 3647 897 3714 respectu
957 3636 1118 3714 festi,
1173 3649 1276 3698 aut
1313 3639 1602 3717 nouilunij
1619 3685 1638 3720 ,
1677 3651 1780 3701 aut
1819 3641 2278 3702 sabbathorum:
2334 3659 2489 3718 quae
2525 3651 2661 3701 sunt
2704 3639 2913 3699 vmbra
2948 3653 3145 3698 rerum
3184 3637 3511 3695 futurarum
3529 3677 3547 3711 ,

620 3726 682 3776 at
747 3733 969 3796 corpus
1007 3730 1096 3779 est
1138 3718 1374 3780 Christi.
1436 3722 1611 3797 Quae
1647 3724 1793 3782 vero
1834 3720 2209 3782 ceremoniae
2250 3723 2328 3782 ad
2369 3721 2635 3782 ordinem
2677 3717 2873 3798 potius
2912 3731 3293 3778 communem
3308 3759 3327 3788 ,
3368 3717 3547 3792 quam

621 3795 700 3856 ad
752 3798 1024 3858 vmbram
1075 3799 1409 3861 futurorum
1461 3801 1762 3861 bonorum
1801 3801 2237 3880 pertinuerunt,
2276 3821 2385 3864 eae
2424 3801 2570 3862 citra
2607 3797 3017 3860 necessitatem
3057 3796 3395 3856 absolutam
3435 3812 3547 3871 pro

619 3875 862 3938 arbitrio
908 3875 1218 3938 hominum
1261 3881 1317 3940 δι
1359 3879 1789 3941 commoditate
1829 3880 2073 3958 publica
2114 3881 2471 3942 desiverunt.
2533 3881 2910 3958 Quapropter
2950 3874 3091 3937 mihi
3136 3873 3382 3952 quidem
3419 3891 3549 3950 per-

615 3958 812 4036 placet
853 3957 1192 4019 communis
1230 3957 1328 4020 illa
1361 3959 1848 4022 scholasticorum
1891 3959 2194 4021 distinctio
2210 4005 2227 4029 ,
2268 3979 2388 4037 qua
2424 3969 2740 4039 praecepta
2778 3955 2965 4018 Mosis
3002 3955 3297 4016 iudicialia
3312 3965 3549 4014 mortua

617 4053 746 4097 esse
787 4036 1156 4099 tradiderunt
1172 4083 1190 4117 ,
1233 4038 1294 4098 id
1337 4051 1426 4101 est
1440 4085 1458 4118 ,
1499 4059 1624 4101 non
1665 4043 1746 4101 ita
1785 4041 1985 4102 viuere
2039 4051 2101 4101 vt
2134 4040 2429 4120 obligent:
2468 4031 2883 4101 ceremonialia
2898 4039 3042 4097 vero
3065 4053 3194 4095 esse
3212 4034 3519 4125 mortifera
3532 4079 3549 4110 ,

615 4114 677 4175 id
733 4126 852 4194 est,
907 4135 1032 4178 non
1075 4137 1252 4196 posse
1293 4119 1546 4198 amplius
1585 4119 1814 4200 viuere,
1858 4131 1958 4181 aut
1998 4121 2150 4181 inter
2188 4121 2454 4182 viuentes
2495 4119 2830 4191 obseruari,
2868 4115 3014 4195 quin
3054 4114 3140 4176 rei
3178 4123 3388 4175 mortis
3426 4115 3547 4174 effi·

613 4194 848 4256 ciantur
888 4197 1230 4276 quicunque
1271 4217 1518 4277 operam
1557 4201 1704 4262 dant
1747 4219 1955 4262 eorum
1996 4201 2422 4279 obser-nationi,
2462 4211 2641 4280 prout
2676 4199 3085 4274 Hieronymus
3104 4196 3159 4254 δι
3184 4192 3563 4274 Augustinus⁹

611 4273 670 4334 in
716 4276 1001 4356 Epistolis
1039 4279 1162 4338 suis
1201 4279 1387 4340 locuti
1425 4289 1580 4342 sunt.

689 4355 998 4416 Iudicialia
1047 4370 1244 4418 autem
1285 4378 1358 4436 pr
1374 4371 1622 4440 accepta
1667 4359 1857 4422 Mosis
1904 4371 2141 4421 mortua
2182 4381 2309 4422 esse
2350 4363 2485 4422 curn
2526 4359 2807 4438 dicimus,
2828 4356 3167 4435 simpliciter
3185 4350 3545 4414 eaconside-

3340 4449 3541 4491 ramus
