3923 4875
19 3724 37 4589 ==-'‡=··v·*===e·w-——

1218 388 1801 434 parom-rut
1861 387 2124 434 mosis
2182 391 2468 434 ousta.
3210 377 3322 453 367

410 565 725 615 nautarum
780 551 841 612 in
897 549 1287 613 obseruandis
1337 551 1526 612 ventis
1580 551 1965 612 damnaturus
2015 563 2133 613 est:
2175 551 2232 611 δι
2273 552 2416 612 dum
2457 563 2828 614 constantem
2867 563 3330 633 perpetuamque

416 635 706 696 rationem
750 651 987 693 seruare
1025 643 1227 711 putat,
1288 651 1383 692 res
1423 631 1578 709 ipsas
1616 631 1831 709 quibus
1872 631 2022 691 ratio
2062 631 2351 709 consulit,
2398 644 2607 692 contra
2647 633 2936 694 rationem
2977 635 3330 714 perditurus·

406 717 478 776 In
536 715 705 792 om(f.
778 711 1134 791 1511)nibus
1194 712 1372 773 rebus
1430 711 1819 790 procurandis
1872 711 2220 790 sapientiam
2282 713 2338 771 &
2379 713 2667 772 rationem
2710 713 3008 792 duplicem
3049 733 3197 793 opus
3239 727 3330 776 est

410 793 711 857 adhiberi:
770 795 969 852 Vnam
1033 810 1445 869 communem,
1507 792 1565 850 &
1602 791 2016 870 particularem
2058 794 2320 854 alteram.
2373 792 2672 870 Sapientia
2710 797 2764 854 &
2804 795 2955 855 ratio
2997 796 3330 856 communis

411 885 535 953 est,
574 891 729 951 quae
768 875 846 933 ab
886 872 1129 933 homine
1168 882 1468 952 spectatur
1507 871 1849 950 simpliciter
1888 872 2012 932 siue
2051 873 2347 944 absolute,
2394 874 2720 934 secundum
2761 885 3029 935 naturam
3068 874 3248 953 ipsius
3267 875 3330 934 in

412 973 477 1016 se
536 953 877 1032 sapientiae.
938 952 1309 1012 Particularis
1361 962 1449 1013 est
1483 951 1766 1031 sapientia
1804 951 1927 1012 siue
1969 953 2118 1013 ratio
2158 953 2287 1031 illa,
2347 969 2522 1030 quam
2563 955 2749 1014 homo
2790 955 3118 1016 secundum
3157 954 3327 1034 quid,

411 1034 473 1095 id
516 1046 632 1109 est,
672 1033 995 1094 secundum
1038 1034 1286 1092 modum
1327 1049 1529 1092 earum
1571 1049 1767 1092 rerum
1808 1031 2078 1110 adhibet,
2117 1032 2174 1092 in
2218 1033 2431 1110 quibus
2469 1033 2747 1112 occupari
2786 1053 2938 1112 opus
2978 1047 3066 1096 est
3097 1035 3330 1114 sapien·-

410 1113 551 1174 tiam
614 1117 669 1174 ἃ
712 1112 1002 1174 rationem
1042 1110 1244 1190 ipsius.
1305 1113 1479 1172 Haec
1541 1112 1665 1172 duo
1719 1111 2037 1190 sapientiae
2078 1113 2438 1192 rationisque
2478 1133 2696 1192 genera
2735 1113 2796 1174 in
2836 1117 3013 1175 rebus
3053 1115 3332 1176 omnibus

408 1193 654 1272 agendis
695 1210 847 1271 opus
887 1203 977 1253 est
1016 1209 1389 1252 concurrere.
1430 1193 1585 1252 Nam
1627 1191 1893 1270 quisquis
1933 1191 2130 1270 priore
2170 1193 2270 1254 illa
2307 1211 2431 1253 non
2463 1193 2670 1268 vtitur,
2711 1192 2989 1271 insipiens
3018 1206 3107 1256 est
3127 1197 3333 1276 plane3

408 1273 673 1351 quisquis
712 1271 1070 1352 posteriore,
1110 1275 1317 1332 saltem
1357 1273 1809 1350 quodammodo
1851 1271 2132 1351 insipiens
2171 1284 2286 1354 est3
2339 1284 2639 1352 vtcunque
2677 1273 2790 1335 sibi
2829 1274 3150 1354 sapientiae
3181 1275 3334 1336 illius

408 1353 772 1431 rationisque
835 1351 1170 1412 communis
1222 1351 1465 1412 nomine
1506 1353 1827 1430 applaudat
1866 1351 2010 1430 ipse.
2095 1354 2249 1414 Cum
2289 1352 2487 1430 itaque
2527 1375 2731 1415 carum
2773 1359 3024 1415 omnium
3063 1357 3151 1417 ad
3180 1376 3330 1434 quae

411 1435 733 1513 respiciunt
784 1434 1076 1492 humanae
1134 1434 1285 1506 leges
1344 1433 1545 1491 modus
1596 1435 1951 1510 conditioque
1990 1435 2071 1494 sit
2106 1435 2464 1511 huiusmodi,
2505 1443 2570 1496 vt
2604 1442 2728 1493 tum
2769 1446 2996 1515 semper
3031 1439 3333 1497 mutabiles

412 1515 533 1573 sint
586 1533 683 1572 res
744 1516 807 1572 in
866 1531 987 1572 sese
1044 1515 1205 1589 (nam
1266 1514 1426 1572 solus
1476 1513 1639 1572 Deus
1698 1511 2097 1588 immutabilis)
2158 1521 2276 1572 tum
2338 1533 2404 1573 esc
2427 1513 2602 1590 facto
2641 1524 2929 1576 mutentur
2957 1518 3288 1595 plurimum
3306 1536 3327 1575 .-

412 1591 659 1653 omnino
698 1592 849 1652 iuste
888 1612 961 1652 ex
1003 1611 1076 1652 eo
1118 1593 1563 1671 concludimuS,
1604 1595 1920 1671 propterea
1961 1593 2124 1670 quod
2167 1613 2269 1654 eae
2310 1613 2405 1653 res
2426 1605 2562 1654 sunt
2593 1595 2922 1673 mutabileS‚
2943 1614 3013 1655 ac
3033 1605 3333 1656 mutantur

411 1672 732 1750 plurimum
747 1716 764 1749 ,
827 1675 996 1732 etiam
1055 1673 1209 1746 leges
1267 1691 1418 1749 quae
1474 1673 1543 1731 de
1604 1675 1684 1732 eis
1745 1675 2027 1733 ordinant
2074 1677 2304 1733 mutari
2325 1684 2505 1753 posse
2543 1676 2632 1733 ad
2660 1677 2951 1734 commun?
2987 1676 3215 1752 bonum,
3257 1678 3334 1736 ὅγ’

402 1755 752 1832 plerumque
790 1755 1015 1811 nmtari
1055 1753 1227 1811 etiam
1268 1759 1566 1828 oportere:
1608 1751 1765 1828 Quia
1804 1771 1898 1812 res
1938 1751 2081 1812 alias
2121 1752 2248 1814 aliis
2289 1754 2725 1832 contemperari
2759 1773 2998 1815 necesse
3019 1765 3139 1836 est3
3168 1775 3336 1834 prae-

416 1832 589 1911 cipue
648 1835 793 1892 vero
856 1850 961 1892 eos
1014 1831 1115 1909 qui
1152 1831 1393 1909 publica
1432 1831 1780 1893 auctoritate
1820 1843 1955 1893 sunt
1997 1834 2270 1911 praediti,
2330 1843 2394 1893 vt
2433 1834 2720 1894 rationem
2761 1853 2926 1894 suam
2966 1846 3154 1896 totam
3194 1855 3334 1897 con·

412 1923 651 1971 sumant
692 1912 769 1971 ad
811 1929 1131 1972 commune
1169 1911 1427 1988 bonum,
1488 1931 1591 1972 eos
1632 1911 1873 1990 inquam
1910 1912 1984 1989 (si
2022 1913 2359 1990 quisquam)
2401 1912 2819 1990 aequissimum
2861 1925 2949 1975 est
2986 1915 3215 1977 ratione
3253 1915 3338 1976 vti

414 1990 891 2070 diligentissime,
930 2002 994 2051 vt
1034 1990 1311 2070 consilia,
1351 1993 1544 2070 legeS,
1587 1992 1645 2050 &
1682 1990 1944 2052 actiones
1985 2011 2120 2053 suas
2159 2011 2362 2053 earum
2383 2011 2579 2054 rerum
2610 1994 2794 2056 modo
2815 1994 3031 2072 quibus
3057 2008 3337 2074 praesunt

416 2073 473 2131 δι
536 2070 868 2131 conditioni
930 2073 1419 2148 accommodent,
1480 2071 1529 2131 si
1592 2084 1818 2132 rectum
1880 2073 2117 2132 clauum
2181 2074 2370 2150 (quod
2429 2072 2615 2149 aiunt)
2657 2073 2717 2134 in
2759 2091 2864 2135 sua
2903 2075 3331 2167 gubernatione

415 2161 619 2212 tenere
681 2152 922 2211 volunt:
986 2150 1092 2211 sed
1154 2149 1381 2243 integra
1434 2171 1669 2230 semper
1726 2163 1922 2212 tamen
1968 2153 2270 2212 communi
2303 2152 2402 2213 illa
2440 2153 2669 2214 ratione
2709 2157 2764 2215 δι
2805 2154 3118 2233 sapientia,
3181 2174 3334 2233 quae

417 2233 578 2310 leges
619 2231 983 2292 necessarias
1025 2231 1207 2290 docet
1246 2230 1588 2309 simpliciter
1625 2233 2056 2310 obseruandaS,
2098 2235 2153 2292 δι
2193 2233 2254 2292 in
2294 2235 2472 2293 rebus
2511 2235 2959 2312 particularibus
2981 2237 3334 2296 flectendam

415 2309 995 2371 administrationem
1058 2310 1266 2370 suadet
1325 2309 1561 2372 vtiliter.
1615 2315 1813 2388 Atque
1874 2313 2025 2374 haec
2085 2313 2376 2390 posterior
2434 2332 2630 2374 rerum
2691 2313 2752 2373 in
2791 2315 3022 2392 legibus
3059 2315 3334 2375 humanis

417 2390 791 2452 mutabilium
834 2389 989 2452 iatio
1032 2391 1109 2450 ad
1155 2391 1317 2469 leges
1356 2409 1597 2471 quoque
1636 2393 1835 2454 ciuiles
1876 2396 1913 2453 ὲ.
1953 2395 2127 2455 Mose
2166 2397 2314 2455 latas
2353 2393 2630 2475 pertinet,
2677 2395 2754 2456 de
2795 2395 3008 2473 quibus
3028 2395 3336 2474 speciatim

416 2473 701 2551 deinceps
742 2472 960 2531 dicturi
1000 2488 1217 2531 sumuS.

1678 2658 2064 2668 ————-———

1705 2842 1757 2902 C
1778 2844 1834 2902 A
1856 2844 1921 2901 P.
1982 2845 2063 2904 V.

871 3024 957 3081 De
996 3038 1066 3079 ea
1092 3028 1275 3101 parte
1312 3020 1605 3099 speciatim
1620 3062 1639 3097 ,
1678 3038 1828 3097 quae
1866 3020 1929 3079 in
1968 3020 2191 3096 legibus
2231 3022 2426 3081 Mosis
2468 3028 2556 3079 est
2590 3022 2902 3083 mutabilis.

498 3198 841 3267 PoervAM
882 3195 1058 3277 igitur
1096 3196 1326 3277 legibus
1366 3196 1669 3269 humanis,
1709 3214 1829 3257 non
1874 3197 2068 3257 solum
2109 3194 2338 3257 ratione
2378 3196 2684 3257 communi
2723 3196 2860 3276 illa,
2913 3198 3114 3258 verum
3155 3197 3336 3260 etiam

418 3278 532 3337 hae
572 3276 849 3355 singulari
890 3277 1147 3355 quadam
1165 3323 1183 3356 ,
1225 3278 1301 3337 de
1342 3278 1520 3337 rebus
1562 3277 1941 3337 mutabilibus
1983 3276 2340 3337 mutabiliter
2374 3276 2626 3337 diximus
2647 3278 2937 3357 prospici;
2977 3289 3158 3339 restat
3176 3295 3337 3339 nunc

420 3368 483 3417 vt
518 3356 581 3415 in
614 3358 845 3437 legibus
884 3357 1071 3417 Mosis
1092 3402 1109 3434 ,
1150 3356 1297 3434 quid
1338 3357 1625 3418 mutabile
1665 3357 1741 3416 de
1784 3358 1960 3417 rebus
2003 3356 2384 3418 mutabilibus
2422 3358 2806 3419 constitutum
2847 3357 3047 3432 fuerit,
3089 3358 3336 3418 demon-

420 3448 689 3497 stremus.
752 3439 877 3497 Lex
939 3436 1094 3497 enim
1155 3436 1343 3497 Mosis
1404 3436 1497 3516 (vt
1556 3439 1693 3497 ante
1753 3436 1947 3513 capite
2006 3436 2270 3498 secundo
2332 3437 2697 3513 dicebamus)
2737 3438 2845 3497 etsi
2884 3439 3334 3515 quodammodo

426 3519 755 3577 secundum
817 3516 1172 3595 principium
1231 3515 1433 3577 diuina
1492 3528 1613 3595 est,
1673 3527 1873 3576 tamen
1934 3517 2260 3577 secundum
2302 3518 2556 3577 sormam
2596 3528 2901 3578 externam
2940 3534 3126 3579 suam·
3149 3519 3336 3579 modo

419 3596 683 3657 humano
736 3608 855 3677 est,
910 3596 1357 3675 quodammodo
1400 3598 1659 3657 humana
1708 3612 1945 3673 quoque
1987 3595 2241 3657 dicenda
2281 3608 2386 3657 est.
2441 3600 2524 3656 Vt
2565 3616 2707 3677 ergo
2748 3596 2810 3658 in
2851 3597 3211 3676 legislatore,
3250 3597 3335 3658 sic

422 3676 598 3737 etiam
650 3675 711 3735 in
761 3676 894 3755 lege
930 3678 1009 3739 ab
1051 3695 1125 3738 eo
1166 3677 1285 3736 lata
1324 3676 1617 3737 rationem
1656 3675 1955 3753 duplicem
2000 3694 2152 3755 opus
2191 3689 2281 3738 est
2318 3676 2667 3737 conuenire:
2720 3678 3136 3755 Communem,
3180 3696 3334 3754 quae

421 3766 509 3817 est
550 3754 932 3817 immutabilis
972 3756 1097 3817 iure
1138 3754 1546 3832 meritissim03
1580 3760 1635 3817 &
1675 3756 2030 3835 singularem
2071 3758 2422 3835 quamdam,
2482 3774 2636 3834 quae
2677 3766 3147 3835 temperamento
3181 3756 3334 3819 iusto

420 3834 739 3897 mutabilis.
779 3838 873 3897 De
913 3835 1219 3896 communi
1258 3835 1485 3897 ratione
1524 3836 1581 3896 &
1615 3834 1998 3909 immutabili,
2041 3843 2228 3914 eaque
2260 3835 2683 3915 perfectissima
2711 3836 2770 3896 in
2802 3840 2932 3917 lege
2949 3835 3138 3897 Mosis
3157 3856 3336 3916 expo·

420 3914 565 3988 sita,
623 3919 799 3976 antea
861 3915 1145 3976 diximus:
1207 3916 1285 3975 de
1325 3916 1593 3977 mutabili
1632 3917 1802 3978 locus
1841 3915 2138 3977 difficilior
2179 3916 2426 3978 videtur.
2481 3916 2890 3993 Quamobrem
2931 3916 3336 3979 definitionem

421 3994 676 4072 primum
732 3995 1027 4057 mutabilis
1084 3994 1237 4055 illius
1276 3995 1457 4073 partis
1496 4014 1698 4059 sumus
1738 3996 1998 4073 allaturi,
2057 3996 2272 4058 deinde
2311 4002 2454 4058 vero
2495 4016 2565 4057 ex
2608 3996 2950 4058 definitione
2983 4007 3182 4075 partes
3219 3996 3335 4058 sin-

416 4076 581 4153 gulas
636 4074 1000 4154 excerpturi,
1059 4076 1113 4137 &
1164 4074 1497 4137 minutatim
1551 4074 1915 4155 explicaturi'
1939 4080 2087 4137 κατὰ
2120 4082 2294 4154 μίτον
2333 4096 2485 4156 quae
2524 4078 2603 4139 ad
2639 4077 2814 4138 huius
2851 4076 3210 4155 quaestionis
3249 4076 3335 4137 in-

415 4153 799 4235 telligentiam
840 4173 991 4234 opus
1031 4154 1409 4216 videbuntur.

504 4236 676 4295 Thes.
721 4254 811 4295 22.
865 4236 1187 4296 Mutabiles
1227 4242 1368 4296 sunt
1408 4237 1471 4295 in
1512 4238 1636 4313 lege
1673 4238 1870 4297 Mosis
1896 4238 2310 4317 particulares
2351 4238 2488 4297 illae
2527 4238 3048 4317 determinationes,
3086 4238 3176 4298 ad
3184 4255 3335 4315 quas

408 4332 475 4373 ex
532 4316 780 4375 immotis
826 4317 1149 4395 princtpits
1196 4317 1695 4393 communibusque
1743 4318 2201 4376 conclusionibus
2226 4318 2577 4397 proceditur
2629 4322 2934 4379 secundam
2982 4320 3210 4379 modam
3251 4324 3331 4383 ἃ

412 4396 785 4455 conditionem
840 4414 1039 4455 eorum
1053 4439 1071 4471 ,
1126 4413 1277 4471 quae
1321 4396 1571 4457 subsunt
1604 4398 1963 4456 ordinationi
1994 4398 2175 4471 legis:
2221 4408 2322 4457 aut
2335 4441 2353 4475 ,
2399 4396 2449 4458 si
2488 4395 2620 4476 quis
2659 4398 2738 4459 ita
2778 4400 3002 4459 mauult
3042 4403 3129 4474 (vt
3167 4416 3333 4460 com-

3097 4478 3332 4543 modius
