<?xml version="1.0" encoding="UTF-8"?>
<!DOCTYPE html PUBLIC "-//W3C//DTD XHTML 1.0 Transitional//EN"
    "http://www.w3.org/TR/xhtml1/DTD/xhtml1-transitional.dtd">
<html xmlns="http://www.w3.org/1999/xhtml" xml:lang="en" lang="en">
 <head>
  <title>
</title>
<meta http-equiv="Content-Type" content="text/html;charset=utf-8" />
  <meta name='ocr-system' content='tesseract 3.04.00' />
  <meta name='ocr-capabilities' content='ocr_page ocr_carea ocr_par ocr_line ocrx_word'/>
</head>
<body>
  <div class='ocr_page' id='page_1' title='image "./dfranciscijunii00junigoog_0286.png"; bbox 0 0 3923 4875; ppageno 0'>
   <div class='ocr_carea' id='block_1_1' title="bbox 1331 366 3327 440">
    <p class='ocr_par' dir='ltr' id='par_1_1' title="bbox 1331 366 3327 440">
     <span class='ocr_line' id='line_1_1' title="bbox 1331 366 3327 440; baseline 0.005 -29"><span class='ocrx_word' id='word_1_1' title='bbox 1331 367 1658 414; x_wconf 67' lang='lat' dir='ltr'>‘rursus</span> <span class='ocrx_word' id='word_1_2' title='bbox 1720 366 2371 416; x_wconf 61' lang='lat' dir='ltr'>ratonocicat.</span> <span class='ocrx_word' id='word_1_3' title='bbox 3214 377 3327 440; x_wconf 83' lang='lat'>259</span> 
     </span>
    </p>
   </div>
   <div class='ocr_carea' id='block_1_2' title="bbox 385 511 3393 4524">
    <p class='ocr_par' dir='ltr' id='par_1_2' title="bbox 385 511 3329 1234">
     <span class='ocr_line' id='line_1_2' title="bbox 385 511 3325 617; baseline 0.002 -23"><span class='ocrx_word' id='word_1_4' title='bbox 385 531 720 608; x_wconf 61' lang='lat' dir='ltr'>mundis,</span> <span class='ocrx_word' id='word_1_5' title='bbox 772 535 832 592; x_wconf 69' lang='grc' dir='ltr'>ει</span> <span class='ocrx_word' id='word_1_6' title='bbox 880 527 1230 608; x_wconf 71' lang='lat' dir='ltr'>praebendis</span> <span class='ocrx_word' id='word_1_7' title='bbox 1275 527 1658 608; x_wconf 75' lang='lat' dir='ltr'>significatae.</span> <span class='ocrx_word' id='word_1_8' title='bbox 1717 530 2003 606; x_wconf 79' lang='lat' dir='ltr'>Symbola</span> <span class='ocrx_word' id='word_1_9' title='bbox 2044 533 2183 592; x_wconf 64' lang='lat' dir='ltr'>cum</span> <span class='ocrx_word' id='word_1_10' title='bbox 2224 531 2511 612; x_wconf 75' lang='lat' dir='ltr'>dicimus,</span> <span class='ocrx_word' id='word_1_11' title='bbox 2550 511 2695 594; x_wconf 62' lang='lat' dir='ltr'>mad</span> <span class='ocrx_word' id='word_1_12' title='bbox 2740 532 3117 614; x_wconf 73' lang='lat' dir='ltr'>intelligimus</span> <span class='ocrx_word' id='word_1_13' title='bbox 3156 539 3325 617; x_wconf 82' lang='lat' dir='ltr'>quod</span> 
     </span>
     <span class='ocr_line' id='line_1_3' title="bbox 388 607 3325 698; baseline 0.001 -24"><span class='ocrx_word' id='word_1_14' title='bbox 388 614 452 674; x_wconf 90' lang='lat' dir='ltr'>in</span> <span class='ocrx_word' id='word_1_15' title='bbox 510 609 906 674; x_wconf 77' lang='lat' dir='ltr'><strong>sacramentis</strong></span> <span class='ocrx_word' id='word_1_16' title='bbox 956 608 1224 670; x_wconf 78' lang='lat' dir='ltr'>sensibus</span> <span class='ocrx_word' id='word_1_17' title='bbox 1272 607 1592 688; x_wconf 83' lang='lat' dir='ltr'><strong>percipitur</strong></span> <span class='ocrx_word' id='word_1_18' title='bbox 1605 655 1624 686; x_wconf 88' lang='lat'>,</span> <span class='ocrx_word' id='word_1_19' title='bbox 1665 627 1788 670; x_wconf 89' lang='lat' dir='ltr'>non</span> <span class='ocrx_word' id='word_1_20' title='bbox 1827 611 2059 671; x_wconf 75' lang='lat' dir='ltr'>tantum</span> <span class='ocrx_word' id='word_1_21' title='bbox 2098 611 2322 674; x_wconf 85' lang='lat' dir='ltr'>scilicet</span> <span class='ocrx_word' id='word_1_22' title='bbox 2361 632 2649 692; x_wconf 88' lang='lat' dir='ltr'>corporea</span> <span class='ocrx_word' id='word_1_23' title='bbox 2679 613 2780 674; x_wconf 89' lang='lat' dir='ltr'>illa</span> <span class='ocrx_word' id='word_1_24' title='bbox 2818 615 2874 675; x_wconf 76' lang='grc' dir='ltr'>δι</span> <span class='ocrx_word' id='word_1_25' title='bbox 2914 615 3293 678; x_wconf 87' lang='lat' dir='ltr'>elementaria</span> <span class='ocrx_word' id='word_1_26' title='bbox 3306 663 3325 698; x_wconf 92' lang='lat'>,</span> 
     </span>
     <span class='ocr_line' id='line_1_4' title="bbox 391 688 3327 772; baseline 0.002 -20"><span class='ocrx_word' id='word_1_27' title='bbox 391 709 456 754; x_wconf 89' lang='lat' dir='ltr'>vt</span> <span class='ocrx_word' id='word_1_28' title='bbox 520 709 738 772; x_wconf 90' lang='lat' dir='ltr'>aquam</span> <span class='ocrx_word' id='word_1_29' title='bbox 789 688 850 751; x_wconf 90' lang='lat' dir='ltr'>in</span> <span class='ocrx_word' id='word_1_30' title='bbox 904 689 1242 768; x_wconf 88' lang='lat' dir='ltr'>Baptismo,</span> <span class='ocrx_word' id='word_1_31' title='bbox 1293 691 1510 750; x_wconf 86' lang='lat' dir='ltr'>Panem</span> <span class='ocrx_word' id='word_1_32' title='bbox 1553 689 1610 748; x_wconf 74' lang='grc' dir='ltr'>δι</span> <span class='ocrx_word' id='word_1_33' title='bbox 1647 689 1900 769; x_wconf 85' lang='lat' dir='ltr'>Vinum,</span> <span class='ocrx_word' id='word_1_34' title='bbox 1939 689 2001 750; x_wconf 89' lang='lat' dir='ltr'>in</span> <span class='ocrx_word' id='word_1_35' title='bbox 2040 691 2276 753; x_wconf 66' lang='lat' dir='ltr'>CoenA:</span> <span class='ocrx_word' id='word_1_36' title='bbox 2317 711 2525 754; x_wconf 78' lang='lat' dir='ltr'>verum</span> <span class='ocrx_word' id='word_1_37' title='bbox 2564 692 2745 754; x_wconf 87' lang='lat' dir='ltr'>etiam</span> <span class='ocrx_word' id='word_1_38' title='bbox 2784 694 3183 757; x_wconf 82' lang='lat' dir='ltr'>ceremoniam</span> <span class='ocrx_word' id='word_1_39' title='bbox 3232 700 3327 759; x_wconf 86' lang='lat' dir='ltr'>vel</span> 
     </span>
     <span class='ocr_line' id='line_1_5' title="bbox 389 767 3320 852; baseline 0.002 -18"><span class='ocrx_word' id='word_1_40' title='bbox 389 772 696 835; x_wconf 81' lang='lat' dir='ltr'>actionem</span> <span class='ocrx_word' id='word_1_41' title='bbox 730 769 922 850; x_wconf 81' lang='lat' dir='ltr'>ipsam</span> <span class='ocrx_word' id='word_1_42' title='bbox 963 768 1266 845; x_wconf 79' lang='lat' dir='ltr'>ministerii</span> <span class='ocrx_word' id='word_1_43' title='bbox 1311 771 1368 830; x_wconf 76' lang='grc' dir='ltr'>δι</span> <span class='ocrx_word' id='word_1_44' title='bbox 1407 767 1670 830; x_wconf 84' lang='lat' dir='ltr'>fidelium</span> <span class='ocrx_word' id='word_1_45' title='bbox 1711 768 1774 830; x_wconf 86' lang='lat' dir='ltr'>in</span> <span class='ocrx_word' id='word_1_46' title='bbox 1805 771 2171 832; x_wconf 87' lang='lat' dir='ltr'>Sacramenti</span> <span class='ocrx_word' id='word_1_47' title='bbox 2203 771 2652 852; x_wconf 75' lang='lat' dir='ltr'>participatione</span> <span class='ocrx_word' id='word_1_48' title='bbox 2668 818 2687 851; x_wconf 92' lang='lat'>‚</span> <span class='ocrx_word' id='word_1_49' title='bbox 2707 772 3055 837; x_wconf 83' lang='lat' dir='ltr'>institutioni</span> <span class='ocrx_word' id='word_1_50' title='bbox 3082 775 3320 840; x_wconf 85' lang='lat' dir='ltr'>diuinae</span> 
     </span>
     <span class='ocr_line' id='line_1_6' title="bbox 393 847 3329 935; baseline 0.001 -21"><span class='ocrx_word' id='word_1_51' title='bbox 393 862 842 933; x_wconf 84' lang='lat' dir='ltr'>congruentem.</span> <span class='ocrx_word' id='word_1_52' title='bbox 882 851 1054 927; x_wconf 83' lang='lat' dir='ltr'>Quae</span> <span class='ocrx_word' id='word_1_53' title='bbox 1093 848 1339 927; x_wconf 89' lang='lat' dir='ltr'>quidem</span> <span class='ocrx_word' id='word_1_54' title='bbox 1377 847 1536 910; x_wconf 89' lang='lat' dir='ltr'>actio</span> <span class='ocrx_word' id='word_1_55' title='bbox 1551 893 1568 928; x_wconf 93' lang='lat'>,</span> <span class='ocrx_word' id='word_1_56' title='bbox 1609 859 1900 927; x_wconf 90' lang='lat' dir='ltr'>quatenus</span> <span class='ocrx_word' id='word_1_57' title='bbox 1939 861 2184 912; x_wconf 87' lang='lat' dir='ltr'>externa</span> <span class='ocrx_word' id='word_1_58' title='bbox 2221 863 2343 932; x_wconf 67' lang='lat' dir='ltr'>est,</span> <span class='ocrx_word' id='word_1_59' title='bbox 2380 855 2493 915; x_wconf 87' lang='lat' dir='ltr'>sub</span> <span class='ocrx_word' id='word_1_60' title='bbox 2526 853 2805 914; x_wconf 83' lang='lat' dir='ltr'>materiae</span> <span class='ocrx_word' id='word_1_61' title='bbox 2822 853 3112 916; x_wconf 90' lang='lat' dir='ltr'>rationem</span> <span class='ocrx_word' id='word_1_62' title='bbox 3134 855 3329 935; x_wconf 87' lang='lat' dir='ltr'>venit,</span> 
     </span>
     <span class='ocr_line' id='line_1_7' title="bbox 393 929 3329 1012; baseline 0 -16"><span class='ocrx_word' id='word_1_63' title='bbox 393 931 539 1012; x_wconf 86' lang='lat' dir='ltr'>quia</span> <span class='ocrx_word' id='word_1_64' title='bbox 576 929 890 994; x_wconf 88' lang='lat' dir='ltr'>materialis</span> <span class='ocrx_word' id='word_1_65' title='bbox 929 939 1038 992; x_wconf 69' lang='lat' dir='ltr'>est.</span> <span class='ocrx_word' id='word_1_66' title='bbox 1077 929 1347 990; x_wconf 89' lang='lat' dir='ltr'>Verbum</span> <span class='ocrx_word' id='word_1_67' title='bbox 1387 929 1826 990; x_wconf 87' lang='lat' dir='ltr'>Sacramentale</span> <span class='ocrx_word' id='word_1_68' title='bbox 1863 941 1951 991; x_wconf 88' lang='lat' dir='ltr'>est</span> <span class='ocrx_word' id='word_1_69' title='bbox 1992 931 2055 992; x_wconf 90' lang='lat' dir='ltr'>id</span> <span class='ocrx_word' id='word_1_70' title='bbox 2094 932 2261 1010; x_wconf 87' lang='lat' dir='ltr'>quod</span> <span class='ocrx_word' id='word_1_71' title='bbox 2300 932 2599 995; x_wconf 77' lang='lat' dir='ltr'>Dominus</span> <span class='ocrx_word' id='word_1_72' title='bbox 2638 932 2753 994; x_wconf 69' lang='lat' dir='ltr'>alia</span> <span class='ocrx_word' id='word_1_73' title='bbox 2784 944 2963 1012; x_wconf 89' lang='lat' dir='ltr'>atque</span> <span class='ocrx_word' id='word_1_74' title='bbox 2994 934 3113 996; x_wconf 74' lang='lat' dir='ltr'>alia</span> <span class='ocrx_word' id='word_1_75' title='bbox 3130 937 3329 999; x_wconf 76' lang='lat' dir='ltr'>forma</span> 
     </span>
     <span class='ocr_line' id='line_1_8' title="bbox 393 1007 3329 1092; baseline 0.001 -18"><span class='ocrx_word' id='word_1_76' title='bbox 393 1013 458 1074; x_wconf 90' lang='lat' dir='ltr'>in</span> <span class='ocrx_word' id='word_1_77' title='bbox 513 1010 784 1092; x_wconf 88' lang='lat' dir='ltr'>quolibet</span> <span class='ocrx_word' id='word_1_78' title='bbox 831 1013 1214 1072; x_wconf 86' lang='lat' dir='ltr'>Sacramento</span> <span class='ocrx_word' id='word_1_79' title='bbox 1255 1007 1690 1087; x_wconf 88' lang='lat' dir='ltr'>pronunciauit.</span> <span class='ocrx_word' id='word_1_80' title='bbox 1741 1009 1925 1086; x_wconf 90' lang='lat' dir='ltr'>Quod</span> <span class='ocrx_word' id='word_1_81' title='bbox 1968 1011 2209 1090; x_wconf 89' lang='lat' dir='ltr'>quidem</span> <span class='ocrx_word' id='word_1_82' title='bbox 2250 1014 2502 1074; x_wconf 82' lang='lat' dir='ltr'>verbum</span> <span class='ocrx_word' id='word_1_83' title='bbox 2541 1031 2668 1074; x_wconf 90' lang='lat' dir='ltr'>non</span> <span class='ocrx_word' id='word_1_84' title='bbox 2710 1017 2951 1076; x_wconf 85' lang='lat' dir='ltr'>occulta</span> <span class='ocrx_word' id='word_1_85' title='bbox 2990 1016 3329 1078; x_wconf 85' lang='lat' dir='ltr'>admurmu-</span> 
     </span>
     <span class='ocr_line' id='line_1_9' title="bbox 395 1087 3323 1234; baseline 0.002 -83"><span class='ocrx_word' id='word_1_86' title='bbox 395 1091 643 1234; x_wconf 48' lang='lat' dir='ltr'>Q</span> <span class='ocrx_word' id='word_1_87' title='bbox 687 1095 782 1232; x_wconf 59' lang='lat' dir='ltr'>(vg</span> <span class='ocrx_word' id='word_1_88' title='bbox 834 1087 1518 1231; x_wconf 35' lang='lat' dir='ltr'>hiem-lamisem&amp;</span> <span class='ocrx_word' id='word_1_89' title='bbox 1447 1091 1540 1228; x_wconf 78' lang='lat'>1¹)</span> <span class='ocrx_word' id='word_1_90' title='bbox 1599 1089 1732 1230; x_wconf 50' lang='lat' dir='ltr'>set}3</span> <span class='ocrx_word' id='word_1_91' title='bbox 1765 1091 1926 1152; x_wconf 84' lang='lat' dir='ltr'>clara</span> <span class='ocrx_word' id='word_1_92' title='bbox 1971 1109 2123 1154; x_wconf 84' lang='lat' dir='ltr'>voce</span> <span class='ocrx_word' id='word_1_93' title='bbox 2174 1094 2578 1172; x_wconf 86' lang='lat' dir='ltr'>vsurpandum</span> <span class='ocrx_word' id='word_1_94' title='bbox 2632 1093 2915 1156; x_wconf 81' lang='lat' dir='ltr'>dicimus:</span> <span class='ocrx_word' id='word_1_95' title='bbox 2970 1093 3061 1156; x_wconf 89' lang='lat' dir='ltr'>sin</span> <span class='ocrx_word' id='word_1_96' title='bbox 3101 1094 3323 1177; x_wconf 85' lang='lat' dir='ltr'>minus,</span> 
     </span>
     <span class='ocr_line' id='line_1_10' title="bbox 643 1189 1750 1232; baseline -0.003 0"><span class='ocrx_word' id='word_1_97' title='bbox 643 1190 720 1232; x_wconf 89' lang='lat' dir='ltr'>en</span> <span class='ocrx_word' id='word_1_98' title='bbox 820 1189 921 1232; x_wconf 86' lang='lat' dir='ltr'>rec</span> <span class='ocrx_word' id='word_1_99' title='bbox 1491 1189 1526 1230; x_wconf 91' lang='lat' dir='ltr'>e</span> <span class='ocrx_word' id='word_1_100' title='bbox 1737 1215 1750 1229; x_wconf 94' lang='lat'>.</span> 
     </span>
    </p>

    <p class='ocr_par' dir='ltr' id='par_1_3' title="bbox 397 1187 3333 1554">
     <span class='ocr_line' id='line_1_11' title="bbox 479 1187 3327 1332; baseline 0.001 -19"><span class='ocrx_word' id='word_1_101' title='bbox 479 1255 538 1314; x_wconf 87' lang='lat'>6.</span> <span class='ocrx_word' id='word_1_102' title='bbox 615 1250 868 1312; x_wconf 71' lang='lat' dir='ltr'>Materia</span> <span class='ocrx_word' id='word_1_103' title='bbox 925 1249 1180 1327; x_wconf 87' lang='lat' dir='ltr'>interna,</span> <span class='ocrx_word' id='word_1_104' title='bbox 1241 1267 1346 1310; x_wconf 84' lang='lat' dir='ltr'>seu</span> <span class='ocrx_word' id='word_1_105' title='bbox 1403 1187 1662 1310; x_wconf 49' lang='lat' dir='ltr'>Resgas¹3¹</span> <span class='ocrx_word' id='word_1_106' title='bbox 1721 1249 1734 1262; x_wconf 85' lang='lat'><strong><em>&#39;</em></strong></span> <span class='ocrx_word' id='word_1_107' title='bbox 1779 1259 1948 1328; x_wconf 88' lang='lat' dir='ltr'>cata,</span> <span class='ocrx_word' id='word_1_108' title='bbox 1998 1261 2087 1312; x_wconf 82' lang='lat' dir='ltr'>est</span> <span class='ocrx_word' id='word_1_109' title='bbox 2134 1250 2195 1312; x_wconf 90' lang='lat' dir='ltr'>in</span> <span class='ocrx_word' id='word_1_110' title='bbox 2244 1251 2449 1331; x_wconf 87' lang='lat' dir='ltr'>primis</span> <span class='ocrx_word' id='word_1_111' title='bbox 2488 1251 2615 1332; x_wconf 86' lang='lat' dir='ltr'>ipse</span> <span class='ocrx_word' id='word_1_112' title='bbox 2652 1251 2952 1330; x_wconf 70' lang='lat' dir='ltr'>Chi-istm,</span> <span class='ocrx_word' id='word_1_113' title='bbox 2991 1273 3065 1316; x_wconf 89' lang='lat' dir='ltr'>ac</span> <span class='ocrx_word' id='word_1_114' title='bbox 3105 1254 3327 1318; x_wconf 89' lang='lat' dir='ltr'>deinde</span> 
     </span>
     <span class='ocr_line' id='line_1_12' title="bbox 399 1326 3327 1415; baseline 0 -19"><span class='ocrx_word' id='word_1_115' title='bbox 399 1330 604 1397; x_wconf 84' lang='lat' dir='ltr'>omnia</span> <span class='ocrx_word' id='word_1_116' title='bbox 645 1329 828 1410; x_wconf 85' lang='lat' dir='ltr'>ipsius</span> <span class='ocrx_word' id='word_1_117' title='bbox 863 1328 1184 1392; x_wconf 83' lang='lat' dir='ltr'>beneficia:</span> <span class='ocrx_word' id='word_1_118' title='bbox 1223 1327 1490 1390; x_wconf 84' lang='lat' dir='ltr'>Christus</span> <span class='ocrx_word' id='word_1_119' title='bbox 1527 1326 1632 1406; x_wconf 85' lang='lat' dir='ltr'>qui</span> <span class='ocrx_word' id='word_1_120' title='bbox 1671 1347 1796 1408; x_wconf 87' lang='lat' dir='ltr'>em,</span> <span class='ocrx_word' id='word_1_121' title='bbox 1837 1346 1977 1391; x_wconf 83' lang='lat' dir='ltr'>cum</span> <span class='ocrx_word' id='word_1_122' title='bbox 2010 1347 2133 1408; x_wconf 92' lang='lat' dir='ltr'>quo</span> <span class='ocrx_word' id='word_1_123' title='bbox 2172 1351 2419 1394; x_wconf 84' lang='lat' dir='ltr'>necesse</span> <span class='ocrx_word' id='word_1_124' title='bbox 2456 1343 2549 1395; x_wconf 84' lang='lat' dir='ltr'>est</span> <span class='ocrx_word' id='word_1_125' title='bbox 2586 1341 2651 1393; x_wconf 87' lang='lat' dir='ltr'>vt</span> <span class='ocrx_word' id='word_1_126' title='bbox 2688 1349 2871 1394; x_wconf 81' lang='lat' dir='ltr'>vnum</span> <span class='ocrx_word' id='word_1_127' title='bbox 2908 1335 3149 1415; x_wconf 85' lang='lat' dir='ltr'>fiamus,</span> <span class='ocrx_word' id='word_1_128' title='bbox 3167 1345 3327 1396; x_wconf 86' lang='lat' dir='ltr'>ante-</span> 
     </span>
     <span class='ocr_line' id='line_1_13' title="bbox 397 1407 3333 1554; baseline 0.001 -81"><span class='ocrx_word' id='word_1_129' title='bbox 397 1430 692 1554; x_wconf 47' lang='lat' dir='ltr'>qualtsscex</span> <span class='ocrx_word' id='word_1_130' title='bbox 714 1429 864 1551; x_wconf 51' lang='grc' dir='ltr'>ἐξξιο</span> <span class='ocrx_word' id='word_1_131' title='bbox 879 1407 1953 1550; x_wconf 48' lang='lat' dir='ltr'>squffiqpmssohagssffiffiffloefida</span> <span class='ocrx_word' id='word_1_132' title='bbox 1990 1409 2208 1472; x_wconf 87' lang='lat' dir='ltr'>Christi</span> <span class='ocrx_word' id='word_1_133' title='bbox 2241 1417 2382 1474; x_wconf 80' lang='lat' dir='ltr'>vero</span> <span class='ocrx_word' id='word_1_134' title='bbox 2400 1457 2417 1492; x_wconf 93' lang='lat'>,</span> <span class='ocrx_word' id='word_1_135' title='bbox 2441 1429 2593 1492; x_wconf 87' lang='lat' dir='ltr'>quae</span> <span class='ocrx_word' id='word_1_136' title='bbox 2614 1423 2895 1491; x_wconf 78' lang='lat' dir='ltr'>tanquam</span> <span class='ocrx_word' id='word_1_137' title='bbox 2913 1431 3105 1493; x_wconf 87' lang='lat' dir='ltr'>aquae</span> <span class='ocrx_word' id='word_1_138' title='bbox 3124 1415 3333 1478; x_wconf 84' lang='lat' dir='ltr'>vitales</span> 
     </span>
     <span class='ocr_line' id='line_1_14' title="bbox 401 1508 1690 1554; baseline -0.005 0"><span class='ocrx_word' id='word_1_139' title='bbox 401 1513 474 1554; x_wconf 86' lang='lat' dir='ltr'>ex</span> <span class='ocrx_word' id='word_1_140' title='bbox 902 1508 982 1550; x_wconf 93' lang='lat' dir='ltr'>on</span> <span class='ocrx_word' id='word_1_141' title='bbox 1083 1508 1145 1550; x_wconf 87' lang='lat' dir='ltr'>m</span> <span class='ocrx_word' id='word_1_142' title='bbox 1267 1508 1298 1550; x_wconf 92' lang='lat' dir='ltr'>s</span> <span class='ocrx_word' id='word_1_143' title='bbox 1679 1533 1690 1546; x_wconf 93' lang='lat'>.</span> 
     </span>
    </p>

    <p class='ocr_par' dir='ltr' id='par_1_4' title="bbox 401 1510 3393 3170">
     <span class='ocr_line' id='line_1_15' title="bbox 485 1510 3327 1652; baseline 0.001 -19"><span class='ocrx_word' id='word_1_144' title='bbox 485 1589 542 1648; x_wconf 84' lang='lat'>7.</span> <span class='ocrx_word' id='word_1_145' title='bbox 617 1510 922 1650; x_wconf 53' lang='lat' dir='ltr'>Hggamus</span> <span class='ocrx_word' id='word_1_146' title='bbox 959 1572 1104 1630; x_wconf 80' lang='lat' dir='ltr'>vero</span> <span class='ocrx_word' id='word_1_147' title='bbox 1142 1568 1338 1646; x_wconf 84' lang='lat' dir='ltr'>ipsum</span> <span class='ocrx_word' id='word_1_148' title='bbox 1409 1567 1424 1581; x_wconf 85' lang='lat'>’</span> <span class='ocrx_word' id='word_1_149' title='bbox 1507 1585 1610 1630; x_wconf 90' lang='lat' dir='ltr'>um</span> <span class='ocrx_word' id='word_1_150' title='bbox 1647 1569 1869 1630; x_wconf 87' lang='lat' dir='ltr'>habere</span> <span class='ocrx_word' id='word_1_151' title='bbox 1909 1568 2033 1630; x_wconf 88' lang='lat' dir='ltr'>vim</span> <span class='ocrx_word' id='word_1_152' title='bbox 2068 1570 2553 1634; x_wconf 85' lang='lat' dir='ltr'>communicandi</span> <span class='ocrx_word' id='word_1_153' title='bbox 2589 1571 2769 1635; x_wconf 87' lang='lat' dir='ltr'>nobis</span> <span class='ocrx_word' id='word_1_154' title='bbox 2800 1591 2929 1634; x_wconf 85' lang='lat' dir='ltr'>rem</span> <span class='ocrx_word' id='word_1_155' title='bbox 2954 1571 3113 1634; x_wconf 86' lang='lat' dir='ltr'>hanc</span> <span class='ocrx_word' id='word_1_156' title='bbox 3132 1571 3327 1652; x_wconf 84' lang='lat' dir='ltr'>signa-</span> 
     </span>
     <span class='ocr_line' id='line_1_16' title="bbox 402 1647 3329 1732; baseline 0 -18"><span class='ocrx_word' id='word_1_157' title='bbox 402 1663 556 1731; x_wconf 80' lang='lat' dir='ltr'>tam,</span> <span class='ocrx_word' id='word_1_158' title='bbox 617 1661 682 1711; x_wconf 86' lang='lat' dir='ltr'>vt</span> <span class='ocrx_word' id='word_1_159' title='bbox 737 1651 805 1712; x_wconf 88' lang='lat' dir='ltr'>fit</span> <span class='ocrx_word' id='word_1_160' title='bbox 861 1647 1112 1728; x_wconf 82' lang='lat' dir='ltr'>pyxide,</span> <span class='ocrx_word' id='word_1_161' title='bbox 1167 1647 1408 1728; x_wconf 87' lang='lat' dir='ltr'>paropsi</span> <span class='ocrx_word' id='word_1_162' title='bbox 1449 1668 1514 1728; x_wconf 92' lang='lat' dir='ltr'>e,</span> <span class='ocrx_word' id='word_1_163' title='bbox 1553 1650 1666 1710; x_wconf 87' lang='lat' dir='ltr'>&amp;c.</span> <span class='ocrx_word' id='word_1_164' title='bbox 1705 1649 1917 1726; x_wconf 88' lang='lat' dir='ltr'>Neque</span> <span class='ocrx_word' id='word_1_165' title='bbox 1957 1649 2117 1711; x_wconf 87' lang='lat' dir='ltr'>enim</span> <span class='ocrx_word' id='word_1_166' title='bbox 2156 1651 2394 1730; x_wconf 84' lang='lat' dir='ltr'>alligata</span> <span class='ocrx_word' id='word_1_167' title='bbox 2432 1662 2522 1714; x_wconf 83' lang='lat' dir='ltr'>est</span> <span class='ocrx_word' id='word_1_168' title='bbox 2560 1652 2751 1732; x_wconf 85' lang='lat' dir='ltr'>gratia</span> <span class='ocrx_word' id='word_1_169' title='bbox 2788 1651 2999 1732; x_wconf 81' lang='lat' dir='ltr'>signis,</span> <span class='ocrx_word' id='word_1_170' title='bbox 3038 1652 3329 1730; x_wconf 86' lang='lat' dir='ltr'>naturali,</span> 
     </span>
     <span class='ocr_line' id='line_1_17' title="bbox 402 1726 3331 1812; baseline 0 -19"><span class='ocrx_word' id='word_1_171' title='bbox 402 1729 737 1810; x_wconf 88' lang='lat' dir='ltr'>corporali,</span> <span class='ocrx_word' id='word_1_172' title='bbox 781 1740 883 1790; x_wconf 87' lang='lat' dir='ltr'>aut</span> <span class='ocrx_word' id='word_1_173' title='bbox 924 1727 1102 1790; x_wconf 89' lang='lat' dir='ltr'>locali</span> <span class='ocrx_word' id='word_1_174' title='bbox 1143 1728 1359 1807; x_wconf 87' lang='lat' dir='ltr'>modo,</span> <span class='ocrx_word' id='word_1_175' title='bbox 1401 1726 1566 1807; x_wconf 90' lang='lat' dir='ltr'>quasi</span> <span class='ocrx_word' id='word_1_176' title='bbox 1603 1727 1900 1807; x_wconf 71' lang='lat' dir='ltr'>particeps</span> <span class='ocrx_word' id='word_1_177' title='bbox 1939 1728 2095 1791; x_wconf 89' lang='lat' dir='ltr'>illius</span> <span class='ocrx_word' id='word_1_178' title='bbox 2132 1732 2235 1792; x_wconf 85' lang='lat' dir='ltr'>fiat</span> <span class='ocrx_word' id='word_1_179' title='bbox 2272 1731 2538 1810; x_wconf 86' lang='lat' dir='ltr'>quisquis</span> <span class='ocrx_word' id='word_1_180' title='bbox 2578 1731 2746 1812; x_wconf 88' lang='lat' dir='ltr'>signa</span> <span class='ocrx_word' id='word_1_181' title='bbox 2783 1731 2963 1794; x_wconf 88' lang='lat' dir='ltr'>sumit</span> <span class='ocrx_word' id='word_1_182' title='bbox 2976 1778 2995 1809; x_wconf 85' lang='lat'>,</span> <span class='ocrx_word' id='word_1_183' title='bbox 3027 1743 3092 1794; x_wconf 83' lang='lat' dir='ltr'>vt</span> <span class='ocrx_word' id='word_1_184' title='bbox 3126 1743 3189 1794; x_wconf 80' lang='lat' dir='ltr'>vt</span> <span class='ocrx_word' id='word_1_185' title='bbox 3212 1733 3331 1795; x_wconf 90' lang='lat' dir='ltr'>fide</span> 
     </span>
     <span class='ocr_line' id='line_1_18' title="bbox 403 1807 3331 1892; baseline 0.001 -20"><span class='ocrx_word' id='word_1_186' title='bbox 403 1811 769 1874; x_wconf 71' lang='lat' dir='ltr'>destituatur.</span> <span class='ocrx_word' id='word_1_187' title='bbox 831 1809 951 1872; x_wconf 86' lang='lat' dir='ltr'>Sed</span> <span class='ocrx_word' id='word_1_188' title='bbox 1007 1807 1290 1870; x_wconf 86' lang='lat' dir='ltr'>vnionem</span> <span class='ocrx_word' id='word_1_189' title='bbox 1337 1807 1488 1887; x_wconf 86' lang='lat' dir='ltr'>signi</span> <span class='ocrx_word' id='word_1_190' title='bbox 1535 1825 1675 1869; x_wconf 89' lang='lat' dir='ltr'>cum</span> <span class='ocrx_word' id='word_1_191' title='bbox 1723 1807 1958 1888; x_wconf 77' lang='lat' dir='ltr'>signato</span> <span class='ocrx_word' id='word_1_192' title='bbox 2011 1811 2510 1874; x_wconf 85' lang='lat' dir='ltr'>Sacramentalem</span> <span class='ocrx_word' id='word_1_193' title='bbox 2560 1812 2842 1892; x_wconf 82' lang='lat' dir='ltr'>dicimus,</span> <span class='ocrx_word' id='word_1_194' title='bbox 2884 1831 3037 1892; x_wconf 87' lang='lat' dir='ltr'>quae</span> <span class='ocrx_word' id='word_1_195' title='bbox 3076 1829 3199 1876; x_wconf 84' lang='lat' dir='ltr'>non</span> <span class='ocrx_word' id='word_1_196' title='bbox 3236 1823 3331 1875; x_wconf 83' lang='lat' dir='ltr'>est</span> 
     </span>
     <span class='ocr_line' id='line_1_19' title="bbox 401 1887 3332 1983; baseline 0.001 -31"><span class='ocrx_word' id='word_1_197' title='bbox 401 1909 724 1970; x_wconf 69' lang='lat' dir='ltr'>corporea,</span> <span class='ocrx_word' id='word_1_198' title='bbox 774 1905 970 1983; x_wconf 83' lang='lat' dir='ltr'>neque</span> <span class='ocrx_word' id='word_1_199' title='bbox 1021 1887 1165 1950; x_wconf 89' lang='lat' dir='ltr'>item</span> <span class='ocrx_word' id='word_1_200' title='bbox 1201 1887 1472 1950; x_wconf 77' lang='lat' dir='ltr'>consistit</span> <span class='ocrx_word' id='word_1_201' title='bbox 1509 1887 1570 1948; x_wconf 92' lang='lat' dir='ltr'>in</span> <span class='ocrx_word' id='word_1_202' title='bbox 1610 1887 1998 1950; x_wconf 64' lang='lat' dir='ltr'>coexistentia</span> <span class='ocrx_word' id='word_1_203' title='bbox 2036 1891 2335 1969; x_wconf 88' lang='lat' dir='ltr'>corporali</span> <span class='ocrx_word' id='word_1_204' title='bbox 2380 1891 2464 1954; x_wconf 88' lang='lat' dir='ltr'>rei</span> <span class='ocrx_word' id='word_1_205' title='bbox 2502 1894 2560 1954; x_wconf 73' lang='grc' dir='ltr'>δι</span> <span class='ocrx_word' id='word_1_206' title='bbox 2600 1891 2753 1972; x_wconf 85' lang='lat' dir='ltr'>signi</span> <span class='ocrx_word' id='word_1_207' title='bbox 2790 1891 2853 1953; x_wconf 89' lang='lat' dir='ltr'>in</span> <span class='ocrx_word' id='word_1_208' title='bbox 2892 1894 3113 1954; x_wconf 88' lang='lat' dir='ltr'>eodem</span> <span class='ocrx_word' id='word_1_209' title='bbox 3150 1894 3293 1954; x_wconf 88' lang='lat' dir='ltr'>loco</span> <span class='ocrx_word' id='word_1_210' title='bbox 3314 1938 3332 1970; x_wconf 91' lang='lat'>,</span> 
     </span>
     <span class='ocr_line' id='line_1_20' title="bbox 403 1967 3326 2050; baseline 0 -18"><span class='ocrx_word' id='word_1_211' title='bbox 403 1972 591 2033; x_wconf 79' lang='lat' dir='ltr'>multo</span> <span class='ocrx_word' id='word_1_212' title='bbox 629 1969 824 2031; x_wconf 88' lang='lat' dir='ltr'>minus</span> <span class='ocrx_word' id='word_1_213' title='bbox 859 1988 923 2030; x_wconf 87' lang='lat' dir='ltr'>m</span> <span class='ocrx_word' id='word_1_214' title='bbox 965 1967 1451 2030; x_wconf 84' lang='lat' dir='ltr'>transmutatione</span> <span class='ocrx_word' id='word_1_215' title='bbox 1487 1971 1694 2046; x_wconf 90' lang='lat' dir='ltr'>(quam</span> <span class='ocrx_word' id='word_1_216' title='bbox 1735 1969 2029 2047; x_wconf 88' lang='lat' dir='ltr'>Papistae)</span> <span class='ocrx_word' id='word_1_217' title='bbox 2066 1981 2167 2032; x_wconf 90' lang='lat' dir='ltr'>aut</span> <span class='ocrx_word' id='word_1_218' title='bbox 2204 1970 2266 2032; x_wconf 89' lang='lat' dir='ltr'>in</span> <span class='ocrx_word' id='word_1_219' title='bbox 2306 1970 2937 2035; x_wconf 81' lang='lat' dir='ltr'>Consubstantiatione</span> <span class='ocrx_word' id='word_1_220' title='bbox 2976 1975 3183 2050; x_wconf 88' lang='lat' dir='ltr'>(quam</span> <span class='ocrx_word' id='word_1_221' title='bbox 3223 1973 3326 2050; x_wconf 78' lang='lat' dir='ltr'>alij</span> 
     </span>
     <span class='ocr_line' id='line_1_21' title="bbox 402 2047 3328 2132; baseline 0 -20"><span class='ocrx_word' id='word_1_222' title='bbox 402 2053 634 2130; x_wconf 86' lang='lat' dir='ltr'>fingunt</span> <span class='ocrx_word' id='word_1_223' title='bbox 686 2049 748 2111; x_wconf 90' lang='lat' dir='ltr'>in</span> <span class='ocrx_word' id='word_1_224' title='bbox 784 2049 1048 2124; x_wconf 76' lang='lat' dir='ltr'>Coenaz)</span> <span class='ocrx_word' id='word_1_225' title='bbox 1089 2049 1196 2109; x_wconf 91' lang='lat' dir='ltr'>sed</span> <span class='ocrx_word' id='word_1_226' title='bbox 1237 2050 1486 2123; x_wconf 71' lang='grc' dir='ltr'>σχειικη·</span> <span class='ocrx_word' id='word_1_227' title='bbox 1523 2057 1644 2128; x_wconf 82' lang='lat' dir='ltr'>est,</span> <span class='ocrx_word' id='word_1_228' title='bbox 1683 2047 2068 2129; x_wconf 88' lang='lat' dir='ltr'>consistitque</span> <span class='ocrx_word' id='word_1_229' title='bbox 2108 2049 2334 2128; x_wconf 84' lang='lat' dir='ltr'>potius,</span> <span class='ocrx_word' id='word_1_230' title='bbox 2384 2072 2435 2114; x_wconf 95' lang='lat'>1.</span> <span class='ocrx_word' id='word_1_231' title='bbox 2478 2051 2539 2112; x_wconf 91' lang='lat' dir='ltr'>in</span> <span class='ocrx_word' id='word_1_232' title='bbox 2578 2052 2866 2114; x_wconf 85' lang='lat' dir='ltr'>relatione</span> <span class='ocrx_word' id='word_1_233' title='bbox 2906 2051 3110 2114; x_wconf 66' lang='lat' dir='ltr'>mutua</span> <span class='ocrx_word' id='word_1_234' title='bbox 3148 2051 3328 2132; x_wconf 85' lang='lat' dir='ltr'>signi,</span> 
     </span>
     <span class='ocr_line' id='line_1_22' title="bbox 403 2126 3330 2225; baseline 0 -33"><span class='ocrx_word' id='word_1_235' title='bbox 403 2132 460 2192; x_wconf 85' lang='lat'>&amp;</span> <span class='ocrx_word' id='word_1_236' title='bbox 498 2131 580 2192; x_wconf 90' lang='lat' dir='ltr'>rei</span> <span class='ocrx_word' id='word_1_237' title='bbox 621 2130 915 2210; x_wconf 86' lang='lat' dir='ltr'>signatae,</span> <span class='ocrx_word' id='word_1_238' title='bbox 961 2149 1013 2190; x_wconf 85' lang='lat'>2.</span> <span class='ocrx_word' id='word_1_239' title='bbox 1053 2126 1374 2189; x_wconf 67' lang='lat' dir='ltr'>coniuncta</span> <span class='ocrx_word' id='word_1_240' title='bbox 1414 2126 1780 2190; x_wconf 83' lang='lat' dir='ltr'>exhibitione</span> <span class='ocrx_word' id='word_1_241' title='bbox 1817 2130 1876 2189; x_wconf 75' lang='grc' dir='ltr'>δι</span> <span class='ocrx_word' id='word_1_242' title='bbox 1915 2129 2297 2208; x_wconf 87' lang='lat' dir='ltr'>perceptione</span> <span class='ocrx_word' id='word_1_243' title='bbox 2334 2131 2641 2210; x_wconf 87' lang='lat' dir='ltr'>signorum</span> <span class='ocrx_word' id='word_1_244' title='bbox 2657 2176 2676 2212; x_wconf 90' lang='lat'>,</span> <span class='ocrx_word' id='word_1_245' title='bbox 2716 2135 2771 2193; x_wconf 74' lang='lat'>81</span> <span class='ocrx_word' id='word_1_246' title='bbox 2812 2149 3008 2194; x_wconf 89' lang='lat' dir='ltr'>rerum</span> <span class='ocrx_word' id='word_1_247' title='bbox 3041 2131 3330 2225; x_wconf 85' lang='lat' dir='ltr'>significa·</span> 
     </span>
     <span class='ocr_line' id='line_1_23' title="bbox 405 2205 3331 2291; baseline -0 -18"><span class='ocrx_word' id='word_1_248' title='bbox 405 2223 623 2273; x_wconf 78' lang='lat' dir='ltr'>tasum:</span> <span class='ocrx_word' id='word_1_249' title='bbox 664 2227 818 2288; x_wconf 91' lang='lat' dir='ltr'>quae</span> <span class='ocrx_word' id='word_1_250' title='bbox 855 2228 994 2270; x_wconf 77' lang='lat' dir='ltr'>vera</span> <span class='ocrx_word' id='word_1_251' title='bbox 1034 2208 1278 2270; x_wconf 87' lang='lat' dir='ltr'>demum</span> <span class='ocrx_word' id='word_1_252' title='bbox 1316 2205 1513 2268; x_wconf 87' lang='lat' dir='ltr'>existit</span> <span class='ocrx_word' id='word_1_253' title='bbox 1551 2205 1614 2268; x_wconf 89' lang='lat' dir='ltr'>in</span> <span class='ocrx_word' id='word_1_254' title='bbox 1653 2225 1760 2270; x_wconf 84' lang='lat' dir='ltr'>vsu</span> <span class='ocrx_word' id='word_1_255' title='bbox 1797 2205 2066 2288; x_wconf 87' lang='lat' dir='ltr'>legitimo</span> <span class='ocrx_word' id='word_1_256' title='bbox 2081 2256 2099 2288; x_wconf 92' lang='lat'>,</span> <span class='ocrx_word' id='word_1_257' title='bbox 2138 2207 2199 2270; x_wconf 91' lang='lat' dir='ltr'>in</span> <span class='ocrx_word' id='word_1_258' title='bbox 2243 2227 2366 2289; x_wconf 86' lang='lat' dir='ltr'>quo</span> <span class='ocrx_word' id='word_1_259' title='bbox 2404 2214 2536 2272; x_wconf 89' lang='lat' dir='ltr'>solo</span> <span class='ocrx_word' id='word_1_260' title='bbox 2569 2211 2783 2291; x_wconf 84' lang='lat' dir='ltr'>singuli</span> <span class='ocrx_word' id='word_1_261' title='bbox 2817 2222 3331 2274; x_wconf 78' lang='lat' dir='ltr'>communicantes</span> 
     </span>
     <span class='ocr_line' id='line_1_24' title="bbox 403 2285 3393 2507; baseline 0 -75"><span class='ocrx_word' id='word_1_262' title='bbox 403 2287 1493 2507; x_wconf 52' lang='grc' dir='ltr'>ῗέἒὲῇῗῆξθῗὲξέωξίἱῗωῗωὲω</span> <span class='ocrx_word' id='word_1_263' title='bbox 1311 2285 1507 2379; x_wconf 62' lang='lat'>‘&#39;⁶²³&#39;&#39;</span> <span class='ocrx_word' id='word_1_264' title='bbox 1536 2287 2137 2430; x_wconf 52' lang='grc' dir='ltr'>’ωαῗίἦίἵῗᾛεέἶ</span> <span class='ocrx_word' id='word_1_265' title='bbox 2166 2290 2631 2432; x_wconf 53' lang='grc' dir='ltr'>ῗῗέιιὲιέἒὲῗωῗ</span> <span class='ocrx_word' id='word_1_266' title='bbox 2664 2291 3331 2433; x_wconf 51' lang='grc' dir='ltr'>ἓέῗωοωίὶᾟξίῗ</span> <span class='ocrx_word' id='word_1_267' title='bbox 3382 2400 3393 2408; x_wconf 90' lang='lat'>-</span> 
     </span>
     <span class='ocr_line' id='line_1_25' title="bbox 405 2386 3329 2531; baseline 0 -18"><span class='ocrx_word' id='word_1_268' title='bbox 405 2450 670 2513; x_wconf 76' lang='lat' dir='ltr'>efficacia</span> <span class='ocrx_word' id='word_1_269' title='bbox 709 2415 959 2529; x_wconf 59' lang='lat' dir='ltr'>Spiritus</span> <span class='ocrx_word' id='word_1_270' title='bbox 999 2450 1060 2511; x_wconf 91' lang='lat' dir='ltr'>S.</span> <span class='ocrx_word' id='word_1_271' title='bbox 1100 2446 1162 2509; x_wconf 85' lang='lat' dir='ltr'>in</span> <span class='ocrx_word' id='word_1_272' title='bbox 1203 2468 1285 2508; x_wconf 91' lang='lat' dir='ltr'>no</span> <span class='ocrx_word' id='word_1_273' title='bbox 1328 2446 1379 2508; x_wconf 85' lang='lat' dir='ltr'>is</span> <span class='ocrx_word' id='word_1_274' title='bbox 1417 2386 1785 2525; x_wconf 51' lang='lat' dir='ltr'>opiergrtis.Pl</span> <span class='ocrx_word' id='word_1_275' title='bbox 1775 2451 1890 2511; x_wconf 88' lang='lat' dir='ltr'>Per</span> <span class='ocrx_word' id='word_1_276' title='bbox 1902 2414 2107 2511; x_wconf 72' lang='lat' dir='ltr'>,fidem</span> <span class='ocrx_word' id='word_1_277' title='bbox 2138 2390 2303 2512; x_wconf 62' lang='lat' dir='ltr'>¹dico.</span> <span class='ocrx_word' id='word_1_278' title='bbox 2346 2389 2720 2514; x_wconf 59' lang='lat' dir='ltr'>Fidespgnim</span> <span class='ocrx_word' id='word_1_279' title='bbox 2734 2498 2752 2531; x_wconf 89' lang='lat'>,</span> <span class='ocrx_word' id='word_1_280' title='bbox 2772 2452 2868 2513; x_wconf 81' lang='lat' dir='ltr'>vel</span> <span class='ocrx_word' id='word_1_281' title='bbox 2889 2391 3099 2515; x_wconf 54' lang='lat' dir='ltr'>{altem</span> <span class='ocrx_word' id='word_1_282' title='bbox 3120 2417 3329 2514; x_wconf 78' lang='lat' dir='ltr'>senien</span> 
     </span>
     <span class='ocr_line' id='line_1_26' title="bbox 405 2527 3329 2625; baseline 0 -32"><span class='ocrx_word' id='word_1_283' title='bbox 405 2531 573 2611; x_wconf 84' lang='lat' dir='ltr'>fidei,</span> <span class='ocrx_word' id='word_1_284' title='bbox 611 2529 930 2611; x_wconf 75' lang='lat' dir='ltr'>praecedat</span> <span class='ocrx_word' id='word_1_285' title='bbox 966 2546 1208 2591; x_wconf 63' lang='lat' dir='ltr'>necesse</span> <span class='ocrx_word' id='word_1_286' title='bbox 1245 2531 1373 2606; x_wconf 82' lang='lat' dir='ltr'>est,</span> <span class='ocrx_word' id='word_1_287' title='bbox 1412 2527 1901 2608; x_wconf 87' lang='lat' dir='ltr'>quandoquidem</span> <span class='ocrx_word' id='word_1_288' title='bbox 1933 2528 2220 2609; x_wconf 90' lang='lat' dir='ltr'>quicquid</span> <span class='ocrx_word' id='word_1_289' title='bbox 2240 2533 2467 2610; x_wconf 83' lang='lat' dir='ltr'>absque</span> <span class='ocrx_word' id='word_1_290' title='bbox 2488 2531 2605 2593; x_wconf 83' lang='lat' dir='ltr'>fide</span> <span class='ocrx_word' id='word_1_291' title='bbox 2622 2532 2689 2593; x_wconf 90' lang='lat' dir='ltr'>fit</span> <span class='ocrx_word' id='word_1_292' title='bbox 2716 2542 3026 2625; x_wconf 76' lang='lat' dir='ltr'>peccatum</span> <span class='ocrx_word' id='word_1_293' title='bbox 3046 2542 3152 2593; x_wconf 92' lang='lat' dir='ltr'>est.</span> <span class='ocrx_word' id='word_1_294' title='bbox 3197 2534 3329 2593; x_wconf 82' lang='lat' dir='ltr'>Imo</span> 
     </span>
     <span class='ocr_line' id='line_1_27' title="bbox 406 2608 3329 2691; baseline -0.001 -16"><span class='ocrx_word' id='word_1_295' title='bbox 406 2622 528 2675; x_wconf 87' lang='lat' dir='ltr'>tam</span> <span class='ocrx_word' id='word_1_296' title='bbox 582 2608 914 2672; x_wconf 87' lang='lat' dir='ltr'>necessaria</span> <span class='ocrx_word' id='word_1_297' title='bbox 966 2609 1116 2671; x_wconf 81' lang='lat' dir='ltr'>fides</span> <span class='ocrx_word' id='word_1_298' title='bbox 1129 2652 1148 2687; x_wconf 87' lang='lat'>,</span> <span class='ocrx_word' id='word_1_299' title='bbox 1195 2617 1259 2668; x_wconf 84' lang='lat' dir='ltr'>vt</span> <span class='ocrx_word' id='word_1_300' title='bbox 1296 2608 1741 2669; x_wconf 87' lang='lat' dir='ltr'>Sacramentum</span> <span class='ocrx_word' id='word_1_301' title='bbox 1781 2608 1908 2671; x_wconf 87' lang='lat' dir='ltr'>sine</span> <span class='ocrx_word' id='word_1_302' title='bbox 1947 2608 2066 2671; x_wconf 88' lang='lat' dir='ltr'>fide</span> <span class='ocrx_word' id='word_1_303' title='bbox 2104 2608 2375 2691; x_wconf 87' lang='lat' dir='ltr'>damnet,</span> <span class='ocrx_word' id='word_1_304' title='bbox 2418 2610 2663 2690; x_wconf 86' lang='lat' dir='ltr'>perinde</span> <span class='ocrx_word' id='word_1_305' title='bbox 2702 2612 2870 2673; x_wconf 77' lang='lat' dir='ltr'>sicuti</span> <span class='ocrx_word' id='word_1_306' title='bbox 2910 2613 3164 2673; x_wconf 87' lang='lat' dir='ltr'>verbum</span> <span class='ocrx_word' id='word_1_307' title='bbox 3203 2609 3329 2672; x_wconf 89' lang='lat' dir='ltr'>sine</span> 
     </span>
     <span class='ocr_line' id='line_1_28' title="bbox 405 2686 3327 2769; baseline -0.001 -16"><span class='ocrx_word' id='word_1_308' title='bbox 405 2693 523 2754; x_wconf 88' lang='lat' dir='ltr'>fide</span> <span class='ocrx_word' id='word_1_309' title='bbox 565 2690 806 2752; x_wconf 91' lang='lat' dir='ltr'>occidit.</span> <span class='ocrx_word' id='word_1_310' title='bbox 845 2691 995 2751; x_wconf 89' lang='lat' dir='ltr'>Vtut</span> <span class='ocrx_word' id='word_1_311' title='bbox 1035 2686 1194 2750; x_wconf 88' lang='lat' dir='ltr'>enim</span> <span class='ocrx_word' id='word_1_312' title='bbox 1233 2686 1498 2748; x_wconf 83' lang='lat' dir='ltr'>infideles</span> <span class='ocrx_word' id='word_1_313' title='bbox 1521 2688 1903 2749; x_wconf 84' lang='lat' dir='ltr'>Sacramenta</span> <span class='ocrx_word' id='word_1_314' title='bbox 1923 2688 2282 2769; x_wconf 82' lang='lat' dir='ltr'>percipiant,</span> <span class='ocrx_word' id='word_1_315' title='bbox 2314 2690 2877 2752; x_wconf 86' lang='lat' dir='ltr'>condemnationem</span> <span class='ocrx_word' id='word_1_316' title='bbox 2897 2690 2958 2751; x_wconf 91' lang='lat' dir='ltr'>in</span> <span class='ocrx_word' id='word_1_317' title='bbox 2978 2710 3043 2753; x_wconf 87' lang='lat' dir='ltr'>se</span> <span class='ocrx_word' id='word_1_318' title='bbox 3060 2692 3327 2752; x_wconf 84' lang='lat' dir='ltr'>trahunt:</span> 
     </span>
     <span class='ocr_line' id='line_1_29' title="bbox 407 2766 3331 2850; baseline 0 -19"><span class='ocrx_word' id='word_1_319' title='bbox 407 2783 470 2833; x_wconf 87' lang='lat' dir='ltr'>vt</span> <span class='ocrx_word' id='word_1_320' title='bbox 507 2782 572 2833; x_wconf 78' lang='lat' dir='ltr'>vt</span> <span class='ocrx_word' id='word_1_321' title='bbox 613 2788 828 2849; x_wconf 85' lang='lat' dir='ltr'>panem</span> <span class='ocrx_word' id='word_1_322' title='bbox 867 2770 1246 2848; x_wconf 79' lang='lat' dir='ltr'>corporalem</span> <span class='ocrx_word' id='word_1_323' title='bbox 1283 2766 1492 2839; x_wconf 82' lang='lat' dir='ltr'>edant,</span> <span class='ocrx_word' id='word_1_324' title='bbox 1533 2767 1896 2846; x_wconf 84' lang='lat' dir='ltr'>spiritualem</span> <span class='ocrx_word' id='word_1_325' title='bbox 1934 2779 2135 2831; x_wconf 84' lang='lat' dir='ltr'>tamen</span> <span class='ocrx_word' id='word_1_326' title='bbox 2174 2769 2339 2831; x_wconf 85' lang='lat' dir='ltr'>illum</span> <span class='ocrx_word' id='word_1_327' title='bbox 2380 2788 2505 2831; x_wconf 88' lang='lat' dir='ltr'>non</span> <span class='ocrx_word' id='word_1_328' title='bbox 2528 2770 2878 2850; x_wconf 87' lang='lat' dir='ltr'>percipiunt.</span> <span class='ocrx_word' id='word_1_329' title='bbox 2918 2772 3006 2832; x_wconf 79' lang='lat' dir='ltr'>At</span> <span class='ocrx_word' id='word_1_330' title='bbox 3023 2774 3171 2832; x_wconf 80' lang='lat' dir='ltr'>vero</span> <span class='ocrx_word' id='word_1_331' title='bbox 3192 2770 3331 2831; x_wconf 79' lang='lat' dir='ltr'>fide-</span> 
     </span>
     <span class='ocr_line' id='line_1_30' title="bbox 405 2846 3337 2930; baseline -0.001 -17"><span class='ocrx_word' id='word_1_332' title='bbox 405 2852 560 2913; x_wconf 87' lang='lat' dir='ltr'>libus</span> <span class='ocrx_word' id='word_1_333' title='bbox 597 2851 762 2912; x_wconf 85' lang='lat' dir='ltr'>solus</span> <span class='ocrx_word' id='word_1_334' title='bbox 800 2850 1046 2911; x_wconf 81' lang='lat' dir='ltr'>effectus</span> <span class='ocrx_word' id='word_1_335' title='bbox 1085 2856 1590 2909; x_wconf 83' lang='lat' dir='ltr'>sacramentorum</span> <span class='ocrx_word' id='word_1_336' title='bbox 1629 2846 1902 2926; x_wconf 85' lang='lat' dir='ltr'>proprius</span> <span class='ocrx_word' id='word_1_337' title='bbox 1941 2850 1999 2911; x_wconf 77' lang='grc' dir='ltr'>δι</span> <span class='ocrx_word' id='word_1_338' title='bbox 2028 2847 2337 2927; x_wconf 86' lang='lat' dir='ltr'>primarius</span> <span class='ocrx_word' id='word_1_339' title='bbox 2370 2850 2669 2930; x_wconf 82' lang='lat' dir='ltr'>succedit,</span> <span class='ocrx_word' id='word_1_340' title='bbox 2690 2849 2795 2930; x_wconf 86' lang='lat' dir='ltr'>qui</span> <span class='ocrx_word' id='word_1_341' title='bbox 2816 2860 2879 2911; x_wconf 85' lang='lat' dir='ltr'>vt</span> <span class='ocrx_word' id='word_1_342' title='bbox 2900 2849 3105 2930; x_wconf 86' lang='lat' dir='ltr'>decet,</span> <span class='ocrx_word' id='word_1_343' title='bbox 3130 2852 3337 2911; x_wconf 83' lang='lat' dir='ltr'>Sacra-</span> 
     </span>
     <span class='ocr_line' id='line_1_31' title="bbox 407 2926 3335 3006; baseline -0.001 -13"><span class='ocrx_word' id='word_1_344' title='bbox 407 2931 618 2993; x_wconf 83' lang='lat' dir='ltr'>mentis</span> <span class='ocrx_word' id='word_1_345' title='bbox 659 2928 1106 2991; x_wconf 82' lang='lat' dir='ltr'>communicant</span> <span class='ocrx_word' id='word_1_346' title='bbox 1143 2948 1218 2989; x_wconf 83' lang='lat' dir='ltr'>ex</span> <span class='ocrx_word' id='word_1_347' title='bbox 1257 2944 1368 2990; x_wconf 86' lang='lat' dir='ltr'>vsu</span> <span class='ocrx_word' id='word_1_348' title='bbox 1404 2926 1696 3006; x_wconf 80' lang='lat' dir='ltr'>legitime,</span> <span class='ocrx_word' id='word_1_349' title='bbox 1734 2928 1981 3006; x_wconf 87' lang='lat' dir='ltr'>quando</span> <span class='ocrx_word' id='word_1_350' title='bbox 2020 2928 2247 2991; x_wconf 86' lang='lat' dir='ltr'>scilicet</span> <span class='ocrx_word' id='word_1_351' title='bbox 2284 2930 2597 2993; x_wconf 86' lang='lat' dir='ltr'>credentes</span> <span class='ocrx_word' id='word_1_352' title='bbox 2643 2940 3003 2992; x_wconf 83' lang='lat' dir='ltr'>conseruant</span> <span class='ocrx_word' id='word_1_353' title='bbox 3042 2948 3147 2991; x_wconf 89' lang='lat' dir='ltr'>eos</span> <span class='ocrx_word' id='word_1_354' title='bbox 3189 2928 3335 2991; x_wconf 85' lang='lat' dir='ltr'>ritus</span> 
     </span>
     <span class='ocr_line' id='line_1_32' title="bbox 407 3006 3337 3102; baseline -0.001 -29"><span class='ocrx_word' id='word_1_355' title='bbox 407 3030 561 3091; x_wconf 88' lang='lat' dir='ltr'>quos</span> <span class='ocrx_word' id='word_1_356' title='bbox 600 3012 768 3073; x_wconf 85' lang='lat' dir='ltr'>Deus</span> <span class='ocrx_word' id='word_1_357' title='bbox 806 3008 1139 3102; x_wconf 79' lang='lat' dir='ltr'>praecepit,</span> <span class='ocrx_word' id='word_1_358' title='bbox 1180 3026 1255 3069; x_wconf 92' lang='lat' dir='ltr'>eo</span> <span class='ocrx_word' id='word_1_359' title='bbox 1296 3008 1516 3083; x_wconf 79' lang='lat' dir='ltr'>mode,</span> <span class='ocrx_word' id='word_1_360' title='bbox 1554 3026 1627 3068; x_wconf 90' lang='lat' dir='ltr'>ac</span> <span class='ocrx_word' id='word_1_361' title='bbox 1665 3006 1728 3067; x_wconf 90' lang='lat' dir='ltr'>in</span> <span class='ocrx_word' id='word_1_362' title='bbox 1767 3026 1872 3069; x_wconf 88' lang='lat' dir='ltr'>eos</span> <span class='ocrx_word' id='word_1_363' title='bbox 1909 3009 2059 3069; x_wconf 65' lang='lat' dir='ltr'>fines</span> <span class='ocrx_word' id='word_1_364' title='bbox 2096 3018 2343 3088; x_wconf 86' lang='lat' dir='ltr'>propter</span> <span class='ocrx_word' id='word_1_365' title='bbox 2381 3026 2535 3089; x_wconf 89' lang='lat' dir='ltr'>quos</span> <span class='ocrx_word' id='word_1_366' title='bbox 2554 3014 2594 3071; x_wconf 78' lang='lat' dir='ltr'>a</span> <span class='ocrx_word' id='word_1_367' title='bbox 2612 3012 2747 3073; x_wconf 90' lang='lat' dir='ltr'>Deo</span> <span class='ocrx_word' id='word_1_368' title='bbox 2768 3012 3147 3071; x_wconf 80' lang='lat' dir='ltr'>Sacramenta</span> <span class='ocrx_word' id='word_1_369' title='bbox 3175 3008 3337 3070; x_wconf 87' lang='lat' dir='ltr'>insti·</span> 
     </span>
     <span class='ocr_line' id='line_1_33' title="bbox 401 3084 3327 3170; baseline -0.001 -16"><span class='ocrx_word' id='word_1_370' title='bbox 401 3102 528 3154; x_wconf 87' lang='lat' dir='ltr'>tuta</span> <span class='ocrx_word' id='word_1_371' title='bbox 567 3101 721 3153; x_wconf 88' lang='lat' dir='ltr'>sunt.</span> <span class='ocrx_word' id='word_1_372' title='bbox 763 3088 976 3151; x_wconf 84' lang='lat' dir='ltr'>Futilia</span> <span class='ocrx_word' id='word_1_373' title='bbox 1014 3088 1187 3167; x_wconf 74' lang='lat' dir='ltr'>igitur</span> <span class='ocrx_word' id='word_1_374' title='bbox 1218 3106 1290 3149; x_wconf 89' lang='lat' dir='ltr'>ac</span> <span class='ocrx_word' id='word_1_375' title='bbox 1309 3084 1506 3147; x_wconf 88' lang='lat' dir='ltr'>inania</span> <span class='ocrx_word' id='word_1_376' title='bbox 1525 3097 1695 3166; x_wconf 90' lang='lat' dir='ltr'>sunt,</span> <span class='ocrx_word' id='word_1_377' title='bbox 1717 3104 2108 3166; x_wconf 87' lang='lat' dir='ltr'>quaecunque</span> <span class='ocrx_word' id='word_1_378' title='bbox 2129 3088 2419 3167; x_wconf 82' lang='lat' dir='ltr'>Pontificij</span> <span class='ocrx_word' id='word_1_379' title='bbox 2444 3090 2521 3151; x_wconf 89' lang='lat' dir='ltr'>de</span> <span class='ocrx_word' id='word_1_380' title='bbox 2542 3109 2725 3169; x_wconf 90' lang='lat' dir='ltr'>opere</span> <span class='ocrx_word' id='word_1_381' title='bbox 2744 3100 2995 3170; x_wconf 89' lang='lat' dir='ltr'>operato</span> <span class='ocrx_word' id='word_1_382' title='bbox 3014 3099 3327 3169; x_wconf 83' lang='lat' dir='ltr'>nugantur.</span> 
     </span>
    </p>

    <p class='ocr_par' dir='ltr' id='par_1_5' title="bbox 404 3167 3342 3486">
     <span class='ocr_line' id='line_1_34' title="bbox 487 3167 3341 3248; baseline -0.001 -16"><span class='ocrx_word' id='word_1_383' title='bbox 487 3175 545 3232; x_wconf 90' lang='lat'>8.</span> <span class='ocrx_word' id='word_1_384' title='bbox 624 3172 856 3231; x_wconf 85' lang='lat' dir='ltr'>Forma</span> <span class='ocrx_word' id='word_1_385' title='bbox 894 3169 1140 3248; x_wconf 85' lang='lat' dir='ltr'>duplex,</span> <span class='ocrx_word' id='word_1_386' title='bbox 1181 3169 1441 3228; x_wconf 87' lang='lat' dir='ltr'>Externa</span> <span class='ocrx_word' id='word_1_387' title='bbox 1477 3167 1534 3226; x_wconf 77' lang='grc' dir='ltr'>δι</span> <span class='ocrx_word' id='word_1_388' title='bbox 1573 3169 1831 3228; x_wconf 88' lang='lat' dir='ltr'>Interna.</span> <span class='ocrx_word' id='word_1_389' title='bbox 1872 3168 2146 3229; x_wconf 69' lang='lat' dir='ltr'>Externa</span> <span class='ocrx_word' id='word_1_390' title='bbox 2160 3197 2178 3229; x_wconf 89' lang='lat'>.-</span> <span class='ocrx_word' id='word_1_391' title='bbox 2242 3168 2423 3230; x_wconf 92' lang='lat' dir='ltr'>Actio</span> <span class='ocrx_word' id='word_1_392' title='bbox 2462 3169 2564 3231; x_wconf 91' lang='lat' dir='ltr'>illa</span> <span class='ocrx_word' id='word_1_393' title='bbox 2584 3175 2733 3231; x_wconf 68' lang='lat' dir='ltr'>*tota</span> <span class='ocrx_word' id='word_1_394' title='bbox 2772 3168 3041 3231; x_wconf 86' lang='lat' dir='ltr'>sensibus</span> <span class='ocrx_word' id='word_1_395' title='bbox 3082 3168 3341 3231; x_wconf 83' lang='lat' dir='ltr'>externis</span> 
     </span>
     <span class='ocr_line' id='line_1_35' title="bbox 404 3245 3342 3329; baseline -0.002 -16"><span class='ocrx_word' id='word_1_396' title='bbox 404 3252 644 3313; x_wconf 87' lang='lat' dir='ltr'>obiecta</span> <span class='ocrx_word' id='word_1_397' title='bbox 683 3248 944 3329; x_wconf 74' lang='lat' dir='ltr'>legitime</span> <span class='ocrx_word' id='word_1_398' title='bbox 983 3249 1318 3309; x_wconf 85' lang='lat' dir='ltr'>obseruata.</span> <span class='ocrx_word' id='word_1_399' title='bbox 1357 3246 1642 3307; x_wconf 75' lang='lat' dir='ltr'>Interna:</span> <span class='ocrx_word' id='word_1_400' title='bbox 1679 3245 1887 3309; x_wconf 89' lang='lat' dir='ltr'>relatio</span> <span class='ocrx_word' id='word_1_401' title='bbox 1928 3248 2371 3310; x_wconf 87' lang='lat' dir='ltr'>sacramentalis</span> <span class='ocrx_word' id='word_1_402' title='bbox 2411 3249 2682 3312; x_wconf 88' lang='lat' dir='ltr'>omnium</span> <span class='ocrx_word' id='word_1_403' title='bbox 2725 3248 3200 3311; x_wconf 84' lang='lat' dir='ltr'>antecedentium</span> <span class='ocrx_word' id='word_1_404' title='bbox 3230 3267 3342 3327; x_wconf 88' lang='lat' dir='ltr'>per</span> 
     </span>
     <span class='ocr_line' id='line_1_36' title="bbox 408 3324 3338 3409; baseline -0.001 -17"><span class='ocrx_word' id='word_1_405' title='bbox 408 3329 816 3409; x_wconf 86' lang='lat' dir='ltr'>operationem</span> <span class='ocrx_word' id='word_1_406' title='bbox 855 3328 1104 3407; x_wconf 84' lang='lat' dir='ltr'>Spiritus</span> <span class='ocrx_word' id='word_1_407' title='bbox 1143 3324 1376 3404; x_wconf 86' lang='lat' dir='ltr'>Sancti,</span> <span class='ocrx_word' id='word_1_408' title='bbox 1414 3325 1747 3388; x_wconf 87' lang='lat' dir='ltr'>consistens</span> <span class='ocrx_word' id='word_1_409' title='bbox 1787 3326 1849 3388; x_wconf 92' lang='lat' dir='ltr'>in</span> <span class='ocrx_word' id='word_1_410' title='bbox 1888 3326 2105 3389; x_wconf 70' lang='lat' dir='ltr'>arcana</span> <span class='ocrx_word' id='word_1_411' title='bbox 2144 3327 2244 3389; x_wconf 70' lang='lat' dir='ltr'>illa</span> <span class='ocrx_word' id='word_1_412' title='bbox 2282 3330 2586 3392; x_wconf 88' lang='lat' dir='ltr'>bonorum</span> <span class='ocrx_word' id='word_1_413' title='bbox 2626 3328 2976 3393; x_wconf 81' lang='lat' dir='ltr'>coelestium</span> <span class='ocrx_word' id='word_1_414' title='bbox 2994 3346 3134 3391; x_wconf 90' lang='lat' dir='ltr'>cum</span> <span class='ocrx_word' id='word_1_415' title='bbox 3154 3328 3338 3408; x_wconf 87' lang='lat' dir='ltr'>signis</span> 
     </span>
     <span class='ocr_line' id='line_1_37' title="bbox 407 3405 1787 3486; baseline -0.002 -14"><span class='ocrx_word' id='word_1_416' title='bbox 407 3410 813 3486; x_wconf 86' lang='lat' dir='ltr'>similitudine,</span> <span class='ocrx_word' id='word_1_417' title='bbox 855 3406 1232 3470; x_wconf 84' lang='lat' dir='ltr'>ordinatione</span> <span class='ocrx_word' id='word_1_418' title='bbox 1271 3408 1330 3467; x_wconf 75' lang='grc' dir='ltr'>δι</span> <span class='ocrx_word' id='word_1_419' title='bbox 1367 3405 1787 3485; x_wconf 88' lang='lat' dir='ltr'>applicatione.</span> 
     </span>
    </p>

    <p class='ocr_par' dir='ltr' id='par_1_6' title="bbox 408 3484 3343 3793">
     <span class='ocr_line' id='line_1_38' title="bbox 486 3484 3341 3569; baseline -0.001 -18"><span class='ocrx_word' id='word_1_420' title='bbox 486 3512 544 3569; x_wconf 89' lang='lat'>9.</span> <span class='ocrx_word' id='word_1_421' title='bbox 623 3490 834 3567; x_wconf 86' lang='lat' dir='ltr'>Neque</span> <span class='ocrx_word' id='word_1_422' title='bbox 873 3492 1016 3550; x_wconf 77' lang='lat' dir='ltr'>vero</span> <span class='ocrx_word' id='word_1_423' title='bbox 1055 3488 1251 3548; x_wconf 79' lang='lat' dir='ltr'>forma</span> <span class='ocrx_word' id='word_1_424' title='bbox 1287 3484 1402 3547; x_wconf 85' lang='lat' dir='ltr'>ista</span> <span class='ocrx_word' id='word_1_425' title='bbox 1438 3486 1606 3564; x_wconf 87' lang='lat' dir='ltr'>signa</span> <span class='ocrx_word' id='word_1_426' title='bbox 1643 3485 1872 3547; x_wconf 88' lang='lat' dir='ltr'>ratione</span> <span class='ocrx_word' id='word_1_427' title='bbox 1914 3488 2007 3549; x_wconf 76' lang='lat' dir='ltr'>vel</span> <span class='ocrx_word' id='word_1_428' title='bbox 2046 3486 2407 3551; x_wconf 85' lang='lat' dir='ltr'>substantiae</span> <span class='ocrx_word' id='word_1_429' title='bbox 2453 3489 2543 3549; x_wconf 78' lang='lat' dir='ltr'>vel</span> <span class='ocrx_word' id='word_1_430' title='bbox 2576 3487 2875 3566; x_wconf 86' lang='lat' dir='ltr'>qualitatis</span> <span class='ocrx_word' id='word_1_431' title='bbox 2894 3486 3173 3550; x_wconf 83' lang='lat' dir='ltr'>naturalis</span> <span class='ocrx_word' id='word_1_432' title='bbox 3190 3532 3209 3567; x_wconf 94' lang='lat'>,</span> <span class='ocrx_word' id='word_1_433' title='bbox 3245 3489 3341 3548; x_wconf 81' lang='lat' dir='ltr'>vel</span> 
     </span>
     <span class='ocr_line' id='line_1_39' title="bbox 409 3564 3341 3661; baseline -0.001 -31"><span class='ocrx_word' id='word_1_434' title='bbox 409 3568 750 3650; x_wconf 77' lang='lat' dir='ltr'>quantitatis</span> <span class='ocrx_word' id='word_1_435' title='bbox 801 3578 1018 3629; x_wconf 81' lang='lat' dir='ltr'>mutat:</span> <span class='ocrx_word' id='word_1_436' title='bbox 1071 3566 1176 3628; x_wconf 88' lang='lat' dir='ltr'>sed</span> <span class='ocrx_word' id='word_1_437' title='bbox 1215 3566 1412 3627; x_wconf 75' lang='lat' dir='ltr'>solum</span> <span class='ocrx_word' id='word_1_438' title='bbox 1451 3564 1680 3627; x_wconf 87' lang='lat' dir='ltr'>ratione</span> <span class='ocrx_word' id='word_1_439' title='bbox 1721 3582 1859 3628; x_wconf 83' lang='lat' dir='ltr'>vsus</span> <span class='ocrx_word' id='word_1_440' title='bbox 1899 3569 1957 3629; x_wconf 73' lang='grc' dir='ltr'>δι</span> <span class='ocrx_word' id='word_1_441' title='bbox 1995 3566 2157 3641; x_wconf 80' lang='lat' dir='ltr'>finis,</span> <span class='ocrx_word' id='word_1_442' title='bbox 2200 3567 2369 3630; x_wconf 86' lang='lat' dir='ltr'>cuius</span> <span class='ocrx_word' id='word_1_443' title='bbox 2406 3567 2595 3661; x_wconf 71' lang='lat' dir='ltr'>gratia</span> <span class='ocrx_word' id='word_1_444' title='bbox 2632 3569 2695 3629; x_wconf 89' lang='lat' dir='ltr'>in</span> <span class='ocrx_word' id='word_1_445' title='bbox 2735 3568 3007 3631; x_wconf 67' lang='lat' dir='ltr'>Ecclesia</span> <span class='ocrx_word' id='word_1_446' title='bbox 3045 3566 3161 3629; x_wconf 87' lang='lat' dir='ltr'>Dei</span> <span class='ocrx_word' id='word_1_447' title='bbox 3205 3584 3341 3646; x_wconf 89' lang='lat' dir='ltr'>pro-</span> 
     </span>
     <span class='ocr_line' id='line_1_40' title="bbox 408 3644 3343 3791; baseline -0 -81"><span class='ocrx_word' id='word_1_448' title='bbox 408 3648 974 3791; x_wconf 51' lang='lat' dir='ltr'>poffltur.edQuod</span> <span class='ocrx_word' id='word_1_449' title='bbox 1027 3644 1210 3788; x_wconf 69' lang='lat' dir='ltr'>dimenimti</span> <span class='ocrx_word' id='word_1_450' title='bbox 1253 3645 1855 3788; x_wconf 38' lang='lat' dir='ltr'>&amp;figemffbe‘gss’um</span> <span class='ocrx_word' id='word_1_451' title='bbox 1895 3648 2241 3710; x_wconf 85' lang='lat' dir='ltr'>coelestium</span> <span class='ocrx_word' id='word_1_452' title='bbox 2280 3649 2337 3709; x_wconf 77' lang='grc' dir='ltr'>δι</span> <span class='ocrx_word' id='word_1_453' title='bbox 2378 3646 2649 3710; x_wconf 73' lang='lat' dir='ltr'>diumaru&#39;</span> <span class='ocrx_word' id='word_1_454' title='bbox 2650 3668 2741 3729; x_wconf 88' lang='lat' dir='ltr'>m,</span> <span class='ocrx_word' id='word_1_455' title='bbox 2780 3648 2927 3710; x_wconf 88' lang='lat' dir='ltr'>illud</span> <span class='ocrx_word' id='word_1_456' title='bbox 2966 3666 3095 3709; x_wconf 84' lang='lat' dir='ltr'>non</span> <span class='ocrx_word' id='word_1_457' title='bbox 3134 3666 3211 3708; x_wconf 83' lang='lat' dir='ltr'>ex</span> <span class='ocrx_word' id='word_1_458' title='bbox 3251 3646 3343 3709; x_wconf 86' lang='lat' dir='ltr'>sui</span> 
     </span>
     <span class='ocr_line' id='line_1_41' title="bbox 409 3744 1770 3793; baseline -0.004 0"><span class='ocrx_word' id='word_1_459' title='bbox 409 3750 488 3793; x_wconf 86' lang='lat' dir='ltr'>na</span> <span class='ocrx_word' id='word_1_460' title='bbox 691 3749 720 3790; x_wconf 90' lang='lat' dir='ltr'>s</span> <span class='ocrx_word' id='word_1_461' title='bbox 838 3746 914 3790; x_wconf 78' lang='lat' dir='ltr'>ex</span> <span class='ocrx_word' id='word_1_462' title='bbox 953 3746 1026 3790; x_wconf 87' lang='lat' dir='ltr'>or</span> <span class='ocrx_word' id='word_1_463' title='bbox 1210 3744 1330 3788; x_wconf 90' lang='lat' dir='ltr'>one</span> <span class='ocrx_word' id='word_1_464' title='bbox 1467 3744 1486 3787; x_wconf 84' lang='lat'>1</span> <span class='ocrx_word' id='word_1_465' title='bbox 1753 3770 1770 3788; x_wconf 93' lang='lat'>.</span> 
     </span>
    </p>

    <p class='ocr_par' dir='ltr' id='par_1_7' title="bbox 404 3775 3357 4287">
     <span class='ocr_line' id='line_1_42' title="bbox 493 3775 3353 3886; baseline -0.001 -17"><span class='ocrx_word' id='word_1_466' title='bbox 493 3828 584 3873; x_wconf 80' lang='grc' dir='ltr'>ιο.</span> <span class='ocrx_word' id='word_1_467' title='bbox 630 3775 648 3807; x_wconf 70' lang='grc'>’</span> <span class='ocrx_word' id='word_1_468' title='bbox 666 3810 836 3869; x_wconf 75' lang='lat' dir='ltr'>Finis</span> <span class='ocrx_word' id='word_1_469' title='bbox 895 3817 987 3869; x_wconf 88' lang='lat' dir='ltr'>est</span> <span class='ocrx_word' id='word_1_470' title='bbox 1037 3817 1139 3869; x_wconf 84' lang='lat' dir='ltr'>aut</span> <span class='ocrx_word' id='word_1_471' title='bbox 1179 3804 1489 3886; x_wconf 89' lang='lat' dir='ltr'>primarius</span> <span class='ocrx_word' id='word_1_472' title='bbox 1504 3850 1523 3881; x_wconf 83' lang='lat'>,</span> <span class='ocrx_word' id='word_1_473' title='bbox 1561 3817 1663 3868; x_wconf 86' lang='lat' dir='ltr'>aut</span> <span class='ocrx_word' id='word_1_474' title='bbox 1701 3806 2101 3868; x_wconf 87' lang='lat' dir='ltr'>secundarius.</span> <span class='ocrx_word' id='word_1_475' title='bbox 2142 3808 2489 3869; x_wconf 61' lang='lat' dir='ltr'>Primanus</span> <span class='ocrx_word' id='word_1_476' title='bbox 2530 3815 2647 3869; x_wconf 87' lang='lat' dir='ltr'>est:</span> <span class='ocrx_word' id='word_1_477' title='bbox 2687 3824 2811 3869; x_wconf 90' lang='lat' dir='ltr'>non</span> <span class='ocrx_word' id='word_1_478' title='bbox 2853 3808 3081 3869; x_wconf 74' lang='lat' dir='ltr'>tantum</span> <span class='ocrx_word' id='word_1_479' title='bbox 3124 3816 3189 3867; x_wconf 86' lang='lat' dir='ltr'>vt</span> <span class='ocrx_word' id='word_1_480' title='bbox 3230 3806 3353 3868; x_wconf 88' lang='lat' dir='ltr'>sint</span> 
     </span>
     <span class='ocr_line' id='line_1_43' title="bbox 410 3884 3349 3979; baseline -0 -31"><span class='ocrx_word' id='word_1_481' title='bbox 410 3890 576 3967; x_wconf 85' lang='lat' dir='ltr'>signa</span> <span class='ocrx_word' id='word_1_482' title='bbox 590 3934 608 3967; x_wconf 88' lang='lat'>,</span> <span class='ocrx_word' id='word_1_483' title='bbox 651 3891 857 3949; x_wconf 79' lang='lat' dir='ltr'>verum</span> <span class='ocrx_word' id='word_1_484' title='bbox 895 3886 1074 3949; x_wconf 85' lang='lat' dir='ltr'>etiam</span> <span class='ocrx_word' id='word_1_485' title='bbox 1111 3886 1300 3965; x_wconf 86' lang='lat' dir='ltr'>sigilla</span> <span class='ocrx_word' id='word_1_486' title='bbox 1337 3884 1558 3965; x_wconf 83' lang='lat' dir='ltr'>gratiae</span> <span class='ocrx_word' id='word_1_487' title='bbox 1599 3889 1654 3947; x_wconf 74' lang='lat'>81</span> <span class='ocrx_word' id='word_1_488' title='bbox 1693 3885 2153 3979; x_wconf 82' lang='lat' dir='ltr'>promissionum</span> <span class='ocrx_word' id='word_1_489' title='bbox 2193 3886 2527 3949; x_wconf 86' lang='lat' dir='ltr'>diuinarum</span> <span class='ocrx_word' id='word_1_490' title='bbox 2544 3905 2699 3966; x_wconf 86' lang='lat' dir='ltr'>quae</span> <span class='ocrx_word' id='word_1_491' title='bbox 2720 3896 3099 3967; x_wconf 86' lang='lat' dir='ltr'>exponuntur</span> <span class='ocrx_word' id='word_1_492' title='bbox 3120 3886 3313 3947; x_wconf 83' lang='lat' dir='ltr'>verbo</span> <span class='ocrx_word' id='word_1_493' title='bbox 3329 3930 3349 3965; x_wconf 90' lang='lat'>,</span> 
     </span>
     <span class='ocr_line' id='line_1_44' title="bbox 404 3964 3348 4047; baseline -0.001 -18"><span class='ocrx_word' id='word_1_494' title='bbox 404 3968 654 4047; x_wconf 84' lang='lat' dir='ltr'>perinde</span> <span class='ocrx_word' id='word_1_495' title='bbox 691 3980 756 4029; x_wconf 78' lang='lat' dir='ltr'>vt</span> <span class='ocrx_word' id='word_1_496' title='bbox 793 3968 1048 4046; x_wconf 87' lang='lat' dir='ltr'>sigillum</span> <span class='ocrx_word' id='word_1_497' title='bbox 1081 3968 1403 4045; x_wconf 80' lang='lat' dir='ltr'>obsignans</span> <span class='ocrx_word' id='word_1_498' title='bbox 1439 3964 1861 4044; x_wconf 79' lang='lat' dir='ltr'>promissiones</span> <span class='ocrx_word' id='word_1_499' title='bbox 1889 3966 1954 4027; x_wconf 88' lang='lat' dir='ltr'>in</span> <span class='ocrx_word' id='word_1_500' title='bbox 1983 3965 2306 4044; x_wconf 87' lang='lat' dir='ltr'>diplomate</span> <span class='ocrx_word' id='word_1_501' title='bbox 2328 3976 2657 4029; x_wconf 87' lang='lat' dir='ltr'>contentas.</span> <span class='ocrx_word' id='word_1_502' title='bbox 2700 3968 3097 4029; x_wconf 71' lang='lat' dir='ltr'>secundarius</span> <span class='ocrx_word' id='word_1_503' title='bbox 3111 3985 3135 4026; x_wconf 92' lang='lat'>.·</span> <span class='ocrx_word' id='word_1_504' title='bbox 3176 3964 3348 4043; x_wconf 87' lang='lat' dir='ltr'>isque</span> 
     </span>
     <span class='ocr_line' id='line_1_45' title="bbox 407 4044 3352 4129; baseline -0.001 -19"><span class='ocrx_word' id='word_1_505' title='bbox 407 4048 780 4129; x_wconf 85' lang='lat' dir='ltr'>potissimum</span> <span class='ocrx_word' id='word_1_506' title='bbox 819 4046 894 4109; x_wconf 89' lang='lat' dir='ltr'>tri</span> <span class='ocrx_word' id='word_1_507' title='bbox 959 4067 1051 4109; x_wconf 83' lang='lat' dir='ltr'>ex.</span> <span class='ocrx_word' id='word_1_508' title='bbox 1099 4066 1147 4107; x_wconf 89' lang='lat'>1.</span> <span class='ocrx_word' id='word_1_509' title='bbox 1193 4057 1256 4106; x_wconf 82' lang='lat' dir='ltr'>vt</span> <span class='ocrx_word' id='word_1_510' title='bbox 1293 4046 1410 4107; x_wconf 86' lang='lat' dir='ltr'>sint</span> <span class='ocrx_word' id='word_1_511' title='bbox 1445 4045 1786 4109; x_wconf 87' lang='lat' dir='ltr'>testimonia</span> <span class='ocrx_word' id='word_1_512' title='bbox 1819 4057 2059 4107; x_wconf 79' lang='lat' dir='ltr'>nostrae</span> <span class='ocrx_word' id='word_1_513' title='bbox 2099 4045 2363 4125; x_wconf 86' lang='lat' dir='ltr'>pietatis,</span> <span class='ocrx_word' id='word_1_514' title='bbox 2394 4045 2765 4126; x_wconf 82' lang='lat' dir='ltr'>gratitudinis</span> <span class='ocrx_word' id='word_1_515' title='bbox 2779 4092 2801 4125; x_wconf 86' lang='lat'>,</span> <span class='ocrx_word' id='word_1_516' title='bbox 2830 4044 3136 4125; x_wconf 84' lang='lat' dir='ltr'>debitique</span> <span class='ocrx_word' id='word_1_517' title='bbox 3158 4046 3352 4109; x_wconf 80' lang='lat' dir='ltr'>nostri</span> 
     </span>
     <span class='ocr_line' id='line_1_46' title="bbox 408 4124 3357 4209; baseline -0.001 -18"><span class='ocrx_word' id='word_1_518' title='bbox 408 4148 549 4209; x_wconf 73' lang='lat' dir='ltr'>erga</span> <span class='ocrx_word' id='word_1_519' title='bbox 588 4130 782 4191; x_wconf 89' lang='lat' dir='ltr'>Deum</span> <span class='ocrx_word' id='word_1_520' title='bbox 823 4146 864 4189; x_wconf 90' lang='lat' dir='ltr'>o</span> <span class='ocrx_word' id='word_1_521' title='bbox 929 4126 1026 4203; x_wconf 85' lang='lat' dir='ltr'>cii.</span> <span class='ocrx_word' id='word_1_522' title='bbox 1067 4146 1122 4189; x_wconf 81' lang='lat' dir='ltr'>a.</span> <span class='ocrx_word' id='word_1_523' title='bbox 1164 4138 1226 4187; x_wconf 82' lang='lat' dir='ltr'>vt</span> <span class='ocrx_word' id='word_1_524' title='bbox 1263 4125 1382 4187; x_wconf 89' lang='lat' dir='ltr'>sint</span> <span class='ocrx_word' id='word_1_525' title='bbox 1419 4124 1589 4205; x_wconf 85' lang='lat' dir='ltr'>signa</span> <span class='ocrx_word' id='word_1_526' title='bbox 1633 4136 1871 4188; x_wconf 88' lang='lat' dir='ltr'>mutuae</span> <span class='ocrx_word' id='word_1_527' title='bbox 1910 4125 1975 4186; x_wconf 89' lang='lat' dir='ltr'>in</span> <span class='ocrx_word' id='word_1_528' title='bbox 2014 4125 2281 4188; x_wconf 70' lang='lat' dir='ltr'>Ecclesia</span> <span class='ocrx_word' id='word_1_529' title='bbox 2321 4125 2643 4189; x_wconf 85' lang='lat' dir='ltr'>charitatis.</span> <span class='ocrx_word' id='word_1_530' title='bbox 2684 4146 2739 4203; x_wconf 85' lang='lat'>3.</span> <span class='ocrx_word' id='word_1_531' title='bbox 2775 4136 2843 4189; x_wconf 79' lang='lat' dir='ltr'>vt</span> <span class='ocrx_word' id='word_1_532' title='bbox 2872 4126 2991 4188; x_wconf 86' lang='lat' dir='ltr'>sint</span> <span class='ocrx_word' id='word_1_533' title='bbox 3014 4124 3185 4206; x_wconf 85' lang='lat' dir='ltr'>quasi</span> <span class='ocrx_word' id='word_1_534' title='bbox 3208 4135 3357 4188; x_wconf 85' lang='lat' dir='ltr'>nota</span> 
     </span>
     <span class='ocr_line' id='line_1_47' title="bbox 409 4204 2783 4287; baseline -0.001 -16"><span class='ocrx_word' id='word_1_535' title='bbox 409 4218 788 4287; x_wconf 86' lang='lat' dir='ltr'>segregantes</span> <span class='ocrx_word' id='word_1_536' title='bbox 826 4226 1030 4267; x_wconf 83' lang='lat' dir='ltr'>veram</span> <span class='ocrx_word' id='word_1_537' title='bbox 1070 4204 1405 4267; x_wconf 88' lang='lat' dir='ltr'>Ecclesiam</span> <span class='ocrx_word' id='word_1_538' title='bbox 1443 4208 1483 4265; x_wconf 78' lang='lat' dir='ltr'>a</span> <span class='ocrx_word' id='word_1_539' title='bbox 1521 4206 1670 4267; x_wconf 79' lang='lat' dir='ltr'>falsa</span> <span class='ocrx_word' id='word_1_540' title='bbox 1683 4252 1701 4284; x_wconf 85' lang='lat'>‚</span> <span class='ocrx_word' id='word_1_541' title='bbox 1741 4204 2141 4267; x_wconf 85' lang='lat' dir='ltr'>Christianam</span> <span class='ocrx_word' id='word_1_542' title='bbox 2182 4209 2222 4266; x_wconf 78' lang='lat' dir='ltr'>a</span> <span class='ocrx_word' id='word_1_543' title='bbox 2258 4224 2383 4267; x_wconf 90' lang='lat' dir='ltr'>non</span> <span class='ocrx_word' id='word_1_544' title='bbox 2429 4206 2783 4269; x_wconf 66' lang='lat' dir='ltr'>Christiana.</span> 
     </span>
    </p>

    <p class='ocr_par' dir='ltr' id='par_1_8' title="bbox 411 4285 3347 4506">
     <span class='ocr_line' id='line_1_48' title="bbox 499 4285 3343 4365; baseline -0.001 -16"><span class='ocrx_word' id='word_1_545' title='bbox 499 4308 590 4350; x_wconf 82' lang='lat' dir='ltr'>u.</span> <span class='ocrx_word' id='word_1_546' title='bbox 671 4288 1184 4349; x_wconf 79' lang='lat' dir='ltr'>Sacramentorem</span> <span class='ocrx_word' id='word_1_547' title='bbox 1235 4285 1350 4346; x_wconf 88' lang='lat' dir='ltr'>alia</span> <span class='ocrx_word' id='word_1_548' title='bbox 1401 4294 1537 4347; x_wconf 88' lang='lat' dir='ltr'>sunt</span> <span class='ocrx_word' id='word_1_549' title='bbox 1589 4287 1666 4347; x_wconf 91' lang='lat' dir='ltr'>V.</span> <span class='ocrx_word' id='word_1_550' title='bbox 1703 4285 1820 4347; x_wconf 88' lang='lat' dir='ltr'>alia</span> <span class='ocrx_word' id='word_1_551' title='bbox 1861 4288 1934 4347; x_wconf 90' lang='lat' dir='ltr'>N.</span> <span class='ocrx_word' id='word_1_552' title='bbox 1978 4288 2053 4347; x_wconf 92' lang='lat' dir='ltr'>T.</span> <span class='ocrx_word' id='word_1_553' title='bbox 2116 4287 2391 4364; x_wconf 86' lang='lat' dir='ltr'>Quorum</span> <span class='ocrx_word' id='word_1_554' title='bbox 2432 4288 2497 4365; x_wconf 82' lang='lat' dir='ltr'>(f.</span> <span class='ocrx_word' id='word_1_555' title='bbox 2548 4289 2725 4364; x_wconf 83' lang='lat'><em>1726)</em></span> <span class='ocrx_word' id='word_1_556' title='bbox 2764 4286 3030 4347; x_wconf 89' lang='lat' dir='ltr'>notanda</span> <span class='ocrx_word' id='word_1_557' title='bbox 3068 4300 3226 4363; x_wconf 81' lang='lat' dir='ltr'>quae</span> <span class='ocrx_word' id='word_1_558' title='bbox 3267 4285 3343 4347; x_wconf 83' lang='lat' dir='ltr'>sit</span> 
     </span>
     <span class='ocr_line' id='line_1_49' title="bbox 411 4364 3347 4506; baseline -0.002 -73"><span class='ocrx_word' id='word_1_559' title='bbox 411 4365 859 4447; x_wconf 76' lang='lat' dir='ltr'>conuenientia,</span> <span class='ocrx_word' id='word_1_560' title='bbox 917 4382 1072 4447; x_wconf 82' lang='lat' dir='ltr'>quae</span> <span class='ocrx_word' id='word_1_561' title='bbox 1121 4364 1266 4429; x_wconf 86' lang='lat' dir='ltr'>item</span> <span class='ocrx_word' id='word_1_562' title='bbox 1303 4364 1650 4428; x_wconf 74' lang='lat' dir='ltr'>differentia.</span> <span class='ocrx_word' id='word_1_563' title='bbox 1692 4364 2077 4428; x_wconf 87' lang='lat' dir='ltr'>Conueniunt</span> <span class='ocrx_word' id='word_1_564' title='bbox 2116 4367 2359 4445; x_wconf 88' lang='lat' dir='ltr'>quidem</span> <span class='ocrx_word' id='word_1_565' title='bbox 2408 4386 2457 4429; x_wconf 84' lang='lat'>1.</span> <span class='ocrx_word' id='word_1_566' title='bbox 2498 4366 2561 4429; x_wconf 89' lang='lat' dir='ltr'>in</span> <span class='ocrx_word' id='word_1_567' title='bbox 2598 4382 2779 4431; x_wconf 88' lang='lat' dir='ltr'>causa</span> <span class='ocrx_word' id='word_1_568' title='bbox 2814 4365 3115 4429; x_wconf 81' lang='lat' dir='ltr'>efficiente</span> <span class='ocrx_word' id='word_1_569' title='bbox 3128 4410 3151 4445; x_wconf 91' lang='lat'>,</span> <span class='ocrx_word' id='word_1_570' title='bbox 3188 4380 3347 4506; x_wconf 58' lang='lat' dir='ltr'>qgae</span> 
     </span>
    </p>

    <p class='ocr_par' dir='ltr' id='par_1_9' title="bbox 3101 4454 3361 4524">
     <span class='ocr_line' id='line_1_50' title="bbox 3101 4454 3361 4524; baseline 0.012 -19"><span class='ocrx_word' id='word_1_571' title='bbox 3101 4454 3234 4506; x_wconf 80' lang='lat' dir='ltr'>vtro</span> <span class='ocrx_word' id='word_1_572' title='bbox 3278 4465 3361 4524; x_wconf 69' lang='lat' dir='ltr'>iq.</span> 
     </span>
    </p>
   </div>
  </div>
 </body>
</html>
