3923 4875
1321 387 1646 430 ‘russas
1707 385 2365 431 vnconoorcat.
3246 389 3357 446 213

417 549 658 622 nostris,
717 566 870 627 quac
927 547 1104 608 nobis
1156 549 1401 608 offertur
1438 547 1494 607 δι
1535 547 1868 625 applicatur
1905 545 2233 608 ministerio
2276 545 2579 625 Euangelij
2596 595 2609 618 ,
2652 545 2937 624 accipitur
2959 557 3165 608 autem
3187 549 3305 608 fide
3324 593 3339 617 ,

417 648 570 709 quae
627 629 756 706 ipsa
811 639 902 690 cst
957 628 1186 689 donum
1251 627 1379 688 Dei.
1442 627 1507 696 Si
1562 627 1824 704 donum,
1883 647 2007 688 non
2046 638 2243 706 potoet
2282 627 2403 688 dici
2444 645 2593 704 opus
2635 639 2901 687 nostrum
2946 629 3072 687 vllo
3118 629 3342 704 modo,

415 730 552 788 neq.
584 707 786 787 aliquo
834 709 1017 770 modo
1051 728 1160 786 per
1197 727 1328 768 eam
1371 727 1446 768 ex
1485 707 1738 786 propriis
1783 707 2199 768 satisfacimus:
2240 707 2363 768 imo
2404 709 2597 783 DeuS,
2634 707 2875 784 quando
2896 727 3029 767 eam
3068 719 3341 779 coronat,

417 808 586 852 suum
645 809 767 850 non
820 798 1086 850 nostrum
1137 805 1290 866 opus
1353 797 1634 866 coronat,
1691 789 1818 865 idq.
1879 806 2003 850 non
2058 787 2267 848 ordine
2320 787 2604 864 iustitiae,
2644 787 2751 847 sed
2784 799 3055 879 respectu
3098 789 3362 866 gratiae..

419 869 902 944 Distinetionem,
965 872 1106 929 vero
1155 869 1316 928 illam
1383 870 1592 927 Concil.
1659 869 1925 928 Trident.
1984 887 2122 928 sess.
2190 871 2243 927 6.
2306 888 2355 929 c.
2424 887 2512 942 14.
2569 877 2704 946 post
2758 886 3059 928 remissam
3104 871 3341 946 culpam

421 968 726 1010 remanere
785 967 1040 1026 poenam
1101 950 1514 1025 temporalem,
1576 947 1890 1009 reiicimus.
1945 967 2085 1008 nam
2144 950 2341 1024 prime
2400 947 2503 1025 qui
2564 947 2965 1026 temporaliter
3016 950 3341 1024 puniuntur

422 1042 666 1110 propter
703 1039 981 1108 peccata,
1022 1027 1108 1088 illi
1147 1045 1386 1106 quoque
1439 1027 1502 1088 in
1539 1040 1844 1088 aeternum
1885 1027 2169 1105 puniendi
2226 1039 2391 1088 sunt:
2434 1030 2794 1105 temporales
2834 1027 3055 1106 quippe
3105 1047 3335 1107 poenae

423 1109 652 1172 initium
691 1120 827 1170 sunt
858 1121 1228 1170 aeternarum
1244 1154 1260 1180 ,
1301 1123 1454 1186 quae
1493 1113 1636 1168 vero
1678 1107 2096 1186 castigationes
2139 1107 2247 1185 piis
2282 1107 2674 1168 immittuntur
2713 1119 2849 1186 post
2881 1108 3191 1170 remissurn
3212 1129 3347 1187 pec-

423 1202 653 1260 catum,
709 1207 940 1266 poenae
983 1188 1100 1250 dici
1143 1207 1268 1248 non
1303 1189 1554 1248 debent:
1602 1199 1703 1248 aut
1720 1234 1736 1263 ,
1777 1187 1826 1249 si
1870 1187 1958 1249 sic
2000 1207 2217 1248 vocare
2259 1187 2431 1258 libet,
2475 1207 2598 1248 non
2644 1187 2915 1249 dicentur
2954 1209 3185 1265 poenae
3239 1207 3349 1266 pro

421 1269 746 1349 praeteritis
805 1269 1065 1346 peccatis
1128 1266 1480 1346 purgandiS,
1544 1268 1652 1328 sed
1711 1285 1824 1345 pro
1871 1268 2081 1328 suturis
2121 1267 2395 1328 vitandis,
2460 1270 2761 1337 Secunde,
2801 1267 3069 1330 Christus
3108 1268 3353 1330 remittit

423 1350 598 1412 nobis
659 1347 861 1410 omnia
919 1349 1156 1426 debita,
1207 1349 1433 1408 Mam».
1479 1351 1564 1407 18.
1609 1367 1702 1424 32.
1747 1348 1934 1409 debiti
1977 1361 2177 1408 autem
2218 1349 2461 1409 nomine
2500 1367 2623 1408 non
2668 1347 2909 1426 proprie
2954 1349 3111 1411 venit
3151 1351 3355 1426 culpa,

423 1431 534 1492 sed
591 1430 876 1508 obligatio
934 1429 1012 1489 ad
1075 1427 1554 1489 satisfaciendum
1615 1447 1726 1504 pro
1781 1429 1976 1506 culpa.
2032 1430 2257 1504 Tertia»,
2300 1431 2429 1489 vult
2466 1441 2533 1489 vt
2574 1447 2687 1489 nos
2731 1430 3143 1491 condonemus
3180 1429 3357 1489 nobis

423 1515 662 1586 mutuo,
715 1509 795 1570 ita
835 1521 896 1570 vt
937 1508 1207 1570 Christus
1257 1506 1624 1568 condonauit
1661 1507 1856 1568 nobis.
1899 1509 1960 1568 Si
2004 1527 2145 1588 ergo
2191 1510 2353 1568 Deus
2394 1511 2633 1587 culpam
2676 1513 2731 1569 δι
2774 1528 2895 1569 non
2928 1529 3171 1571 omnem
3213 1529 3353 1588 poe-

423 1609 562 1652 nam
603 1590 820 1666 donat,
859 1607 1054 1666 neque
1101 1605 1212 1648 nos
1253 1587 1586 1648 tenebimur
1627 1605 1866 1648 omnem
1914 1589 2196 1650 vltionem
2240 1587 2559 1650 remittere.
2594 1591 2857 1666 Quat-th,
2878 1591 3145 1651 Christus
3166 1593 3358 1650 factus

425 1682 518 1731 est
556 1670 731 1732 nobis
772 1671 947 1747 plena
977 1666 1310 1746 redemptio
1353 1669 1410 1728 δι
1451 1667 1804 1728 satisfactio:
1847 1688 1992 1748 ergo
2032 1667 2401 1729 satisfactum
2446 1681 2535 1730 est
2558 1687 2802 1746 quoque
2822 1689 2933 1746 pro
2956 1671 3121 1731 omni
3140 1689 3359 1749 poena.

429 1751 723 1890 Deniqus,
786 1749 1096 1828 quomodo
1129 1749 1359 1808 sublata
1399 1765 1608 1819 causa,
1651 1747 1926 1810 videlicet
1968 1751 2179 1828 culpa:
2218 1747 2439 1826 poterit
2480 1767 2717 1810 manere
2756 1751 3007 1810 effectus
3026 1797 3042 1828 ,
3083 1753 3201 1812 hoc
3242 1759 3358 1825 est,

519 1849 634 1890 ena

437 1849 546 1970 po1
557 1931 609 1969 2.
691 1912 994 1989 Negamus
1055 1905 1478 1987 poenitentiam
1537 1927 1664 1968 oese
1725 1908 2173 1968 Sacramentum
2194 1953 2211 1980 ,
2272 1905 2397 1968 siue
2458 1908 2781 1988 accipiatur
2824 1927 2935 1986 pro
2970 1912 3097 1971 sola
3142 1909 3355 1971 mentis

429 1991 822 2052 conuersione
881 1993 1064 2068 atque
1121 1988 1350 2050 interna
1399 1986 1629 2066 peccati
1677 1985 2067 2048 detestatione
2080 2009 2111 2065 ³.-
2154 2005 2275 2065 quo
2316 2006 2493 2050 sensu
2542 1988 2667 2066 ipse
2708 1990 3099 2052 Bellarminus
3142 2001 3351 2069 negat,

428 2073 498 2130 de
549 2072 767 2147 poenit.
829 2071 926 2130 lib.
995 2090 1044 2130 1.
1106 2078 1232 2146 cap.
1295 2072 1352 2128 8.
1415 2066 1848 2128 Poenitentiam
1911 2085 2043 2126 esse
2104 2078 2573 2140 sacramentum,
2614 2069 2741 2130 siue
2776 2081 2837 2128 vt
2878 2072 3062 2131 habet
3104 2083 3351 2132 externa

436 2149 604 2229 signa
663 2149 1012 2226 coniuncta,
1075 2165 1443 2228 moerorem,
1495 2149 1857 2224 lachrymas,
1918 2145 2285 2208 afflictiones·
2344 2147 2471 2208 Etsi
2534 2149 2691 2209 enim
2752 2163 2887 2210 sunt
2958 2151 3016 2211 in
3076 2171 3149 2212 ea
3188 2161 3356 2212 actus

435 2229 788 2308 poenitentis
808 2275 826 2306 ,
869 2231 1052 2291 verba
1082 2226 1403 2290 sacerdotis
1443 2225 1805 2289 absoluentis
1822 2273 1839 2303 ,
1881 2245 2003 2288 non
2046 2237 2247 2288 tamen
2292 2237 2541 2304 possunt
2581 2247 2711 2289 esse
2752 2229 2940 2306 signa.
2984 2233 3141 2292 Nam
3165 2249 3357 2308 neque

432 2314 468 2370 a
527 2309 765 2370 Christo
824 2310 1087 2371 instituta
1147 2318 1316 2386 sunt,
1355 2325 1552 2385 neque
1589 2318 1862 2368 naturam
1901 2306 2055 2385 signi
2094 2309 2347 2386 habent,
2390 2309 2557 2386 quod
2598 2309 2779 2368 debet
2818 2327 2937 2368 non
2985 2313 3183 2372 solum
3226 2331 3355 2372 esse

431 2389 718 2464 audibile,
760 2391 868 2451 sed
905 2389 1086 2451 etiam
1125 2385 1384 2451 visibile:
1429 2390 1554 2466 vel,
1597 2397 1660 2448 vt
1697 2387 2020 2448 Durandus
2059 2386 2140 2449 ait
2180 2390 2241 2449 in
2288 2409 2342 2462 4.
2378 2397 2517 2449 sent.
2564 2390 2695 2449 dist.
2748 2391 2839 2451 16.
2880 2400 3077 2467 quaest.
3132 2412 3178 2452 1.
3224 2411 3350 2453 sen-

432 2470 626 2549 sibile,
667 2487 862 2550 neque
905 2472 1136 2532 tantum
1177 2468 1319 2529 ritus
1337 2514 1352 2540 ‚
1395 2469 1503 2529 sed
1533 2470 1891 2529 elementum
1930 2478 2275 2543 externum,
2318 2480 2380 2529 vt
2414 2487 2571 2547 aqua
2608 2468 2669 2529 in
2711 2470 3043 2547 baptismo,
3084 2472 3253 2549 panis
3296 2476 3351 2532 δε

435 2550 638 2612 vinum
696 2552 758 2611 in
819 2549 1204 2611 Eucharistia.
1261 2550 1626 2609 Damnamus
1665 2564 1908 2626 quoque
1953 2549 2317 2609 Nouan'anos
2334 2595 2351 2624 ,
2394 2548 2497 2627 qui
2537 2549 2743 2627 Lapsis
2784 2563 3003 2629 negant
3043 2551 3351 2629 poeniten·

434 2630 602 2699 tiam,
665 2633 803 2693 cum
869 2630 1147 2693 omnibus
1205 2628 1434 2707 possint
1491 2638 1734 2706 peccata
1795 2626 2045 2703 remitti,
2109 2628 2176 2689 iis
2215 2630 2409 2689 solum
2450 2629 2746 2708 exceptis,
2790 2628 2893 2707 qui
2936 2632 3079 2703 toti,
3120 2632 3183 2692 id
3222 2642 3347 2701 est,

435 2710 812 2790 intelligentia
869 2714 928 2773 &
987 2712 1316 2786 voluntate,
1377 2708 1456 2769 de
1505 2718 1660 2783 tota,
1702 2707 1764 2767 id
1802 2718 1918 2787 est,
1959 2706 2230 2769 doctrina
2273 2719 2397 2769 tota
2437 2712 2493 2770 δι
2536 2708 2849 2772 vocatione
2894 2712 3003 2771 Dei
3046 2714 3343 2789 bonisque

435 2790 650 2851 oblatis
691 2792 747 2851 δι
833 2789 1084 2869 erceptis
1114 2786 1406 2849 absistunt
1446 2786 1800 2865 voluntarie,
1822 2790 1888 2864 >&c
1926 2786 1989 2847 in
2030 2798 2223 2849 totum
2266 2788 2576 2867 deficiunt,
2623 2800 2799 2867 atque
2828 2791 2889 2849 in
2916 2794 3109 2852 Deum
3149 2791 3346 2869 ipsum

439 2871 660 2933 malitia
719 2889 786 2931 su
863 2873 1152 2944 feruntur:
1187 2870 1352 2945 quod
1393 2880 1482 2929 est
1521 2877 1834 2945 peccatum
1874 2867 1934 2927 in
1975 2867 2255 2943 Spiritum
2298 2870 2611 2943 Sanctum,
2654 2870 2819 2947 quod
2860 2875 2897 2930 a
2941 2874 3069 2933 Deo
3113 2873 3353 2948 punitur

437 2951 915 3028 impoenitentia,
967 2950 1220 3041 ideoque
1261 2949 1339 3009 ad
1379 2950 1539 3009 hunc
1579 2950 1777 3009 locum
1817 2966 1942 3008 non
1984 2947 2267 3025 pertinet,
2308 2968 2449 3009 nam
2494 2949 2615 3009 fieri
2657 2968 2778 3010 non
2822 2962 3053 3029 potest,
3103 2962 3164 3012 vt
3210 2954 3355 3012 tales

439 3042 799 3093 renouentur
841 3032 919 3093 ad
959 3026 1426 3109 resipiscentiam
1463 3033 1504 3089 a
1543 3030 1678 3089 De'o
1700 3073 1718 3105 ,
1759 3028 1956 3089 Hebr.
1998 3029 2052 3087 6.
2099 3030 2153 3089 6.
2196 3030 2264 3105 (f.
2314 3031 2515 3105 1687).

1711 3261 2093 3273 ——a

581 3444 832 3529 XXXV.
908 3446 1038 3505 DE
1097 3450 2021 3511 IVSTIFICATIONE
2080 3450 2469 3511 MISERI
2530 3452 3219 3512 PECCATORIS

1568 3553 1940 3615 CORAM
2005 3556 2233 3615 DEO.

1689 3734 2019 3793 Tnnsm
2078 3750 2121 3794 1.

513 3909 693 3967 Tou
755 3904 1100 3984 deprauatio
1159 3908 1218 3967 in
1277 3908 1548 3969 Articulo
1609 3908 2071 3987 Iustifieationis,
2134 3914 2175 3970 a
2236 3910 2459 3990 duplici
2512 3930 2731 3973 caecae
2772 3910 3016 3972 rationis
3058 3911 3357 3972 axiomate

434 3986 684 4065 sumpsit
721 3985 1042 4065 originem:
1085 3987 1342 4065 primurn
1356 4034 1374 4066 ,
1414 3990 1608 4067 legem
1641 3990 1863 4049 habere
1901 3989 2311 4050 conditionem
2352 3991 2627 4052 humanis
2674 3990 2896 4051 viribus
2944 3990 3365 4069 proportiona-

435 4080 556 4127 tam
569 4110 588 4143 ,
626 4066 788 4127 iuxta
827 4068 1142 4127 barbarum
1184 4067 1566 4149 versiculum,
1621 4072 1790 4133 Vltra
1817 4080 1997 4147 posse
2035 4073 2156 4131 viri
2192 4092 2308 4130 non
2347 4074 2475 4133 vult
2518 4072 2684 4130 Deus
2724 4074 2850 4133 vlla
2890 4074 3159 4149 requiri:
3199 4072 3362 4133 vnde

437 4147 758 4224 plausibilis
815 4146 1022 4224 opinio
1085 4166 1224 4209 mox
1283 4146 1542 4227 gignitur
1599 4150 1676 4209 de
1744 4148 1900 4209 facili
1949 4152 2007 4210 δι
2048 4149 2313 4227 possibili
2361 4149 2703 4227 impletione
2746 4150 2919 4228 legis:
2964 4151 3051 4212 sic
3096 4154 3356 4243 populus

436 4225 582 4287 dicit
643 4226 801 4287 Mosi
861 4227 1259 4304 promulganti
1316 4229 1548 4306 legem,
1612 4230 1813 4288 Exod.
1871 4248 1960 4305 19.
2018 4234 2073 4289 8.
2140 4230 2375 4290 Cuncta
2414 4250 2569 4308 quae
2608 4234 2842 4291 locutus
2888 4241 2977 4291 est
3020 4234 3316 4292 Dominus
3334 4278 3351 4309 ,

439 4306 754 4385 faciemus,
793 4307 914 4367 hoc
953 4318 1074 4383 est,
1119 4318 1182 4366 vt
1221 4308 1301 4366 de
1333 4307 1661 4385 Pelagianis
1701 4308 2022 4386 aliquando
2062 4308 2429 4387 Augustinus
2446 4356 2463 4389 ‚
2512 4332 2627 4371 non
2668 4313 2824 4371 deest
2858 4314 2966 4387 qui
2987 4312 3221 4389 faciat,
3257 4314 3365 4371 sed

443 4388 598 4447 deest
630 4388 735 4464 qui
769 4388 1026 4473 imperet.
1069 4388 1364 4465 Alterum,
1405 4399 1492 4449 est
1531 4388 1832 4465 persuasio
1873 4388 2067 4449 meriti
2109 4393 2165 4451 δι
2206 4389 2483 4471 propriae
2526 4390 2773 4455 iustitiae
2820 4410 2894 4454 ex
2958 4392 3357 4531 praestatione

3242 4490 3367 4551 08¹³
