3923 4875
590 321 655 370 14
1576 309 1996 354 FRAthscl
2053 310 2260 363 JUNII
2319 309 2516 355 v1‘rA.

576 475 867 538 afficiebat
904 475 993 536 rei
1032 483 1445 554 argumentum
1460 518 1478 548 ,
1520 475 1577 532 δι
1618 472 1868 534 dicentis
1906 471 2244 534 auctoritas.
2283 474 2480 550 Atque
2515 474 2666 533 haec
2704 472 2944 549 quidem
2987 473 3189 534 omnia
3209 473 3286 534 ad
3303 474 3496 536 studia

577 557 901 617 litterarum
962 553 1347 616 stimulabant
1404 553 1578 614 valde
1627 552 1889 614 animum
1922 571 2122 613 meum
2138 598 2155 631 ,
2213 552 2446 614 honesti
2486 553 2589 630 otij
2633 555 2688 612 δι
2727 552 3160 630 tranquillitatis
3199 565 3496 616 amantem

577 655 761 713 quam
798 637 1175 713 proponebat
1212 645 1397 713 pater.
1442 633 1561 694 Sed
1598 653 1696 694 me
1738 632 1799 693 in
1838 633 2140 694 diuersum
2181 637 2374 711 paene
2392 634 2728 694 retrahebat
2745 632 3106 695 incredibilis
3126 635 3498 711 quorundam

574 726 1029 794 praeceptorum
1089 714 1331 776 durities
1390 716 1445 773 &
1504 713 1765 774 insolens
1824 712 2170 774 carnificina
2229 715 2510 790 (quorum
2569 712 2912 774 nominibus
2963 717 3171 792 parco)
3210 721 3424 793 meque
3459 718 3498 775 a

558 797 907 862 ,studiorum
973 795 1313 857 deterrebat
1380 792 1667 855 instituto.
1748 795 1821 854 Id
1882 793 2043 854 enim
2102 812 2388 872 persaepe
2447 812 2569 856 vno
2633 795 2687 853 δι
2747 795 2966 856 eodem
3027 792 3125 854 die
3187 795 3499 874 frangebat

572 875 839 937 animum
910 893 1109 936 meum
1125 920 1143 953 ,
1202 874 1644 952 litterarumque
1702 892 1973 934 amorem
2015 872 2348 952 minuebat:
2407 890 2593 951 quum
2632 889 2832 935 meum
2872 873 3237 935 immerentis
3279 892 3499 954 corpus

573 956 883 1018 conscindi
940 957 1135 1034 flagris
1184 954 1398 1033 septies
1437 964 1541 1015 aut
1578 954 1765 1014 octies
1804 953 1865 1014 in
1906 953 2034 1014 dies
2073 953 2364 1031 singulos,
2423 953 2712 1015 contundi
2750 953 2978 1015 baculis
2993 999 3012 1033 ,
3071 955 3127 1013 &
3167 955 3394 1016 nudum
3433 955 3496 1016 in

572 1047 731 1098 terra
808 1035 1051 1096 distrahi
1114 1034 1393 1113 Scythico
1458 1053 1651 1113 more,
1728 1033 2087 1112 indignarer.
2166 1034 2419 1109 Quoties
2477 1044 2753 1095 coactum
2812 1032 3176 1095 mendaciter
3229 1035 3499 1097 confiteri

574 1119 795 1178 factum
809 1163 827 1196 ,
890 1115 1057 1176 cuius
1116 1115 1262 1176 mihi
1318 1134 1395 1176 ne
1452 1113 1513 1175 in
1573 1125 1833 1175 mentem
1884 1114 2126 1192 quidem
2181 1123 2454 1192 venerat,
2495 1127 2722 1192 poenas
2759 1114 3054 1190 mendacii
3099 1134 3196 1176 me
3235 1115 3501 1194 oportuit

575 1199 771 1275 luere,
811 1195 1081 1274 dicente,
1122 1197 1178 1255 &
1217 1214 1356 1256 vere
1394 1205 1522 1255 tum
1562 1193 1798 1256 dicente
1840 1193 2105 1273 Orbilio,
2150 1197 2188 1254 a
2227 1212 2290 1254 se
2329 1213 2456 1255 non
2494 1197 2568 1255 ee
2610 1213 2708 1255 me
2747 1193 2948 1271 caedi,
2988 1194 3154 1272 qued
3195 1195 3498 1274 fecissem,

576 1277 683 1338 sed
742 1277 907 1354 qued
965 1275 1239 1338 mentitus
1298 1293 1519 1354 essem3
1579 1274 1831 1350 Quoties
1872 1275 2096 1353 figurae
2133 1285 2617 1351 argumentorum
2655 1273 2717 1334 in
2755 1273 3084 1335 Dialectica
3122 1275 3498 1353 Trapezuntij

574 1357 833 1449 positae,
893 1357 1129 1416 fuerunt
1178 1354 1521 1433 tyrannicae
1570 1353 1723 1415 illius
1776 1353 2163 1432 impotentiae
2201 1357 2590 1433 {argumentaz
2652 1354 2714 1415 Si
2755 1356 2805 1413 B
2846 1364 2997 1430 erat,
3057 1353 3361 1417 indicabat
3400 1375 3496 1418 me

571 1457 635 1498 in
672 1454 879 1497 mensa
915 1439 1050 1514 plus
1092 1435 1231 1497 satis
1269 1434 1520 1514 bibisse3
1560 1433 1623 1493 in
1667 1437 1875 1496 schola
1914 1434 2175 1496 batuisse
2189 1479 2206 1512 ,
2249 1434 2312 1494 id
2349 1445 2437 1496 est
2477 1452 2616 1495 cum
2656 1437 2847 1497 altero
2890 1434 3082 1496 sodali
3111 1435 3500 1514 pugnauisse:

574 1516 623 1578 si
663 1518 714 1578 C
727 1563 743 1590 ,
787 1537 883 1578 me
925 1519 1218 1578 clamores
1259 1514 1634 1576 excitauisse:
1696 1515 1745 1575 si
1783 1517 1842 1575 D
1858 1561 1875 1594 ,
1917 1534 2016 1576 me
2055 1517 2172 1575 hoc
2209 1525 2311 1575 aut
2348 1513 2494 1575 illud
2535 1513 2777 1576 dixisse:
2819 1514 2902 1575 ita
2939 1514 3179 1575 insanae
3217 1515 3497 1578 stultitiae

572 1596 829 1657 hominis
887 1614 1109 1673 poenas
1169 1596 1311 1656 dare
1371 1595 1690 1672 oportebat
1746 1594 2184 1674 simplicitatem
2245 1614 2459 1656 meam.
2515 1597 2840 1655 Innumera
2895 1594 2957 1655 in
3017 1596 3179 1655 hunc
3240 1597 3492 1657 modum

572 1680 805 1738 fuerunt
842 1686 1212 1754 commenta,
1261 1674 1475 1753 quibus
1516 1674 1643 1736 dies
1682 1677 1737 1734 δι
1779 1687 1988 1736 noctes
2029 1674 2309 1735 miserum
2351 1692 2568 1752 corpus
2609 1691 2810 1735 meum
2850 1676 3028 1735 fiebat
3066 1675 3242 1736 ludus
3280 1677 3337 1735 &
3377 1675 3497 1754 pila

568 1755 826 1836 homini,
887 1773 1103 1833 corpus
1162 1772 1333 1817 suum
1385 1754 1729 1817 exercitanti
1776 1755 1838 1815 in
1878 1775 2014 1816 meo
2055 1773 2336 1832 corpore,
2379 1756 2435 1814 &
2476 1755 2739 1815 animum
2779 1754 3047 1831 pascenti
3087 1753 3494 1833 indignissime

570 1839 729 1898 malo
791 1855 949 1896 meo·
1007 1838 1181 1896 Haec
1220 1836 1413 1896 fratris
1454 1834 1573 1895 mei
1610 1835 1913 1914 ingenium
1952 1838 2106 1897 adeo
2149 1836 2482 1914 fregerunt,
2541 1845 2607 1894 vt
2647 1837 2828 1895 semel
2867 1845 3036 1895 extra
3075 1853 3140 1895 se
3177 1844 3380 1914 raptus
3421 1835 3494 1896 sit

569 1915 918 1993 miserrime3
950 1925 1161 1993 postea
1198 1915 1260 1975 in
1298 1917 1639 1976 vniuersum
1682 1913 1890 1976 studiis
1931 1913 2380 1976 renunciauerit.
2403 1917 2578 1976 Haec
2599 1915 2814 1975 eadem
2835 1924 3233 1975 transversum
3251 1932 3496 1994 quoque

568 2015 665 2056 me
718 1995 1108 2072 abripuissent
1122 2041 1139 2074 ,
1196 1995 1308 2056 nisi
1363 2006 1526 2057 certa
1565 1995 1682 2056 Dei
1721 1995 2047 2056 reuerentia
2087 1994 2434 2056 inhibuisset
2473 2013 2598 2074 me,
2639 1996 2696 2055 δε
2738 1993 2919 2072 patris
2933 2041 2951 2074 ,
2992 1994 3160 2054 cuius
3197 1995 3495 2057 afficiebat

568 2095 667 2136 me
728 2074 981 2136 maxime
1040 2075 1379 2138 auctoritas.
1438 2078 1761 2137 Eluctabar
1818 2075 2018 2152 itaque
2059 2095 2166 2152 per
2206 2075 2320 2137 Dei
2359 2073 2610 2153 gratiam
2651 2074 2962 2136 durissima
3001 2073 3102 2134 illa
3138 2075 3490 2154 certamina,

568 2165 791 2234 quanta
828 2155 927 2215 vix
967 2156 1069 2215 vlli
1106 2174 1293 2234 puero
1338 2155 1628 2217 memoria
1648 2165 1852 2218 nostra
1890 2154 2246 2217 crediderim
2267 2156 2468 2217 oblata
2489 2174 2644 2232 esse3
2681 2156 2738 2214 δι
2757 2159 3099 2216 constanter
3117 2153 3492 2216 dissimulans

568 2237 840 2296 dolorem
873 2253 1073 2296 meum
1089 2281 1105 2314 ,
1144 2256 1223 2297 ne
1264 2237 1439 2297 matri
1475 2236 1719 2315 quidem
1761 2235 2304 2316 indulgentissimae
2333 2246 2436 2297 aut
2473 2234 2906 2296 amantissimae
2943 2233 3136 2296 sorori
3153 2233 3492 2312 aperiebam

567 2318 755 2377 verbo
813 2326 915 2377 aut
974 2315 1400 2394 significatione
1460 2319 1594 2378 vlla.
1656 2316 1915 2377 Videant
1970 2325 2271 2395 parentes,
2332 2332 2587 2394 quorum
2649 2313 2788 2376 fidei
2826 2313 3202 2376 committant
3234 2313 3488 2377 liberos:

568 2394 810 2458 videant
868 2407 1316 2477 praeceptores,
1378 2414 1500 2476 quo
1560 2395 1757 2459 studio
1774 2444 1791 2473 ,
1852 2414 1970 2476 qua
2028 2407 2182 2477 arte,
2243 2413 2363 2474 qua
2421 2394 2714 2475 aequitate
2763 2397 2819 2456 &
2859 2393 3270 2459 moderatione
3306 2395 3489 2458 animi

568 2476 933 2538 iuuentutem
976 2477 1090 2539 sibi
1126 2478 1415 2539 creditam
1453 2477 1803 2539 informent:
1843 2477 2124 2557 equidem
2165 2495 2471 2555 nunquam
2511 2487 2604 2538 tot
2622 2474 2899 2554 periculis
2921 2474 3326 2537 circumsideri
3347 2494 3487 2555 pue-

567 2557 762 2619 ritiam
804 2565 1189 2637 teneramque
1226 2568 1480 2620 aetatem
1520 2558 1681 2620 illam
1720 2558 2078 2637 pvtauissem
2095 2603 2112 2635 ,
2152 2557 2264 2618 nisi
2306 2577 2403 2619 me
2425 2557 2864 2634 imprudentem
2882 2567 3062 2634 atque
3079 2555 3487 2618 immerentem

570 2637 966 2699 exercuissent
1005 2637 1361 2699 saeuissime.

648 2722 851 2797 Agens
887 2717 1123 2779 tertium
1163 2721 1220 2780 &
1261 2718 1562 2780 decimum
1602 2717 1807 2780 aetatis
1844 2734 2070 2778 annum
2084 2762 2102 2795 ,
2141 2737 2240 2778 me
2279 2718 2356 2778 ad
2395 2717 2828 2795 degustandam
2860 2715 3000 2777 iuris
3020 2714 3325 2779 scientiam
3345 2737 3488 2781 con-

565 2797 703 2876 tuli,
763 2814 946 2876 quum
1000 2797 1451 2860 vindemialibus
1490 2800 1649 2861 feriis
1690 2801 1878 2877 Hugo
1920 2799 2210 2859 Donellus
2249 2798 2551 2860 studiosae
2599 2796 2916 2859 iuventutis
2957 2813 3166 2857 caussa
3205 2817 3280 2858 ex
3317 2798 3486 2859 Insti-

562 2877 889 2940 tutionibus
946 2877 1318 2940 Iustinianeis
1379 2879 1612 2940 titulum
1672 2880 1749 2939 de
1788 2877 2120 2939 actionibus
2159 2878 2666 2957 interpretandum
2709 2875 3088 2955 suscepisset:
3131 2894 3310 2955 quem
3347 2889 3486 2941 ante

561 2974 787 3035 paucos
842 2977 1032 3019 annos
1093 2958 1153 3018 in
1214 2962 1409 3021 lucem
1470 2958 1673 3021 edidit.
1728 2960 1869 3019 Non
1909 2957 2262 3035 displicebat
2301 2957 2593 3037 studium:
2633 2969 2698 3019 vt
2735 2957 2838 3035 qui
2876 2977 2949 3018 ex
2989 2956 3231 3034 priuatis
3267 2958 3488 3020 scholis

566 3036 711 3098 nihil
769 3048 872 3098 aut
908 3055 1229 3117 perparum
1270 3042 1493 3100 fructus
1526 3039 1605 3101 ad
1646 3060 1743 3101 me
1782 3038 2064 3099 sentirem
2105 3038 2448 3120 peruenire3
2489 3039 2568 3098 ad
2607 3037 2762 3099 illius
2800 3047 2999 3098 autem
3039 3036 3215 3113 studij
3257 3038 3486 3099 aditum

569 3136 641 3179 eo
703 3117 848 3178 mihi
904 3118 1230 3179 faciliorem
1294 3132 1498 3197 patere
1558 3121 1715 3181 viam
1730 3164 1747 3199 ,
1808 3120 1977 3197 quod
2019 3118 2409 3180 domesticam
2447 3118 2933 3179 exercitationem
2974 3120 3030 3178 δι
3070 3122 3488 3197 προγύμνασμα

568 3199 874 3275 quoddam
932 3217 1122 3259 annos
1178 3200 1431 3278 amplius
1490 3200 1749 3278 quinque
1809 3203 1845 3260 a
1904 3210 2072 3277 patre
2128 3198 2190 3259 in
2229 3198 2483 3277 politicis
2519 3197 2984 3276 capitalibusque
3025 3197 3246 3259 caussis
3284 3215 3490 3259 conse·

570 3288 787 3355 quutus
845 3296 1051 3339 essem.
1112 3280 1319 3357 Itaque
1379 3279 1682 3342 biennium
1742 3282 1929 3341 ferme
1969 3280 2030 3339 in
2071 3298 2144 3341 eo
2183 3279 2380 3341 studio
2419 3278 2810 3357 comsumpsi,
2850 3294 3035 3355 quum
3059 3276 3122 3337 in
3161 3275 3489 3339 Academia

569 3356 855 3417 docerent
891 3360 940 3419 F
940 3358 1239 3419 ranciscus
1275 3361 1619 3439 Duarenus,
1660 3363 1845 3439 Hugo
1885 3362 2206 3439 Donellus,
2246 3362 2303 3420 &
2333 3358 2506 3420 huius
2545 3359 2870 3435 ἐφάμιλλος
2888 3356 3184 3419 Antonius
3207 3357 3486 3438 Concius,

569 3437 913 3499 Ludouicus
952 3440 1316 3518 RussarduS,
1358 3442 1414 3503 δι
1454 3441 1474 3500 i
1504 3442 1540 3517 ij
1586 3440 1789 3519 magni
1832 3441 1893 3500 in
1934 3457 2042 3500 sua
2080 3438 2447 3519 professione
2485 3438 2612 3500 viri.

651 3518 925 3578 Tandem
966 3520 1125 3595 apud
1164 3538 1261 3581 me
1304 3519 1554 3599 cogitari
1593 3521 1802 3600 coepi,
1844 3524 2028 3598 quam
2071 3522 2255 3582 multa
2291 3522 2487 3581 adhuc
2511 3538 2607 3579 me
2626 3517 2688 3578 in
2706 3517 3032 3579 litterarum
3050 3517 3486 3598 humaniorum,

566 3596 897 3675 linguarum
914 3643 930 3676 ,
989 3601 1045 3660 δε
1078 3597 1357 3661 historiae
1392 3600 1649 3662 maxime
1688 3600 2029 3680 cognitione
2072 3601 2422 3662 deficerent:
2462 3616 2609 3679 quas
2647 3616 2742 3659 res
2781 3599 2920 3659 cum
2960 3598 3039 3659 ad
3077 3616 3280 3659 veram
3315 3596 3488 3672 iuris,

570 3688 699 3737 tum
758 3677 836 3737 ad
894 3677 1147 3739 aliorum
1186 3697 1425 3757 quoque
1464 3680 1797 3743 studiorum
1838 3680 2287 3759 intelligentiam
2325 3680 2604 3742 videbam
2641 3678 2956 3757 pertinere.
3011 3680 3351 3755 Reputante
3389 3697 3488 3740 me

568 3756 680 3817 ista
693 3802 711 3835 ,
744 3775 887 3818 ecce
926 3775 1119 3820 nouus
1156 3760 1409 3823 nuncius
1446 3762 1523 3821 ad
1560 3771 1789 3840 patrem
1828 3760 2157 3841 Lugdun0,
2199 3763 2276 3822 de
2315 3778 2476 3823 noua
2507 3760 2834 3838 Legatione
2868 3762 2908 3819 a
2946 3760 3115 3838 Rege
3153 3759 3488 3819 Constanti·

571 3837 819 3915 nopolin
877 3838 954 3899 ad
1012 3841 1273 3901 Turcam
1331 3844 1695 3919 profectura:
1756 3858 1909 3919 opus
1948 3860 2080 3902 esse
2094 3886 2112 3918 ‚
2153 3851 2216 3903 vt
2255 3858 2435 3918 quam
2475 3839 2732 3918 primum
2770 3838 3051 3919 Lugduni
3086 3837 3308 3917 adsim,
3346 3856 3488 3899 cum

569 3919 797 3996 Legato
842 3918 959 3979 mei
999 3930 1233 3981 amante
1270 3924 1659 4000 profecturus.
1698 3923 1970 3983 Instabat
2011 3920 2264 3981 maxime
2301 3920 2483 3983 literis
2521 3920 2612 3981 vir
2650 3921 2864 3982 doctus
2878 3964 2898 3997 ,
2938 3918 3119 3997 patris
3169 3918 3486 3980 necessitu-

571 3997 710 4058 dine
723 4044 739 4077 ,
801 4001 1027 4077 Legato
1087 4000 1478 4063 familiaritate
1537 4020 1767 4064 summa
1827 4000 2371 4078 coniunctissimus,
2430 4001 2913 4063 Bartholemaeus
2949 4002 3178 4060 Anulus
3218 3998 3320 4077 qui
3358 4009 3489 4060 tum

567 4076 729 4139 vrbis
788 4079 1119 4156 Gymnasio
1177 4092 1463 4159 praeerat.
1527 4086 1684 4143 Tum
1745 4081 1823 4144 de
1884 4080 2177 4142 sententia
2215 4080 2396 4159 patris
2434 4081 2792 4159 Lugdunum
2835 4089 3003 4160 pet03
3063 4079 3248 4141 serius
3287 4090 3488 4141 tamen

572 4157 781 4237 Legati
818 4158 973 4220 illius
986 4206 1004 4239 ,
1045 4162 1101 4220 δι
1138 4161 1349 4241 Anuli,
1388 4165 1444 4223 δι
1484 4162 1665 4241 patris
1687 4161 2126 4241 expectatione:
2169 4160 2288 4222 iam
2317 4180 2534 4239 nempe
2550 4162 2662 4223 iter
2681 4161 2744 4223 in
2762 4160 2991 4223 Italiam
3013 4162 3252 4221 fecerat.
3279 4163 3488 4237 Itaque

571 4239 847 4317 Lugduni
882 4239 1092 4302 iubeor
1135 4242 1478 4323 subsistere,
1520 4244 1665 4305 dum
1702 4263 1768 4305 se
1800 4242 2000 4320 aliqua
2027 4244 2179 4303 iusta
2197 4241 2592 4305 commoditas
2610 4242 2688 4302 ad
2707 4238 3138 4321 profectionem
3160 4242 3388 4302 offerat.
3425 4242 3485 4301 Is

575 4330 775 4380 autem
815 4319 961 4381 mihi
997 4322 1150 4384 liber
1189 4340 1451 4385 secessus
1490 4323 1603 4385 fuit
1636 4325 1716 4386 ad
1754 4324 2049 4402 quaedam
2070 4322 2264 4385 studia
2282 4322 2817 4401 opportunissimus
2831 4367 2848 4401 ,
2869 4319 3201 4384 &iucunda
3219 4338 3486 4414 commo-

3308 4411 3490 4483 rat103
