3923 4875
609 348 723 426 298
904 419 911 428 ⁶
1536 359 1869 411 'tiresus
1926 361 2582 412 rntonoorcAt.

600 523 811 585 simus:
852 523 949 584 hic
990 524 1148 586 enim
1186 525 1315 604 ipse
1354 535 1443 588 est
1478 545 1587 604 per
1630 525 1797 588 cuius
1828 543 2072 588 manum
2105 527 2233 588 Lex
2261 526 2407 591 olim
2427 525 2781 606 stipantibus
2798 523 3046 608 Angelis
3064 528 3254 592 fuerat
3271 529 3510 614 hadita,

600 610 1053 681 sermonemque
1092 607 1447 684 προφορικόν
1486 606 1809 668 enuncians
1846 608 2054 687 nobis,
2097 619 2162 668 vt
2199 626 2397 668 sermo
2436 617 2707 670 aeternus
2745 607 2946 686 patris,

684 687 777 744 28.
857 685 1021 745 Huic
1058 689 1201 746 vero
1242 685 1500 746 sermoni
1538 695 1664 746 tum
1705 687 1805 746 illa
1845 687 2048 748 omnia
2084 697 2286 748 vetera
2323 687 2574 766 scripta,
2613 699 2680 748 vt
2717 706 2873 766 quae
2909 690 2988 749 ab
3029 689 3160 768 ipso
3189 692 3509 772 fluxerunt,

599 765 719 824 hoc
756 773 1027 842 tempore
1068 775 1493 846 contestantur,
1532 775 1660 827 tum
1680 766 1885 828 omnia
1900 765 2004 828 illa
2017 765 2492 829 testimoniorum
2515 787 2732 846 genera
2751 785 2906 846 quae
2925 773 3066 830 ante
3084 771 3480 847 percurrimus
3493 818 3510 850 ,

602 845 867 922 exceptis
903 843 1361 923 temporalibus:
1405 844 1467 905 in
1509 845 1990 907 extr-aordinariis
2037 847 2368 924 symbolica
2404 848 2462 908 δι
2497 848 2856 941 energetica:
2909 849 2972 910 in
3011 850 3321 914 ordinariis
3360 853 3510 912 affir-

604 923 789 985 matio
830 923 1079 1004 Spiritus
1119 925 1307 985 sancti
1323 970 1340 1004 ,
1380 935 1628 986 euentus
1668 926 2058 1006 certissimus,
2097 927 2156 986 &
2195 938 2398 988 sancta
2434 929 2740 990 Ecclesiae
2778 929 3066 1008 assensio,
3099 932 3514 1010 confessioque

637 1003 1095 1066 onstantissima.

600 1026 637 1122 ς
682 1103 779 1162 29.
858 1085 1031 1177 Quae
1064 1093 1261 1146 autem
1292 1085 1509 1164 scripta
1542 1097 1681 1146 sunt
1710 1087 1786 1147 de
1805 1089 1923 1149 hoe
1944 1105 2220 1148 sermone
2237 1089 2316 1148 ab
2339 1087 2731 1167 Euangelistis
2749 1091 2805 1150 δι
2823 1089 3164 1169 Apostolis,
3187 1091 3516 1154 Ecclesiae·

600 1180 717 1240 que
759 1164 1007 1245 tradita,
1050 1183 1121 1225 ea
1160 1164 1415 1226 mediate
1453 1165 1515 1225 in
1556 1166 1795 1228 Christo
1848 1186 1955 1245 per
1995 1166 2274 1244 Spiritum
2329 1185 2500 1228 suum
2541 1168 2726 1246 opera
2761 1169 2998 1230 illorum
3031 1170 3292 1232 confecit
3327 1173 3512 1234 Deus.

678 1263 777 1320 30.
858 1245 1097 1306 Horum
1136 1245 1577 1306 testificationes
1614 1245 1762 1308 aliae
1802 1250 1841 1308 ὲ.
1882 1249 2018 1308 Deo
2059 1259 2224 1327 sunt,
2266 1247 2414 1308 aliae
2453 1248 2531 1309 ab
2575 1247 2935 1310 hominibus.

523 1399 529 1408 .
677 1343 713 1401 3
726 1344 774 1383 r.
855 1326 912 1384 A
950 1326 1087 1384 Deo
1147 1323 1489 1386 immediate
1546 1335 1683 1390 sunt
1740 1325 2181 1388 testificationes
2241 1327 2428 1388 Patris
2485 1325 2546 1388 in
2585 1327 2737 1389 Filio
2797 1347 2908 1406 per
2959 1327 3270 1418 Spiritum,
3331 1349 3512 1408 quem

598 1403 903 1482 inspirauit
942 1403 1127 1465 seruis
1166 1405 1285 1464 suis
1326 1404 1751 1479 scribentibus,
1790 1409 1845 1468 δι
1887 1406 2132 1485 inspirat
2169 1406 2498 1468 credituris.

678 1503 776 1561 32.
857 1483 1119 1545 Mediate
1158 1488 1331 1564 vero,
1376 1495 1505 1546 tum
1544 1495 1710 1546 extra
1748 1485 2022 1547 ordinem
2063 1485 2230 1566 sig-na
2265 1506 2374 1565 per
2411 1504 2616 1549 seruos
2653 1486 2768 1548 Dei
2803 1487 2964 1548 edita
3003 1507 3306 1550 sermones
3331 1491 3510 1570 scrip-

597 1571 911 1644 turamque
970 1564 1235 1643 ipsorum
1288 1565 1731 1646 confirmantia,
1786 1567 1843 1626 δι
1891 1576 2109 1628 euenta
2153 1567 2420 1648 illorum3
2471 1578 2598 1628 tum
2643 1567 2939 1628 ordinarie
2983 1568 3161 1648 Legis
3213 1568 3510 1650 totiusque

598 1643 809 1704 veteris
848 1645 1186 1723 Scripturae
1225 1663 1450 1724 canon,
1494 1664 1741 1707 examen
1784 1657 2126 1707 sanctorum
2167 1649 2624 1727 Apostolorum,
2663 1647 2898 1725 piorum
2945 1647 3008 1708 in
3045 1649 3350 1728 Ecclesia,
3387 1661 3510 1711 tam

600 1741 808 1784 eorum
868 1723 971 1802 qui
1025 1724 1329 1803 viderunt,
1381 1728 1563 1803 quam
1612 1744 1818 1786 eorum
1872 1725 1975 1804 qui
2013 1725 2253 1788 Christo
2303 1746 2424 1788 non
2481 1727 2611 1788 viso
2663 1746 2738 1788 ex
2789 1725 3096 1789 auditione
3134 1729 3513 1792 crediderunt

594 1802 885 1883 assensi03
940 1805 997 1864 &
1038 1803 1437 1865 Eoelesiarum
1490 1805 1694 1865 diuina
1743 1805 2022 1868 collectio
2076 1826 2150 1867 ac
2189 1806 2533 1868 constitutio
2573 1806 2652 1867 ad
2692 1805 2865 1868 huius
2905 1806 3242 1887 Scripturae
3279 1811 3510 1889 praedi-

594 1883 924 1964 cationem3
964 1902 1037 1944 ac
1076 1887 1380 1962 postremo
1421 1885 1689 1946 omnium
1730 1885 1907 1965 fides,
1948 1887 2302 1964 obsequium
2341 1887 2514 1967 fidei,
2553 1889 2610 1948 δι
2647 1885 2930 1966 patientia
2965 1886 3188 1950 inuicta
3225 1887 3286 1949 in
3319 1891 3510 1952 crucis

596 1961 977 2040 grauissimae
1016 1963 1511 2042 perpessionibus.

676 2061 773 2119 33.
853 2045 952 2104 Ab
1011 2040 1355 2104 hominibus
1413 2043 1699 2125 denique,
1760 2043 1927 2122 quod
1986 2045 2149 2125 impij
2203 2049 2260 2108 δι
2310 2047 2578 2108 infideles
2617 2045 2730 2140 ipsi
2777 2045 2992 2108 virtute
3031 2047 3148 2108 Dei
3207 2048 3349 2110 huic
3399 2049 3512 2129 ipsi

594 2121 959 2202 Smipturae,
999 2141 1074 2184 ex
1114 2124 1291 2188 rebus
1332 2123 1500 2204 visis,
1541 2123 1755 2186 auditis
1770 2171 1788 2204 ,
1835 2125 2120 2206 cognitis,
2159 2125 2474 2204 perhibere
2513 2125 2915 2188 testimonium
2957 2125 3054 2203 alij
3089 2128 3362 2190 vniuerse
3377 2175 3395 2208 ,
3413 2130 3508 2207 alij

594 2221 668 2262 ex
702 2213 872 2294 parte
910 2202 1106 2264 coacti
1146 2215 1307 2284 sunt3
1350 2223 1462 2266 nec
1504 2203 1733 2266 veritati
1788 2207 1845 2266 &
1896 2205 2230 2268 euidentiae
2280 2207 2557 2286 Spiritus,
2607 2223 2761 2284 quae
2813 2206 2876 2268 in
2915 2207 3230 2286 Scripturis
3268 2210 3509 2290 emicat,

594 2299 719 2342 ausi
757 2294 894 2344 sunt
932 2282 1253 2346 obsistere:
1296 2295 1460 2345 tanta
1498 2295 1588 2346 est
1628 2283 1886 2348 veritatis
1922 2285 2013 2346 vis
2052 2297 2232 2364 atque
2273 2286 2574 2348 autoritas.
3445 2335 3452 2342 .

1856 2572 2246 2586 *1.

1207 2800 1342 2895 DE
1404 2804 1659 2863 FINE
1720 2803 2410 2865 SCRIPTVRAE
2467 2804 2915 2866 SACRAE.

1836 3008 2168 3069 Tnnsxs
2225 3010 2276 3068 Ι.
2399 3052 2407 3061 .

671 3183 877 3241 Ιιιινε
920 3201 1065 3274 ergo
1108 3182 1443 3261 Scripturae
1482 3202 1712 3263 sacrae,
1753 3184 1831 3245 de
1862 3202 1983 3263 qua
2013 3187 2149 3246 ante
2168 3184 2422 3247 diximus
2439 3231 2456 3264 ,
2495 3196 2620 3246 tam
2641 3187 2949 3264 multiplex
2968 3188 3024 3247 &
3043 3186 3240 3264 ampla
3259 3184 3512 3264 dignitas

598 3260 818 3322 euincit
857 3262 1326 3323 manifestissime
1366 3282 1490 3324 non
1533 3282 1707 3341 posse
1730 3266 1907 3325 finem
1926 3264 2081 3325 illius
2104 3283 2228 3326 non
2251 3286 2381 3327 esse
2402 3265 2832 3343 amplissimum
2847 3312 2864 3346 ,
2903 3264 3226 3343 finiumque
3245 3265 3514 3326 omnium

593 3340 698 3419 qui
738 3341 799 3401 in
843 3354 1053 3403 natura
1092 3360 1287 3403 rerum
1328 3354 1431 3403 aut
1468 3360 1647 3422 supra
1685 3354 1956 3405 naturam
1999 3352 2135 3405 sunt
2178 3346 2758 3424 praestantissimum.

678 3442 733 3481 ε.
814 3424 909 3481 Ac
948 3422 1207 3500 primum
1255 3421 1497 3499 quidem
1538 3424 1798 3515 aliquem
1852 3434 2081 3485 certum
2133 3428 2314 3487 finem
2355 3426 2690 3504 Scripturae
2730 3444 2930 3487 sacrae
2969 3444 3100 3486 esse
3139 3424 3512 3505 propositum

592 3518 777 3561 nemo
816 3500 1151 3580 negauerit,
1191 3502 1296 3581 qui
1323 3513 1425 3563 aut
1458 3514 1765 3564 materiam
1780 3550 1799 3584 ,
1840 3515 1944 3564 aut
1963 3506 2213 3567 formam
2235 3505 2416 3587 illius,
2435 3516 2538 3567 aut
2559 3506 2918 3567 efficientem
2937 3522 3178 3566 causam
3197 3522 3511 3582 summam,

594 3580 1005 3659 adiuuantem,
1048 3592 1147 3643 aut
1188 3580 1691 3643 instrumentalem
1732 3593 2105 3662 reputaturus
2144 3598 2248 3647 est.

673 3680 732 3739 3.
816 3662 1055 3723 Etenim
1106 3660 1155 3721 si
1209 3660 1535 3724 animantes
1575 3674 1844 3725 caeterae
1882 3674 2092 3725 natura
2133 3666 2314 3745 duce,
2355 3677 2458 3727 aut
2496 3664 2770 3727 homines
2811 3664 3040 3727 ratione
3079 3684 3206 3725 rem
3253 3664 3476 3723 nullam
3493 3708 3512 3742 ,

594 3760 670 3803 ne
712 3742 999 3804 ludicram
1053 3740 1297 3819 quidem
1346 3753 1664 3822 appetunt,
1721 3742 1833 3803 nisi
1885 3756 2129 3823 propter
2183 3748 2360 3807 finem
2401 3746 2687 3824 aliquem,
2726 3746 2914 3805 multo
2955 3744 3150 3805 minus
3189 3744 3316 3804 dari
3355 3742 3512 3803 istud

592 3832 823 3902 potest,
864 3840 1199 3884 sermonem
1238 3822 1381 3901 Dei,
1422 3824 1483 3883 id
1525 3833 1645 3902 est,
1684 3821 1948 3884 diuinam
1991 3825 2152 3886 illam
2191 3828 2626 3903 caelestemque
2666 3825 2999 3905 materiam,
3039 3823 3242 3885 diuina
3260 3824 3434 3901 plane
3456 3824 3510 3882 δι

592 3902 831 3963 caelesti
885 3904 1102 3974 forma,
1156 3905 1194 3962 a
1235 3903 1371 3963 Deo
1426 3904 1553 3981 (qui
1595 3912 1755 3964 totus
1794 3916 1884 3965 est
1924 3904 2234 3985 sapientia)
2286 3906 2349 3968 in
2390 3904 2705 3985 Scripturis
2743 3905 2924 3967 sacris
2965 3904 3142 3965 fuisse
3179 3902 3510 3983 expositum

592 3980 721 4043 sine
761 3981 911 4043 certi
951 3981 1085 4043 finis
1122 3983 1646 4061 contemplatione.
1993 3986 2010 4003 ⁹

670 4081 727 4136 4.
813 4060 1153 4153 Iisdemque
1192 4061 1517 4123 rationibus
1560 4061 1875 4125 manifesto
1915 4064 2170 4126 vincitur
2191 4064 2342 4127 illius
2374 4066 2554 4127 finem
2591 4064 3024 4145 amplissimum
3047 4080 3176 4125 esse
3197 4072 3511 4141 oportere:

588 4151 655 4201 vt
699 4140 848 4201 nihil
888 4142 965 4202 de
1006 4140 1135 4201 aliis
1176 4140 1237 4201 in
1277 4143 1609 4220 praesentia
1648 4142 1934 4205 dicamus.

671 4237 723 4299 5.
813 4221 969 4282 Cum
1010 4232 1208 4283 autem
1247 4222 1547 4301 Scriptura
1600 4235 1833 4284 enarret
1884 4223 2223 4286 hominibus
2272 4235 2465 4286 totum
2507 4224 2820 4287 consilium
2860 4228 2916 4287 &
2955 4224 3320 4285 voluntatem
3359 4222 3475 4282 Dei
3491 4266 3510 4299 ,

587 4317 769 4377 quam
812 4300 953 4361 sciri
992 4304 1029 4361 ὲ,
1068 4301 1243 4362 nobis
1280 4303 1341 4363 in
1384 4303 1497 4363 hac
1537 4304 1601 4378 (f.
1649 4305 1824 4381 1760)
1865 4304 1984 4365 vita
2023 4304 2309 4383 interfuit,
2348 4306 2544 4367 omnis
2581 4316 2782 4367 autem
2820 4302 3048 4381 consilij
3093 4305 3149 4364 δι
3189 4300 3508 4363 voluntatis

588 4392 785 4440 rectae
849 4380 1151 4441 obiectum
1200 4382 1275 4442 sit
1338 4382 1469 4443 finis
1526 4384 1583 4443 δι
1637 4384 1887 4445 bonum‘
1917 4384 2186 4463 aliquod:
2228 4390 2546 4463 propterea
2565 4386 2644 4467 ‘in
2685 4384 3023 4447 definienda
3061 4382 3512 4522 scripmfigg

3277 4482 3344 4521 ra
