3923 4875
679 332 798 395 454
1752 331 2164 377 stature!
2225 330 2441 375 PARS
2501 332 2542 375 1.

684 516 895 559 omnes
952 494 1049 573 aiij
1108 494 1237 557 aliis
1294 495 1623 557 secundum
1682 494 1945 573 speciem
1995 498 2033 555 ὲ,
2089 504 2301 555 natura
2339 510 2574 555 sumus.
2613 494 2736 555 Sed
2777 490 3212 553 proximorum
3259 492 3400 553 duo
3449 511 3684 569 gaen

682 576 1025 653 stamimus,
1088 594 1201 637 nos
1254 576 1497 653 quidem
1540 576 1645 652 qui
1678 574 1739 635 in
1778 574 2051 635 Ecclesia
2089 590 2314 635 sumus.
2351 574 2510 635 Nam
2549 574 2644 649 alij
2687 573 2750 633 in
2791 570 3068 633 Ecclesia
3109 586 3260 633 sunt
3299 570 3684 636 nobiscnm.

682 658 779 733 alij
822 658 1040 718 absunt
1084 658 1165 717 ab
1202 675 1313 717 ea:
1354 656 1629 731 Quorum
1676 656 1807 717 illos
1828 654 2154 733 Apostolus
2177 664 2356 715 vocat
2376 653 2742 715 domesticos
2761 652 2934 729 fidei,
2973 652 3054 713 ad
3075 654 3348 713 Galatas
3367 654 3678 715 scribens

682 757 817 817 cap.
866 741 925 797 6.
966 757 1022 797 v.
1072 756 1162 797 ιο.
1204 738 1317 797 hos
1356 736 1435 797 ad
1474 734 1859 796 'limotheum
1902 746 2140 796 exteros
2179 734 2276 795 vel
2307 746 2620 795 extraneos
2657 734 2999 811 appellauit.
3047 753 3071 792 1
3123 732 3298 793 Tim.
3333 753 3402 811 3.
3455 751 3519 824 7.
3563 735 3676 793 Ex·

681 830 949 879 terorum
982 822 1129 879 vere
1168 832 1401 877 rursum
1444 816 1567 877 duo
1608 824 1745 876 sunt
1782 834 2020 907 genera.
2063 816 2216 874 Nam
2255 812 2354 891 alij
2395 824 2530 875 sunt
2569 812 2748 875 amici
2767 813 3076 874 Ecclesiae
3097 811 3222 873 Dei
3235 812 3436 891 ,alij‘
3413 813 3674 874 mimici.

682 896 804 973 Qui
846 895 1021 959 amici
1064 906 1227 968 sunt,
1268 907 1373 956 aut
1412 894 1492 957 ita
1532 905 1669 957 sunt
1710 894 1921 969 amici,
1963 904 2028 955 vt
2065 896 2294 955 bonum
2335 905 2544 955 curent
2583 892 2894 955 Ecclesiae
2932 894 3208 955 humano
3253 892 3526 971 animo,
3567 906 3668 953 ant

680 979 889 1039 saltem
929 976 1105 1038 amici
1142 986 1419 1052 eatenus,
1461 987 1526 1037 vt
1566 976 1787 1037 malum
1826 973 1982 1037 illius
2021 993 2146 1035 non
2183 985 2491 1066 expetant.
2535 976 2642 1036 sed
2677 971 3063 1051 simpliciter
3043 992 3106 1033 ιιι
3127 992 3209 1033 eo
3231 975 3664 1051 acquiescant,

680 1070 744 1119 vt
798 1057 847 1119 si
902 1068 1099 1136 potest
1151 1057 1307 1119 bene
1358 1074 1487 1117 esse
1536 1054 1841 1116 Ecclesiae
1892 1056 2052 1116 bene
2092 1055 2184 1115 sit.
2243 1053 2630 1115 Inimicorum
2665 1056 2813 1115 vere
2851 1052 2954 1131 qui
2993 1052 3348 1115 Ecclesiam
3393 1054 3660 1115 oderunt

679 1149 859 1217 atque
910 1147 1371 1228 persequuntur,
1424 1136 1521 1212 alij
1586 1134 1960 1227 ignoratione
2003 1144 2140 1195 sunt
2177 1134 2436 1209 inimici,
2475 1134 2574 1210 alij
2615 1133 3074 1224 perturbatione
3105 1135 3169 1193 ἃ
3209 1132 3446 1195 studiis
3490 1133 3661 1223 parti-

682 1218 1018 1293 cularibus,
1076 1216 1173 1291 alij
1236 1216 1497 1292 denique
1560 1214 1851 1277 malitiosa
1892 1215 2216 1277 voluntate.
2259 1214 2444 1291 Quod
2481 1214 2770 1277 faciamus
2801 1230 2940 1273 cum
2979 1212 3108 1275 istis
3149 1214 3500 1292 omnibuS,
3541 1213 3658 1291 qui-

682 1317 920 1375 cunque
982 1298 1061 1359 ad
1120 1296 1515 1375 expetendam
1576 1314 1790 1373 pacem
1850 1294 2156 1388 Ecclesiae
2217 1294 2414 1357 vocati
2451 1292 2691 1355 sumus?
2749 1296 3196 1384 Argumentum
3225 1312 3435 1371 graue
3479 1306 3656 1371 atque

682 1378 995 1441 odiosum·
1039 1379 1148 1439 sed
1188 1387 1389 1437 tamen
1428 1388 1551 1436 tam
1591 1373 1988 1437 necessarium
2017 1374 2080 1435 in
2099 1376 2218 1436 hoc
2237 1386 2510 1454 ternpore
2529 1378 2711 1467 quam
2729 1374 2900 1451 quod
2921 1372 3202 1465 maxime.
3247 1375 3654 1451 Quapropter

688 1460 767 1519 de
806 1477 881 1519 eo
924 1457 1141 1519 dicturi
1180 1476 1383 1517 sumus
1422 1459 1603 1534 quem
1642 1454 1994 1517 breuissime
2033 1454 2356 1546 poterimus
2370 1499 2390 1533 ,
2441 1466 2504 1514 vt
2543 1453 2836 1515 rationem
2875 1452 3042 1531 pacis
3081 1454 3484 1531 expetendae
3527 1472 3652 1532 pro-

688 1537 1109 1615 curandaeque
1168 1536 1229 1599 in
1287 1546 1379 1598 tot
1438 1543 1733 1612 tantisque
1792 1534 2230 1612 impedimentis
2289 1544 2510 1595 certam
2571 1545 2913 1596 teneamus.
2955 1534 3037 1593 Et
3075 1532 3362 1595 dicemus
3403 1535 3648 1595 diuerso

686 1617 929 1695 ordine,
972 1629 1035 1679 vt
1076 1618 1155 1679 ita
1196 1616 1481 1695 paulatim
1519 1616 1597 1675 ad
1636 1616 2005 1693 singulorum
2043 1614 2334 1693 graduum
2373 1614 2844 1693 explorationem
2881 1613 3216 1673 veniamus.

763 1697 1028 1760 Primum
1064 1698 1243 1788 igitur
1276 1706 1397 1769 est,
1438 1694 1583 1773 quid
1623 1698 1783 1757 facto
1822 1712 1976 1787 opus
2015 1696 2094 1755 ad
2132 1713 2345 1786 pacem
2385 1694 2720 1773 Ecclesiae,
2759 1694 2812 1755 si
2849 1713 2946 1755 res
2977 1692 3160 1754 nobis
3179 1710 3330 1753 cum
3351 1693 3428 1753 iis
3451 1696 3644 1754 futura

680 1794 771 1843 est
810 1778 913 1857 qui
952 1776 1281 1839 voluntarie
1320 1784 1599 1853 certaque
1640 1775 1859 1837 malitia
1896 1773 2119 1837 inimici
2157 1787 2295 1866 sunt
2325 1772 2512 1835 illius?
2553 1776 2679 1837 Stat
2701 1738 3006 1835 sententia
3022 1818 3042 1852 ,
3081 1792 3306 1851 pacem
3329 1774 3644 1835 Ecclesiae

680 1858 981 1940 procurari
1018 1862 1055 1919 ὲ,
1096 1856 1271 1918 nobis
1312 1867 1627 1934 oportere:
1670 1856 1943 1933 Cumque
1982 1875 2100 1933 pax
2139 1854 2214 1916 sit
2253 1853 2315 1915 in
2354 1854 2672 1916 vocatione
2701 1857 2740 1913 ὲ
2761 1856 2921 1915 malo
2945 1856 3002 1915 δι
3021 1855 3223 1914 fructu
3241 1854 3404 1915 boni
3425 1854 3640 1931 posita-

682 1960 807 2003 non
847 1957 975 2001 esse
1016 1956 1154 1999 cum
1196 1935 1267 1997 iis
1305 1947 1407 1997 aut
1444 1936 1605 2013 apud
1644 1954 1751 1997 eos
1790 1936 1868 1996 de
1904 1954 2056 2013 pace
2097 1935 2402 1995 Ecclesiae
2443 1934 2774 2013 agendum,
2811 1933 2916 2011 qui
2956 1932 3258 1995 malitiose
3301 1948 3640 2012 procurant

679 2022 903 2083 malum
932 2017 1131 2111 ipsius.
1174 2018 1559 2107 Quapropter
1597 2014 1647 2076 si
1686 2034 1895 2093 pacem
1936 2014 2240 2077 Ecclesiae
2282 2018 2420 2075 vere
2458 2032 2880 2093 procuremus,
2937 2016 2998 2073 δι
3038 2012 3450 2075 instrumenta
3497 2015 3640 2075 eins·

684 2100 853 2163 modi
914 2096 1090 2159 nobis
1148 2099 1352 2159 oblata
1391 2094 1697 2157 videamus
1738 2112 1893 2171 quae
1930 2114 2142 2171 pacem
2186 2093 2542 2173 impeditura
2579 2106 2750 2173 sunt,
2791 2112 2914 2155 non
2955 2104 3098 2155 sunt
3135 2096 3640 2155 commonenda.
3626 2116 3640 2127 ·

684 2182 782 2243 Sic
814 2178 975 2243 enim
1016 2176 1316 2257 praecepit
1356 2176 1623 2237 Christus
1663 2174 1907 2253 dicens3
1948 2176 2042 2235 Ne
2081 2176 2218 2235 date
2260 2175 2426 2252 quod
2466 2186 2736 2235 sanctum
2781 2184 2870 2237 est
2889 2172 3174 2251 canibus»,
3213 2193 3340 2233 nec
3361 2173 3638 2253 proiicite

686 2258 1029 2339 margaritas
1081 2268 1307 2320 vestras
1360 2276 1563 2317 coram
1604 2255 1832 2334 porcis,
1874 2256 2197 2333 nequando
2237 2257 2594 2316 conculcent
2637 2274 2710 2315 ea
2749 2252 3006 2332 pedibus
3051 2253 3208 2331 suiS,
3249 2257 3310 2315 δι
3355 2254 3634 2315 conuersi

680 2344 939 2403 lacerent
977 2358 1104 2399 vos.
1150 2340 1322 2399 Matt.
1368 2352 1425 2412 7.
1463 2339 1522 2398 6.
1562 2336 1719 2396 Nam
1757 2347 1823 2396 tu
1863 2336 1967 2413 qui
2005 2354 2219 2413 pacem
2259 2333 2486 2414 expetis
2499 2380 2518 2411 ,
2576 2352 2866 2412 quorsum
2904 2353 3014 2395 eos
3057 2352 3502 2409 commoneas,
3539 2334 3634 2411 qui

688 2421 834 2485 nihil
884 2419 995 2482 nisi
1034 2427 1382 2497 oppugnent
1424 2416 1731 2479 Ecclesiae
1767 2412 2014 2496 pacem?
2063 2416 2181 2478 Sed
2221 2416 2319 2478 hic
2359 2427 2559 2476 tamen
2595 2414 2897 2494 duplicem
2935 2418 2975 2474 a
3017 2412 3374 2476 Christiano
3393 2415 3636 2477 bomine

684 2502 1023 2565 cautionem
1065 2499 1377 2578 desidero;
1417 2517 1494 2558 ne
1532 2496 1775 2575 quando
1813 2496 2166 2575 prudentiae
2205 2497 2488 2575 opinione
2524 2495 2724 2557 veniat
2765 2507 2978 2556 contra
3017 2495 3408 2586 charitatem,
3457 2513 3632 2574 quam

683 2582 963 2645 omnibus
1004 2581 1326 2652 debemus,
1366 2588 1515 2640 teste
1557 2579 1889 2669 Apostolno
1928 2579 2114 2638 Rom.
2161 2595 2251 2652 13.
2295 2581 2354 2639 8.
2394 2579 2532 2636 Vna
2557 2587 2674 2647 est,
2715 2595 2792 2635 ne
2813 2579 3038 2636 temere
3054 2574 3356 2636 iudicium
3377 2578 3632 2638 feramus

680 2665 759 2726 de
800 2663 921 2724 vllo
960 2659 1235 2736 homine,
1274 2659 1443 2736 qued
1480 2668 1643 2720 certa
1684 2657 1905 2718 malitia
1944 2657 2001 2717 δι
2041 2655 2394 2730 deliberata,
2447 2655 2574 2717 siue
2615 2661 2704 2730 (vt
2741 2657 2943 2716 Moses
2983 2655 3254 2733 loquitur
3295 2657 3492 2716 Num.
3541 2673 3625 2734 ¹5·

684 2747 808 2820 30.)
848 2744 1003 2802 elata
1042 2757 1223 2802 manu
1262 2747 1569 2816 oppugnet
1608 2738 1831 2809 Deum,
1874 2739 1929 2796 δι
1972 2735 2309 2814 veritatem,
2351 2701 2406 2797 ἐι
2445 2734 2778 2797 Ecclesiam
2819 2735 2963 2798 eius.
3007 2738 3250 2813 Altera,
3289 2734 3346 2796 si
3367 2734 3624 2796 iudican-

682 2825 825 2885 dum
876 2831 999 2897 est,
1052 2839 1129 2880 ne
1176 2839 1251 2880 ex
1291 2821 1486 2880 fructu
1526 2837 1647 2878 vno
1686 2829 1787 2878 aut
1824 2819 2014 2878 altero
2053 2827 2330 2909 putemus
2369 2835 2480 2878 nos
2519 2817 2766 2876 arbores
2807 2815 2933 2876 illas
2975 2817 3163 2876 malas
3205 2834 3622 2893 cognoscere;

681 2905 788 2966 sed
822 2901 1025 2994 potius
1064 2919 1139 2960 ex
1178 2898 1465 2960 fructibus
1504 2897 1768 2975 plurimis
1808 2900 1863 2958 &
1902 2895 2262 2975 grauissimis
2301 2896 2598 2957 discamus
2637 2914 3006 2974 cognoscere
3045 2895 3254 2990 quod
3259 2896 3414 2956 satis
3449 2908 3540 2958 est
3557 2897 3628 2956 ad

680 2981 1020 3044 cautionem
1080 2990 1377 3054 nostram,
1436 2996 1561 3038 non
1614 2988 1817 3038 autem
1875 2977 1953 3038 ad
2015 2977 2250 3038 illorum
2315 2975 2900 3038 condemnationem.
2961 2978 3148 3036 Hunc
3189 2971 3482 3037 ordinem
3523 2995 3626 3037 nos

679 3063 885 3124 docuit
924 3059 1195 3122 Christus
1228 3057 1698 3136 diligentissime,
1740 3056 2037 3118 dicendo:
2093 3057 2358 3118 Ριίιιιιιιιι
2398 3057 2671 3135 quidem,
2713 3075 2786 3116 ex
2829 3057 3120 3118 fructibus
3161 3074 3388 3116 eorum
3423 3076 3626 3136 agnos·

684 3141 829 3204 cetis
868 3159 1001 3218 eos3
1044 3150 1254 3218 postea
1294 3141 1436 3200 vere
1476 3136 1848 3199 subiiciendo
1890 3135 2228 3199 cautionem
2269 3137 2432 3198 illam
2471 3134 3012 3214 pernecessariam,
3051 3145 3118 3195 vt
3156 3133 3462 3197 iudicium
3501 3139 3624 3198 Deo

683 3221 1115 3301 permittamus,
1174 3221 1312 3280 cum
1370 3217 1596 3294 inquit,
1654 3218 1795 3278 Non
1852 3217 2118 3294 quisquis
2173 3215 2318 3276 dicit
2376 3215 2550 3292 mihi,
2603 3215 2866 3276 Domine
2919 3214 3210 3294 Domine,
3255 3215 3538 3278 introibit
3571 3217 3622 3277 ιιι

684 3319 931 3393 regnum
970 3300 1304 3376 caelorum,
1346 3299 1453 3358 sed
1490 3297 1593 3375 qui
1631 3295 1775 3358 facit
1814 3297 1982 3374 quod
2021 3299 2146 3358 vult
2183 3308 2354 3375 pater
2391 3314 2560 3357 meus
2599 3295 2704 3374 qui
2742 3295 2802 3356 in
2845 3296 3026 3356 caelis
3061 3305 3172 3356 est
3217 3297 3406 3357 Multi
3431 3298 3622 3358 dicent

684 3380 828 3442 mihi
868 3379 967 3441 die
1005 3379 1137 3451 illo,
1172 3377 1461 3456 Domine,
1504 3376 1792 3457 Domine,
1832 3386 2033 3438 nonne
2073 3395 2178 3454 per
2218 3395 2442 3438 nomen
2465 3389 2628 3438 tuum
2650 3371 3171 3454 prophetanimus?
3211 3373 3312 3434 &
3295 3395 3362 3436 ιιι
3385 3377 3619 3438 nomine

684 3473 788 3522 tuo
828 3458 1143 3521 daemonia
1183 3453 1617 3519 eiecimus?&
1560 3458 1763 3535 &per
1804 3476 2027 3518 nomen
2067 3468 2234 3517 tuum
2277 3457 2496 3518 multas
2535 3455 2776 3518 virtutes
2815 3453 3154 3518 edidimus?
3205 3459 3396 3517 Tunc
3439 3471 3618 3518 autem

686 3541 1014 3634 profitebor
1052 3539 1167 3616 eis,
1208 3537 1385 3598 Certe
1424 3553 1731 3614 nunquam
1768 3537 1913 3597 noui
1952 3556 2092 3616 νοε,
2134 3535 2420 3598 discedite
2457 3540 2496 3596 a
2538 3556 2634 3598 me
2671 3535 2774 3614 qui
2813 3555 3065 3614 operam
3105 3535 3262 3596 datis
3303 3547 3614 3617 transgres-

690 3619 843 3682 sioni
874 3618 1038 3710 legis,
1084 3621 1356 3692 Matt.7.
1404 3619 1495 3679 16.
1542 3621 1789 3678 21.&c.

768 3699 953 3776 Quod
992 3698 1041 3759 si
1082 3717 1177 3760 res
1218 3697 1395 3759 nobis
1434 3715 1573 3758 cum
1610 3715 1686 3758 eo
1728 3701 1923 3757 lutura
1963 3707 2082 3767 est;
2121 3695 2224 3774 qui
2263 3695 2542 3774 singulari
2578 3695 3027 3788 perturbatione
3067 3695 3292 3775 victus,
3331 3698 3391 3756 δι
3415 3701 3618 3760 cedens

686 3777 1005 3842 infirmitati
1060 3796 1199 3839 suae
1212 3823 1230 3856 ,
1286 3776 1588 3838 Ecclesiae
1640 3776 2073 3853 aduersabitur,
2129 3775 2338 3837 eadem
2381 3778 2554 3854 plane
2595 3775 2746 3836 ratio
2785 3779 2824 3836 ὲ
2865 3774 3044 3837 nobis
3085 3778 3468 3838 obseruanda
3505 3791 3616 3841 est

689 3863 832 3922 dum
872 3860 1059 3920 homo
1100 3857 1179 3918 ita
1219 3869 1325 3918 est.
1367 3859 1595 3919 tantum
1637 3856 1952 3918 discrimen
1995 3856 2142 3917 illud
2181 3855 2616 3934 adhibendum,
2671 3855 2834 3934 qued
2875 3855 3284 3918 Christianum
3325 3849 3614 3920 hominem

689 3938 1145 4029 perturbationi
1170 3937 1464 4016 praesenti
1512 3947 1754 4030 oportet
1808 3938 1888 3997 ad
1940 3949 2175 4016 tempus
2225 3937 2476 4014 cedere,
2515 3938 2571 3998 δι
2611 3937 2754 3996 dare
2793 3955 3044 4013 operam
3090 3949 3156 3998 vt
3195 3937 3520 4015 prudenter
3553 3960 3614 4000 ac

694 4021 1017 4082 commode
1068 4019 1246 4079 miser
1282 4019 1471 4079 homo
1510 4017 1746 4078 iamiam
1792 4036 1875 4108 ‘ex
1916 4014 2364 4094 perturbatione
2403 4015 2583 4078 animi
2629 4015 2718 4076 sui
2756 4025 3108 4107 reuocetur,
3149 4028 3254 4078 aut
3291 4030 3614 4110 expectetur

694 4102 839 4162 dum
884 4099 1036 4160 sidat
1080 4097 1530 4176 quodammode
1572 4097 1670 4158 illa
1710 4095 1891 4158 animi
1930 4095 2330 4175 perturbati0,
2371 4108 2550 4174 prout
2583 4094 2810 4158 homini
2847 4094 3022 4158 ebrio
3063 4097 3192 4158 fieri
3209 4099 3250 4156 a
3266 4097 3450 4159 nobis
3467 4101 3612 4161 solet.

687 4182 761 4241 Id
801 4179 961 4240 enim
1002 4190 1211 4240 natura
1251 4177 1464 4252 docet,
1506 4177 1795 4238 salubrius
1837 4176 2100 4238 remedia
2137 4188 2385 4254 aegroto
2417 4175 2716 4255 adhiberi,
2757 4195 2894 4237 cum
2932 4195 3107 4239 acres
3127 4179 3266 4238 illae
3285 4179 3610 4242 morborum

684 4261 866 4349 expo}
909 4262 964 4321 δι
1002 4257 1511 4349 perturbationum
1552 4257 1830 4348 impetus
1846 4257 2013 4334 quasi
2057 4255 2289 4318 refracti
2331 4268 2503 4318 sunt.
2547 4259 2602 4317 δι
2643 4269 2853 4318 ιιοιιιιιι
2895 4267 2990 4318 est
3027 4257 3182 4320 illud
3208 4258 3438 4320 dicmm
3455 4261 3605 4322 Cleo-

688 4336 852 4400 strati
865 4383 884 4418 ,
913 4339 1017 4418 qui
1058 4341 1197 4399 cum
1240 4336 1436 4400 ebrius
1478 4347 1631 4400 esset
1668 4335 1924 4417 grauiter
1938 4381 1957 4416 ,
1997 4335 2234 4399 cuidam
2275 4335 2388 4399 sibi
2431 4335 2678 4400 dicenti·
2665 4381 2683 4417 ‚
2721 4337 2862 4398 Non
2905 4347 2964 4398 te
3011 4339 3206 4416 pudet
3249 4339 3418 4418 qued
3437 4339 3607 4482 ffi
