<?xml version="1.0" encoding="UTF-8"?>
<!DOCTYPE html PUBLIC "-//W3C//DTD XHTML 1.0 Transitional//EN"
    "http://www.w3.org/TR/xhtml1/DTD/xhtml1-transitional.dtd">
<html xmlns="http://www.w3.org/1999/xhtml" xml:lang="en" lang="en">
 <head>
  <title>
</title>
<meta http-equiv="Content-Type" content="text/html;charset=utf-8" />
  <meta name='ocr-system' content='tesseract 3.04.00' />
  <meta name='ocr-capabilities' content='ocr_page ocr_carea ocr_par ocr_line ocrx_word'/>
</head>
<body>
  <div class='ocr_page' id='page_1' title='image "./dfranciscijunii00junigoog_0274.png"; bbox 0 0 3923 4875; ppageno 0'>
   <div class='ocr_carea' id='block_1_1' title="bbox 1355 345 3329 418">
    <p class='ocr_par' dir='ltr' id='par_1_1' title="bbox 1355 345 3329 418">
     <span class='ocr_line' id='line_1_1' title="bbox 1355 345 3329 418; baseline 0 -16"><span class='ocrx_word' id='word_1_1' title='bbox 1355 348 1688 402; x_wconf 66' lang='lat' dir='ltr'><strong>‘rursus</strong></span> <span class='ocrx_word' id='word_1_2' title='bbox 1745 345 2396 400; x_wconf 63' lang='lat' dir='ltr'><strong>rasomoorcn.</strong></span> <span class='ocrx_word' id='word_1_3' title='bbox 2566 354 2571 360; x_wconf 90' lang='lat'><strong>·</strong></span> <span class='ocrx_word' id='word_1_4' title='bbox 3218 357 3329 418; x_wconf 82' lang='lat'><strong>24⁷</strong></span> 
     </span>
    </p>
   </div>
   <div class='ocr_carea' id='block_1_2' title="bbox 411 507 3344 2596">
    <p class='ocr_par' dir='ltr' id='par_1_2' title="bbox 411 507 3337 822">
     <span class='ocr_line' id='line_1_2' title="bbox 415 507 3337 610; baseline 0 -31"><span class='ocrx_word' id='word_1_5' title='bbox 415 515 736 580; x_wconf 89' lang='lat' dir='ltr'><strong>lectionem</strong></span> <span class='ocrx_word' id='word_1_6' title='bbox 754 565 771 590; x_wconf 93' lang='lat'><strong>,</strong></span> <span class='ocrx_word' id='word_1_7' title='bbox 815 512 1210 610; x_wconf 80' lang='lat' dir='ltr'><strong>auditionem,</strong></span> <span class='ocrx_word' id='word_1_8' title='bbox 1255 507 1699 579; x_wconf 71' lang='lat' dir='ltr'><strong>meditationem</strong></span> <span class='ocrx_word' id='word_1_9' title='bbox 1717 562 1734 594; x_wconf 92' lang='lat'><strong>,</strong></span> <span class='ocrx_word' id='word_1_10' title='bbox 1775 515 2135 594; x_wconf 89' lang='lat' dir='ltr'><strong>orationem,</strong></span> <span class='ocrx_word' id='word_1_11' title='bbox 2174 517 2489 594; x_wconf 84' lang='lat' dir='ltr'><strong>gratiarum</strong></span> <span class='ocrx_word' id='word_1_12' title='bbox 2531 515 2856 595; x_wconf 86' lang='lat' dir='ltr'><strong>actionem,</strong></span> <span class='ocrx_word' id='word_1_13' title='bbox 2898 517 3156 598; x_wconf 76' lang='lat' dir='ltr'><strong>omniaq.</strong></span> <span class='ocrx_word' id='word_1_14' title='bbox 3190 519 3337 580; x_wconf 89' lang='lat' dir='ltr'><strong>iusta</strong></span> 
     </span>
     <span class='ocr_line' id='line_1_3' title="bbox 419 595 3334 679; baseline -0 -19"><span class='ocrx_word' id='word_1_15' title='bbox 419 599 826 660; x_wconf 89' lang='lat' dir='ltr'><strong>membrorum</strong></span> <span class='ocrx_word' id='word_1_16' title='bbox 869 597 1099 676; x_wconf 81' lang='lat' dir='ltr'><strong>officia,</strong></span> <span class='ocrx_word' id='word_1_17' title='bbox 1145 598 1287 658; x_wconf 86' lang='lat' dir='ltr'><strong>mhil</strong></span> <span class='ocrx_word' id='word_1_18' title='bbox 1329 617 1454 658; x_wconf 91' lang='lat' dir='ltr'><strong>non</strong></span> <span class='ocrx_word' id='word_1_19' title='bbox 1493 596 1886 676; x_wconf 85' lang='lat' dir='ltr'><strong>percipientes</strong></span> <span class='ocrx_word' id='word_1_20' title='bbox 1927 615 2002 656; x_wconf 82' lang='lat' dir='ltr'><strong>ex</strong></span> <span class='ocrx_word' id='word_1_21' title='bbox 2044 595 2133 656; x_wconf 89' lang='lat' dir='ltr'><strong>sui</strong></span> <span class='ocrx_word' id='word_1_22' title='bbox 2172 595 2322 656; x_wconf 90' lang='lat' dir='ltr'><strong>illius</strong></span> <span class='ocrx_word' id='word_1_23' title='bbox 2362 595 2570 675; x_wconf 90' lang='lat' dir='ltr'><strong>capitis</strong></span> <span class='ocrx_word' id='word_1_24' title='bbox 2610 601 2696 674; x_wconf 92' lang='lat' dir='ltr'><strong>(vt</strong></span> <span class='ocrx_word' id='word_1_25' title='bbox 2736 601 2977 676; x_wconf 90' lang='lat' dir='ltr'><strong>vocant)</strong></span> <span class='ocrx_word' id='word_1_26' title='bbox 3017 597 3334 679; x_wconf 86' lang='lat' dir='ltr'><strong>influentia,</strong></span> 
     </span>
     <span class='ocr_line' id='line_1_4' title="bbox 415 675 3334 771; baseline 0 -31"><span class='ocrx_word' id='word_1_27' title='bbox 415 680 492 741; x_wconf 90' lang='lat' dir='ltr'><strong>ad</strong></span> <span class='ocrx_word' id='word_1_28' title='bbox 548 688 815 771; x_wconf 71' lang='lat' dir='ltr'><strong>sanctam</strong></span> <span class='ocrx_word' id='word_1_29' title='bbox 871 677 1307 757; x_wconf 87' lang='lat' dir='ltr'><strong>possessionem</strong></span> <span class='ocrx_word' id='word_1_30' title='bbox 1363 681 1418 739; x_wconf 79' lang='grc' dir='ltr'><strong>δι</strong></span> <span class='ocrx_word' id='word_1_31' title='bbox 1471 693 1643 738; x_wconf 84' lang='lat' dir='ltr'><strong>vsum</strong></span> <span class='ocrx_word' id='word_1_32' title='bbox 1701 675 1965 754; x_wconf 90' lang='lat' dir='ltr'><strong>ipsorum</strong></span> <span class='ocrx_word' id='word_1_33' title='bbox 2018 675 2293 755; x_wconf 89' lang='lat' dir='ltr'><strong>priuatim</strong></span> <span class='ocrx_word' id='word_1_34' title='bbox 2347 681 2403 738; x_wconf 85' lang='lat'>&amp;</span> <span class='ocrx_word' id='word_1_35' title='bbox 2443 675 2680 756; x_wconf 77' lang='lat' dir='ltr'><strong>publice</strong></span> <span class='ocrx_word' id='word_1_36' title='bbox 2693 723 2711 754; x_wconf 91' lang='lat'><strong>,</strong></span> <span class='ocrx_word' id='word_1_37' title='bbox 2751 677 3117 757; x_wconf 86' lang='lat' dir='ltr'><strong>singulariter</strong></span> <span class='ocrx_word' id='word_1_38' title='bbox 3155 691 3334 758; x_wconf 89' lang='lat' dir='ltr'><strong>atque</strong></span> 
     </span>
     <span class='ocr_line' id='line_1_5' title="bbox 411 769 823 822; baseline 0.002 -1"><span class='ocrx_word' id='word_1_39' title='bbox 411 769 823 822; x_wconf 77' lang='lat' dir='ltr'><strong>communiter.</strong></span> 
     </span>
    </p>

    <p class='ocr_par' dir='ltr' id='par_1_3' title="bbox 415 834 3339 1320">
     <span class='ocr_line' id='line_1_6' title="bbox 505 834 3339 917; baseline 0.001 -19"><span class='ocrx_word' id='word_1_40' title='bbox 505 860 599 901; x_wconf 83' lang='lat' dir='ltr'><strong>ro.</strong></span> <span class='ocrx_word' id='word_1_41' title='bbox 679 838 878 900; x_wconf 91' lang='lat' dir='ltr'><strong>Huius</strong></span> <span class='ocrx_word' id='word_1_42' title='bbox 940 842 1083 899; x_wconf 77' lang='lat' dir='ltr'><strong>vero</strong></span> <span class='ocrx_word' id='word_1_43' title='bbox 1123 837 1560 899; x_wconf 84' lang='lat' dir='ltr'><strong>communionis</strong></span> <span class='ocrx_word' id='word_1_44' title='bbox 1599 837 1949 896; x_wconf 89' lang='lat' dir='ltr'><strong>Sanctorum</strong></span> <span class='ocrx_word' id='word_1_45' title='bbox 1992 834 2143 895; x_wconf 84' lang='lat' dir='ltr'><strong>inter</strong></span> <span class='ocrx_word' id='word_1_46' title='bbox 2180 853 2245 896; x_wconf 90' lang='lat' dir='ltr'><strong>se</strong></span> <span class='ocrx_word' id='word_1_47' title='bbox 2283 846 2449 896; x_wconf 88' lang='lat' dir='ltr'><strong>actus</strong></span> <span class='ocrx_word' id='word_1_48' title='bbox 2488 852 2577 898; x_wconf 87' lang='lat' dir='ltr'><strong>est</strong></span> <span class='ocrx_word' id='word_1_49' title='bbox 2618 837 2837 910; x_wconf 85' lang='lat' dir='ltr'><strong>varius,</strong></span> <span class='ocrx_word' id='word_1_50' title='bbox 2878 857 2991 917; x_wconf 92' lang='lat' dir='ltr'><strong>pro</strong></span> <span class='ocrx_word' id='word_1_51' title='bbox 3024 839 3339 900; x_wconf 85' lang='lat' dir='ltr'><strong>vocatione</strong></span> 
     </span>
     <span class='ocr_line' id='line_1_7' title="bbox 417 915 3335 998; baseline 0 -19"><span class='ocrx_word' id='word_1_52' title='bbox 417 919 726 981; x_wconf 89' lang='lat' dir='ltr'><strong>communi</strong></span> <span class='ocrx_word' id='word_1_53' title='bbox 763 929 866 979; x_wconf 88' lang='lat' dir='ltr'><strong>aut</strong></span> <span class='ocrx_word' id='word_1_54' title='bbox 904 919 1182 998; x_wconf 87' lang='lat' dir='ltr'><strong>singulari</strong></span> <span class='ocrx_word' id='word_1_55' title='bbox 1224 918 1504 997; x_wconf 89' lang='lat' dir='ltr'><strong>ipsorum.</strong></span> <span class='ocrx_word' id='word_1_56' title='bbox 1545 917 1702 977; x_wconf 89' lang='lat' dir='ltr'><strong>Nam</strong></span> <span class='ocrx_word' id='word_1_57' title='bbox 1744 915 2079 977; x_wconf 89' lang='lat' dir='ltr'><strong>communis</strong></span> <span class='ocrx_word' id='word_1_58' title='bbox 2120 925 2206 976; x_wconf 88' lang='lat' dir='ltr'><strong>est</strong></span> <span class='ocrx_word' id='word_1_59' title='bbox 2247 926 2411 976; x_wconf 88' lang='lat' dir='ltr'><strong>actus</strong></span> <span class='ocrx_word' id='word_1_60' title='bbox 2452 916 2751 994; x_wconf 88' lang='lat' dir='ltr'><strong>omnium,</strong></span> <span class='ocrx_word' id='word_1_61' title='bbox 2791 920 2846 978; x_wconf 80' lang='grc' dir='ltr'><strong>δι</strong></span> <span class='ocrx_word' id='word_1_62' title='bbox 2869 919 2944 978; x_wconf 94' lang='lat' dir='ltr'><strong>ad</strong></span> <span class='ocrx_word' id='word_1_63' title='bbox 2966 930 3204 980; x_wconf 91' lang='lat' dir='ltr'><strong>sanctos</strong></span> <span class='ocrx_word' id='word_1_64' title='bbox 3223 919 3335 980; x_wconf 89' lang='lat' dir='ltr'><strong>sin-</strong></span> 
     </span>
     <span class='ocr_line' id='line_1_8' title="bbox 415 994 3337 1079; baseline -0 -19"><span class='ocrx_word' id='word_1_65' title='bbox 415 1004 586 1079; x_wconf 89' lang='lat' dir='ltr'><strong>gulos</strong></span> <span class='ocrx_word' id='word_1_66' title='bbox 625 1000 958 1079; x_wconf 77' lang='lat' dir='ltr'><strong>pertinenS,</strong></span> <span class='ocrx_word' id='word_1_67' title='bbox 1003 998 1168 1076; x_wconf 79' lang='lat' dir='ltr'><strong>quod</strong></span> <span class='ocrx_word' id='word_1_68' title='bbox 1203 997 1360 1057; x_wconf 89' lang='lat' dir='ltr'><strong>intus</strong></span> <span class='ocrx_word' id='word_1_69' title='bbox 1401 996 1619 1076; x_wconf 86' lang='lat' dir='ltr'><strong>Spiritu</strong></span> <span class='ocrx_word' id='word_1_70' title='bbox 1635 1041 1654 1076; x_wconf 94' lang='lat'><strong>,</strong></span> <span class='ocrx_word' id='word_1_71' title='bbox 1695 995 1838 1074; x_wconf 85' lang='lat' dir='ltr'><strong>fide,</strong></span> <span class='ocrx_word' id='word_1_72' title='bbox 1881 994 2313 1074; x_wconf 75' lang='lat' dir='ltr'><strong>resipiscentia,</strong></span> <span class='ocrx_word' id='word_1_73' title='bbox 2355 995 2662 1071; x_wconf 79' lang='lat' dir='ltr'><strong>charitate,</strong></span> <span class='ocrx_word' id='word_1_74' title='bbox 2707 999 3102 1077; x_wconf 79' lang='lat' dir='ltr'><strong>operibusque</strong></span> <span class='ocrx_word' id='word_1_75' title='bbox 3135 1019 3337 1061; x_wconf 88' lang='lat' dir='ltr'><strong>earum</strong></span> 
     </span>
     <span class='ocr_line' id='line_1_9' title="bbox 415 1076 3335 1160; baseline -0 -20"><span class='ocrx_word' id='word_1_76' title='bbox 415 1079 814 1160; x_wconf 74' lang='lat' dir='ltr'><strong>spiritualibus</strong></span> <span class='ocrx_word' id='word_1_77' title='bbox 853 1078 1298 1139; x_wconf 90' lang='lat' dir='ltr'><strong>communicant</strong></span> <span class='ocrx_word' id='word_1_78' title='bbox 1336 1077 1488 1137; x_wconf 91' lang='lat' dir='ltr'><strong>inter</strong></span> <span class='ocrx_word' id='word_1_79' title='bbox 1527 1096 1589 1137; x_wconf 86' lang='lat' dir='ltr'><strong>se</strong></span> <span class='ocrx_word' id='word_1_80' title='bbox 1604 1123 1621 1154; x_wconf 94' lang='lat'><strong>,</strong></span> <span class='ocrx_word' id='word_1_81' title='bbox 1663 1076 1805 1136; x_wconf 90' lang='lat' dir='ltr'><strong>foris</strong></span> <span class='ocrx_word' id='word_1_82' title='bbox 1843 1080 1987 1136; x_wconf 77' lang='lat' dir='ltr'><strong>verd</strong></span> <span class='ocrx_word' id='word_1_83' title='bbox 2029 1076 2284 1136; x_wconf 85' lang='lat' dir='ltr'><strong>externis</strong></span> <span class='ocrx_word' id='word_1_84' title='bbox 2325 1076 2605 1154; x_wconf 88' lang='lat' dir='ltr'><strong>operibus</strong></span> <span class='ocrx_word' id='word_1_85' title='bbox 2644 1079 2699 1138; x_wconf 75' lang='grc' dir='ltr'><strong>δι</strong></span> <span class='ocrx_word' id='word_1_86' title='bbox 2740 1079 3093 1156; x_wconf 85' lang='lat' dir='ltr'><strong>professioni</strong></span> <span class='ocrx_word' id='word_1_87' title='bbox 3130 1098 3335 1140; x_wconf 89' lang='lat' dir='ltr'><strong>earum</strong></span> 
     </span>
     <span class='ocr_line' id='line_1_10' title="bbox 415 1155 3329 1238; baseline 0 -18"><span class='ocrx_word' id='word_1_88' title='bbox 415 1163 560 1221; x_wconf 90' lang='lat' dir='ltr'><strong>dant</strong></span> <span class='ocrx_word' id='word_1_89' title='bbox 618 1178 862 1238; x_wconf 88' lang='lat' dir='ltr'><strong>operam</strong></span> <span class='ocrx_word' id='word_1_90' title='bbox 881 1205 898 1236; x_wconf 96' lang='lat'><strong>,</strong></span> <span class='ocrx_word' id='word_1_91' title='bbox 939 1159 1104 1236; x_wconf 76' lang='lat' dir='ltr'><strong>quod</strong></span> <span class='ocrx_word' id='word_1_92' title='bbox 1144 1159 1278 1218; x_wconf 93' lang='lat' dir='ltr'><strong>Deo</strong></span> <span class='ocrx_word' id='word_1_93' title='bbox 1321 1158 1394 1217; x_wconf 89' lang='lat' dir='ltr'><strong>sit</strong></span> <span class='ocrx_word' id='word_1_94' title='bbox 1432 1157 1790 1236; x_wconf 88' lang='lat' dir='ltr'><strong>gloriosum,</strong></span> <span class='ocrx_word' id='word_1_95' title='bbox 1831 1155 1973 1234; x_wconf 83' lang='lat' dir='ltr'><strong>ipsis</strong></span> <span class='ocrx_word' id='word_1_96' title='bbox 2012 1155 2407 1236; x_wconf 88' lang='lat' dir='ltr'><strong>conueniens,</strong></span> <span class='ocrx_word' id='word_1_97' title='bbox 2448 1158 2503 1217; x_wconf 75' lang='grc' dir='ltr'><strong>δι</strong></span> <span class='ocrx_word' id='word_1_98' title='bbox 2546 1158 2819 1219; x_wconf 89' lang='lat' dir='ltr'><strong>fratribus</strong></span> <span class='ocrx_word' id='word_1_99' title='bbox 2859 1159 3123 1238; x_wconf 90' lang='lat' dir='ltr'><strong>ipsorum</strong></span> <span class='ocrx_word' id='word_1_100' title='bbox 3163 1159 3329 1238; x_wconf 88' lang='lat' dir='ltr'><strong>vtile,</strong></span> 
     </span>
     <span class='ocr_line' id='line_1_11' title="bbox 416 1235 3283 1320; baseline 0 -19"><span class='ocrx_word' id='word_1_101' title='bbox 416 1239 538 1301; x_wconf 88' lang='lat' dir='ltr'><strong>siue</strong></span> <span class='ocrx_word' id='word_1_102' title='bbox 582 1239 990 1318; x_wconf 89' lang='lat' dir='ltr'><strong>Spiritualibus</strong></span> <span class='ocrx_word' id='word_1_103' title='bbox 1029 1237 1473 1298; x_wconf 87' lang='lat' dir='ltr'><strong>necessitatibus</strong></span> <span class='ocrx_word' id='word_1_104' title='bbox 1513 1235 1958 1298; x_wconf 87' lang='lat' dir='ltr'><strong>communicent</strong></span> <span class='ocrx_word' id='word_1_105' title='bbox 1974 1281 1991 1310; x_wconf 91' lang='lat'><strong>,</strong></span> <span class='ocrx_word' id='word_1_106' title='bbox 2032 1235 2157 1296; x_wconf 88' lang='lat' dir='ltr'><strong>siue</strong></span> <span class='ocrx_word' id='word_1_107' title='bbox 2197 1237 2607 1314; x_wconf 75' lang='lat' dir='ltr'><strong>corporalibus</strong></span> <span class='ocrx_word' id='word_1_108' title='bbox 2648 1238 2928 1316; x_wconf 91' lang='lat' dir='ltr'><strong>ipsorum.</strong></span> <span class='ocrx_word' id='word_1_109' title='bbox 2972 1242 3039 1317; x_wconf 92' lang='lat' dir='ltr'><strong>(f.</strong></span> <span class='ocrx_word' id='word_1_110' title='bbox 3088 1259 3154 1317; x_wconf 88' lang='lat'><strong>17</strong></span> <span class='ocrx_word' id='word_1_111' title='bbox 3169 1245 3283 1320; x_wconf 87' lang='lat'>15.)</span> 
     </span>
    </p>

    <p class='ocr_par' dir='ltr' id='par_1_4' title="bbox 416 1315 3341 1880">
     <span class='ocr_line' id='line_1_12' title="bbox 503 1315 3338 1399; baseline 0 -19"><span class='ocrx_word' id='word_1_112' title='bbox 503 1341 527 1380; x_wconf 88' lang='lat'>1</span> <span class='ocrx_word' id='word_1_113' title='bbox 543 1341 593 1382; x_wconf 87' lang='lat'><strong>1.</strong></span> <span class='ocrx_word' id='word_1_114' title='bbox 676 1318 997 1397; x_wconf 74' lang='lat' dir='ltr'><strong>Singularis</strong></span> <span class='ocrx_word' id='word_1_115' title='bbox 1053 1329 1248 1378; x_wconf 87' lang='lat' dir='ltr'><strong>autem</strong></span> <span class='ocrx_word' id='word_1_116' title='bbox 1303 1316 1661 1396; x_wconf 86' lang='lat' dir='ltr'><strong>vocationis,</strong></span> <span class='ocrx_word' id='word_1_117' title='bbox 1717 1318 1853 1376; x_wconf 79' lang='lat' dir='ltr'><strong>cum</strong></span> <span class='ocrx_word' id='word_1_118' title='bbox 1908 1315 2129 1394; x_wconf 83' lang='lat' dir='ltr'><strong>duplex</strong></span> <span class='ocrx_word' id='word_1_119' title='bbox 2180 1315 2253 1376; x_wconf 88' lang='lat' dir='ltr'><strong>sit</strong></span> <span class='ocrx_word' id='word_1_120' title='bbox 2302 1317 2549 1398; x_wconf 90' lang='lat' dir='ltr'><strong>modus,</strong></span> <span class='ocrx_word' id='word_1_121' title='bbox 2592 1318 2854 1398; x_wconf 89' lang='lat' dir='ltr'><strong>priuatus</strong></span> <span class='ocrx_word' id='word_1_122' title='bbox 2891 1331 2992 1382; x_wconf 90' lang='lat' dir='ltr'><strong>aut</strong></span> <span class='ocrx_word' id='word_1_123' title='bbox 3032 1321 3304 1398; x_wconf 90' lang='lat' dir='ltr'><strong>publicus</strong></span> <span class='ocrx_word' id='word_1_124' title='bbox 3319 1365 3338 1399; x_wconf 95' lang='lat'><strong>,</strong></span> 
     </span>
     <span class='ocr_line' id='line_1_13' title="bbox 416 1394 3339 1478; baseline -0.001 -15"><span class='ocrx_word' id='word_1_125' title='bbox 416 1419 488 1463; x_wconf 89' lang='lat' dir='ltr'><strong>ea</strong></span> <span class='ocrx_word' id='word_1_126' title='bbox 536 1403 672 1462; x_wconf 77' lang='lat' dir='ltr'><strong>vere</strong></span> <span class='ocrx_word' id='word_1_127' title='bbox 723 1410 1064 1460; x_wconf 88' lang='lat' dir='ltr'><strong>sanctorum</strong></span> <span class='ocrx_word' id='word_1_128' title='bbox 1119 1397 1460 1458; x_wconf 89' lang='lat' dir='ltr'><strong>communio</strong></span> <span class='ocrx_word' id='word_1_129' title='bbox 1513 1406 1632 1476; x_wconf 90' lang='lat' dir='ltr'><strong>est,</strong></span> <span class='ocrx_word' id='word_1_130' title='bbox 1685 1407 1810 1456; x_wconf 91' lang='lat' dir='ltr'><strong>tum</strong></span> <span class='ocrx_word' id='word_1_131' title='bbox 1863 1395 1982 1473; x_wconf 69' lang='lat' dir='ltr'><strong>qua</strong></span> <span class='ocrx_word' id='word_1_132' title='bbox 2030 1394 2125 1472; x_wconf 90' lang='lat' dir='ltr'><strong>alij</strong></span> <span class='ocrx_word' id='word_1_133' title='bbox 2168 1395 2417 1458; x_wconf 88' lang='lat' dir='ltr'><strong>aliorum</strong></span> <span class='ocrx_word' id='word_1_134' title='bbox 2458 1398 2901 1460; x_wconf 88' lang='lat' dir='ltr'><strong>necessitatibus</strong></span> <span class='ocrx_word' id='word_1_135' title='bbox 2942 1399 3339 1478; x_wconf 88' lang='lat' dir='ltr'><strong>spiritualibus</strong></span> 
     </span>
     <span class='ocr_line' id='line_1_14' title="bbox 419 1475 3341 1558; baseline 0 -18"><span class='ocrx_word' id='word_1_136' title='bbox 419 1492 518 1541; x_wconf 90' lang='lat' dir='ltr'><strong>aut</strong></span> <span class='ocrx_word' id='word_1_137' title='bbox 557 1478 1005 1558; x_wconf 77' lang='lat' dir='ltr'><strong>corporalibuS,</strong></span> <span class='ocrx_word' id='word_1_138' title='bbox 1047 1489 1226 1556; x_wconf 91' lang='lat' dir='ltr'><strong>prout</strong></span> <span class='ocrx_word' id='word_1_139' title='bbox 1263 1476 1372 1538; x_wconf 86' lang='lat' dir='ltr'><strong>viri</strong></span> <span class='ocrx_word' id='word_1_140' title='bbox 1413 1495 1552 1536; x_wconf 91' lang='lat' dir='ltr'><strong>cum</strong></span> <span class='ocrx_word' id='word_1_141' title='bbox 1592 1475 1902 1554; x_wconf 76' lang='lat' dir='ltr'><strong>vxoribuS,</strong></span> <span class='ocrx_word' id='word_1_142' title='bbox 1943 1486 2216 1554; x_wconf 87' lang='lat' dir='ltr'><strong>parentes</strong></span> <span class='ocrx_word' id='word_1_143' title='bbox 2256 1494 2394 1538; x_wconf 90' lang='lat' dir='ltr'><strong>cum</strong></span> <span class='ocrx_word' id='word_1_144' title='bbox 2437 1478 2662 1557; x_wconf 83' lang='lat' dir='ltr'><strong>liberis,</strong></span> <span class='ocrx_word' id='word_1_145' title='bbox 2699 1479 2928 1540; x_wconf 91' lang='lat' dir='ltr'><strong>domini</strong></span> <span class='ocrx_word' id='word_1_146' title='bbox 2960 1499 3098 1540; x_wconf 89' lang='lat' dir='ltr'><strong>cum</strong></span> <span class='ocrx_word' id='word_1_147' title='bbox 3140 1481 3341 1558; x_wconf 89' lang='lat' dir='ltr'><strong>seruis,</strong></span> 
     </span>
     <span class='ocr_line' id='line_1_15' title="bbox 419 1555 3340 1636; baseline 0 -16"><span class='ocrx_word' id='word_1_148' title='bbox 419 1563 625 1622; x_wconf 89' lang='lat' dir='ltr'><strong>fratres</strong></span> <span class='ocrx_word' id='word_1_149' title='bbox 689 1577 825 1620; x_wconf 91' lang='lat' dir='ltr'><strong>cum</strong></span> <span class='ocrx_word' id='word_1_150' title='bbox 887 1557 1191 1633; x_wconf 87' lang='lat' dir='ltr'><strong>fratribus,</strong></span> <span class='ocrx_word' id='word_1_151' title='bbox 1245 1557 1503 1636; x_wconf 84' lang='lat' dir='ltr'><strong>proximi</strong></span> <span class='ocrx_word' id='word_1_152' title='bbox 1541 1573 1680 1616; x_wconf 90' lang='lat' dir='ltr'><strong>cum</strong></span> <span class='ocrx_word' id='word_1_153' title='bbox 1713 1555 2031 1634; x_wconf 77' lang='lat' dir='ltr'><strong>proximiS,</strong></span> <span class='ocrx_word' id='word_1_154' title='bbox 2072 1556 2385 1618; x_wconf 90' lang='lat' dir='ltr'><strong>vocatione</strong></span> <span class='ocrx_word' id='word_1_155' title='bbox 2426 1557 2653 1636; x_wconf 91' lang='lat' dir='ltr'><strong>priuata</strong></span> <span class='ocrx_word' id='word_1_156' title='bbox 2694 1560 3170 1620; x_wconf 87' lang='lat' dir='ltr'><strong>communicant:</strong></span> <span class='ocrx_word' id='word_1_157' title='bbox 3213 1572 3340 1621; x_wconf 91' lang='lat' dir='ltr'><strong>tum</strong></span> 
     </span>
     <span class='ocr_line' id='line_1_16' title="bbox 418 1634 3341 1720; baseline 0 -19"><span class='ocrx_word' id='word_1_158' title='bbox 418 1641 536 1720; x_wconf 68' lang='lat' dir='ltr'><strong>qua</strong></span> <span class='ocrx_word' id='word_1_159' title='bbox 596 1639 914 1701; x_wconf 85' lang='lat' dir='ltr'><strong>vocatione</strong></span> <span class='ocrx_word' id='word_1_160' title='bbox 971 1638 1208 1717; x_wconf 87' lang='lat' dir='ltr'><strong>publica</strong></span> <span class='ocrx_word' id='word_1_161' title='bbox 1269 1635 1742 1713; x_wconf 67' lang='lat' dir='ltr'><strong>communicante,</strong></span> <span class='ocrx_word' id='word_1_162' title='bbox 1785 1634 1909 1695; x_wconf 88' lang='lat' dir='ltr'><strong>siue</strong></span> <span class='ocrx_word' id='word_1_163' title='bbox 1948 1637 2209 1696; x_wconf 88' lang='lat' dir='ltr'><strong>humana</strong></span> <span class='ocrx_word' id='word_1_164' title='bbox 2250 1649 2427 1715; x_wconf 88' lang='lat' dir='ltr'><strong>atque</strong></span> <span class='ocrx_word' id='word_1_165' title='bbox 2466 1637 2707 1717; x_wconf 90' lang='lat' dir='ltr'><strong>politica</strong></span> <span class='ocrx_word' id='word_1_166' title='bbox 2745 1639 3122 1718; x_wconf 87' lang='lat' dir='ltr'><strong>Magistratus</strong></span> <span class='ocrx_word' id='word_1_167' title='bbox 3163 1653 3341 1719; x_wconf 89' lang='lat' dir='ltr'><strong>atque</strong></span> 
     </span>
     <span class='ocr_line' id='line_1_17' title="bbox 422 1715 3340 1800; baseline 0 -19"><span class='ocrx_word' id='word_1_168' title='bbox 422 1722 745 1800; x_wconf 86' lang='lat' dir='ltr'><strong>Populares</strong></span> <span class='ocrx_word' id='word_1_169' title='bbox 760 1765 777 1798; x_wconf 95' lang='lat'><strong>,</strong></span> <span class='ocrx_word' id='word_1_170' title='bbox 839 1724 964 1780; x_wconf 83' lang='lat' dir='ltr'><strong>siue</strong></span> <span class='ocrx_word' id='word_1_171' title='bbox 1019 1715 1220 1778; x_wconf 66' lang='lat' dir='ltr'><strong>diuina</strong></span> <span class='ocrx_word' id='word_1_172' title='bbox 1279 1718 1334 1776; x_wconf 88' lang='lat'>&amp;</span> <span class='ocrx_word' id='word_1_173' title='bbox 1394 1715 1804 1778; x_wconf 87' lang='lat' dir='ltr'><strong>Ecclesiastica</strong></span> <span class='ocrx_word' id='word_1_174' title='bbox 1863 1715 2137 1776; x_wconf 90' lang='lat' dir='ltr'><strong>Pastores</strong></span> <span class='ocrx_word' id='word_1_175' title='bbox 2150 1761 2167 1794; x_wconf 88' lang='lat'><strong>,</strong></span> <span class='ocrx_word' id='word_1_176' title='bbox 2226 1717 2552 1795; x_wconf 83' lang='lat' dir='ltr'><strong>presbyteri</strong></span> <span class='ocrx_word' id='word_1_177' title='bbox 2606 1723 2661 1780; x_wconf 74' lang='grc' dir='ltr'><strong>δε</strong></span> <span class='ocrx_word' id='word_1_178' title='bbox 2701 1719 2941 1781; x_wconf 89' lang='lat' dir='ltr'><strong>diaconi</strong></span> <span class='ocrx_word' id='word_1_179' title='bbox 2982 1739 3119 1781; x_wconf 91' lang='lat' dir='ltr'><strong>cum</strong></span> <span class='ocrx_word' id='word_1_180' title='bbox 3159 1739 3340 1800; x_wconf 89' lang='lat' dir='ltr'><strong>grege</strong></span> 
     </span>
     <span class='ocr_line' id='line_1_18' title="bbox 421 1794 3129 1880; baseline 0 -18"><span class='ocrx_word' id='word_1_181' title='bbox 421 1800 670 1880; x_wconf 83' lang='lat' dir='ltr'><strong>Christi,</strong></span> <span class='ocrx_word' id='word_1_182' title='bbox 711 1801 837 1860; x_wconf 88' lang='lat' dir='ltr'><strong>siue</strong></span> <span class='ocrx_word' id='word_1_183' title='bbox 878 1810 1126 1876; x_wconf 88' lang='lat' dir='ltr'><strong>vtraque</strong></span> <span class='ocrx_word' id='word_1_184' title='bbox 1169 1797 1430 1876; x_wconf 86' lang='lat' dir='ltr'><strong>magistri</strong></span> <span class='ocrx_word' id='word_1_185' title='bbox 1470 1799 1526 1858; x_wconf 78' lang='grc' dir='ltr'><strong>δι</strong></span> <span class='ocrx_word' id='word_1_186' title='bbox 1569 1794 1870 1874; x_wconf 89' lang='lat' dir='ltr'><strong>discipuli,</strong></span> <span class='ocrx_word' id='word_1_187' title='bbox 1913 1794 1994 1855; x_wconf 90' lang='lat' dir='ltr'><strong>ad</strong></span> <span class='ocrx_word' id='word_1_188' title='bbox 2034 1806 2373 1858; x_wconf 88' lang='lat' dir='ltr'><strong>sanctorum</strong></span> <span class='ocrx_word' id='word_1_189' title='bbox 2414 1798 2756 1861; x_wconf 88' lang='lat' dir='ltr'><strong>societatem</strong></span> <span class='ocrx_word' id='word_1_190' title='bbox 2796 1799 3129 1878; x_wconf 74' lang='lat' dir='ltr'><strong>necessarii.</strong></span> 
     </span>
    </p>

    <p class='ocr_par' dir='ltr' id='par_1_5' title="bbox 421 1873 3344 2596">
     <span class='ocr_line' id='line_1_19' title="bbox 509 1873 3340 1958; baseline -0 -17"><span class='ocrx_word' id='word_1_191' title='bbox 509 1902 598 1941; x_wconf 86' lang='lat'><strong>12.</strong></span> <span class='ocrx_word' id='word_1_192' title='bbox 681 1883 881 1958; x_wconf 88' lang='lat' dir='ltr'><strong>Atque</strong></span> <span class='ocrx_word' id='word_1_193' title='bbox 923 1887 1071 1939; x_wconf 86' lang='lat' dir='ltr'><strong>haec</strong></span> <span class='ocrx_word' id='word_1_194' title='bbox 1112 1877 1354 1956; x_wconf 88' lang='lat' dir='ltr'><strong>quidem</strong></span> <span class='ocrx_word' id='word_1_195' title='bbox 1396 1875 1741 1937; x_wconf 90' lang='lat' dir='ltr'><strong>communio</strong></span> <span class='ocrx_word' id='word_1_196' title='bbox 1783 1873 2135 1937; x_wconf 90' lang='lat' dir='ltr'><strong>omnimoda</strong></span> <span class='ocrx_word' id='word_1_197' title='bbox 2174 1875 2235 1936; x_wconf 92' lang='lat' dir='ltr'><strong>in</strong></span> <span class='ocrx_word' id='word_1_198' title='bbox 2276 1878 2541 1938; x_wconf 88' lang='lat' dir='ltr'><strong>Ecclesia</strong></span> <span class='ocrx_word' id='word_1_199' title='bbox 2580 1878 2696 1939; x_wconf 92' lang='lat' dir='ltr'><strong>Dei</strong></span> <span class='ocrx_word' id='word_1_200' title='bbox 2738 1893 2825 1942; x_wconf 64' lang='lat' dir='ltr'><strong>est</strong></span> <span class='ocrx_word' id='word_1_201' title='bbox 2866 1884 2922 1941; x_wconf 74' lang='grc' dir='ltr'><strong>δι</strong></span> <span class='ocrx_word' id='word_1_202' title='bbox 2962 1900 3087 1942; x_wconf 89' lang='lat' dir='ltr'><strong>esse</strong></span> <span class='ocrx_word' id='word_1_203' title='bbox 3129 1882 3340 1942; x_wconf 88' lang='lat' dir='ltr'><strong>debet:</strong></span> 
     </span>
     <span class='ocr_line' id='line_1_20' title="bbox 421 1955 3343 2040; baseline -0.001 -18"><span class='ocrx_word' id='word_1_204' title='bbox 421 1972 547 2022; x_wconf 86' lang='lat' dir='ltr'><strong>tum</strong></span> <span class='ocrx_word' id='word_1_205' title='bbox 612 1958 935 2021; x_wconf 85' lang='lat' dir='ltr'><strong>formaliter</strong></span> <span class='ocrx_word' id='word_1_206' title='bbox 989 1959 1146 2019; x_wconf 89' lang='lat' dir='ltr'><strong>intus</strong></span> <span class='ocrx_word' id='word_1_207' title='bbox 1205 1957 1265 2017; x_wconf 91' lang='lat' dir='ltr'><strong>in</strong></span> <span class='ocrx_word' id='word_1_208' title='bbox 1321 1955 1570 2035; x_wconf 89' lang='lat' dir='ltr'><strong>Spiritu,</strong></span> <span class='ocrx_word' id='word_1_209' title='bbox 1625 1967 1750 2017; x_wconf 89' lang='lat' dir='ltr'><strong>tum</strong></span> <span class='ocrx_word' id='word_1_210' title='bbox 1790 1959 1931 2017; x_wconf 76' lang='lat' dir='ltr'><strong>vero</strong></span> <span class='ocrx_word' id='word_1_211' title='bbox 1972 1955 2117 2016; x_wconf 88' lang='lat' dir='ltr'><strong>foris</strong></span> <span class='ocrx_word' id='word_1_212' title='bbox 2157 1957 2532 2018; x_wconf 86' lang='lat' dir='ltr'><strong>materialiter</strong></span> <span class='ocrx_word' id='word_1_213' title='bbox 2573 1959 2862 2038; x_wconf 63' lang='lat' dir='ltr'><strong>corporea</strong></span> <span class='ocrx_word' id='word_1_214' title='bbox 2902 1963 2957 2022; x_wconf 77' lang='grc' dir='ltr'><strong>δι</strong></span> <span class='ocrx_word' id='word_1_215' title='bbox 2998 1961 3343 2040; x_wconf 87' lang='lat' dir='ltr'><strong>aspectabili</strong></span> 
     </span>
     <span class='ocr_line' id='line_1_21' title="bbox 426 2035 3341 2118; baseline 0 -16"><span class='ocrx_word' id='word_1_216' title='bbox 426 2040 850 2102; x_wconf 87' lang='lat' dir='ltr'><strong>constitutione</strong></span> <span class='ocrx_word' id='word_1_217' title='bbox 911 2037 1121 2118; x_wconf 87' lang='lat' dir='ltr'><strong>ipsius:</strong></span> <span class='ocrx_word' id='word_1_218' title='bbox 1183 2055 1257 2098; x_wconf 81' lang='lat' dir='ltr'><strong>ex</strong></span> <span class='ocrx_word' id='word_1_219' title='bbox 1317 2037 1533 2115; x_wconf 87' lang='lat' dir='ltr'><strong>quibus</strong></span> <span class='ocrx_word' id='word_1_220' title='bbox 1590 2039 1730 2096; x_wconf 76' lang='lat' dir='ltr'><strong>vere</strong></span> <span class='ocrx_word' id='word_1_221' title='bbox 1791 2046 1969 2114; x_wconf 90' lang='lat' dir='ltr'><strong>atque</strong></span> <span class='ocrx_word' id='word_1_222' title='bbox 2010 2035 2332 2098; x_wconf 85' lang='lat' dir='ltr'><strong>formaliter</strong></span> <span class='ocrx_word' id='word_1_223' title='bbox 2372 2037 2625 2099; x_wconf 86' lang='lat' dir='ltr'><strong>essentia</strong></span> <span class='ocrx_word' id='word_1_224' title='bbox 2662 2040 2965 2102; x_wconf 88' lang='lat' dir='ltr'><strong>Ecclesiae</strong></span> <span class='ocrx_word' id='word_1_225' title='bbox 3005 2043 3119 2102; x_wconf 90' lang='lat' dir='ltr'><strong>Dei</strong></span> <span class='ocrx_word' id='word_1_226' title='bbox 3158 2052 3244 2102; x_wconf 89' lang='lat' dir='ltr'><strong>est</strong></span> <span class='ocrx_word' id='word_1_227' title='bbox 3286 2045 3341 2102; x_wconf 74' lang='grc' dir='ltr'><strong>δι</strong></span> 
     </span>
     <span class='ocr_line' id='line_1_22' title="bbox 421 2115 3343 2202; baseline -0.001 -19"><span class='ocrx_word' id='word_1_228' title='bbox 421 2121 762 2202; x_wconf 84' lang='lat' dir='ltr'><strong>agnoscitur</strong></span> <span class='ocrx_word' id='word_1_229' title='bbox 817 2118 1024 2198; x_wconf 90' lang='lat' dir='ltr'><strong>simul,</strong></span> <span class='ocrx_word' id='word_1_230' title='bbox 1076 2127 1252 2196; x_wconf 92' lang='lat' dir='ltr'><strong>prout</strong></span> <span class='ocrx_word' id='word_1_231' title='bbox 1302 2117 1487 2178; x_wconf 86' lang='lat' dir='ltr'><strong>verbo</strong></span> <span class='ocrx_word' id='word_1_232' title='bbox 1541 2115 1657 2176; x_wconf 90' lang='lat' dir='ltr'><strong>Dei</strong></span> <span class='ocrx_word' id='word_1_233' title='bbox 1706 2135 1982 2195; x_wconf 86' lang='lat' dir='ltr'><strong>expressa</strong></span> <span class='ocrx_word' id='word_1_234' title='bbox 2032 2118 2089 2177; x_wconf 75' lang='grc' dir='ltr'><strong>δι</strong></span> <span class='ocrx_word' id='word_1_235' title='bbox 2142 2116 2447 2195; x_wconf 88' lang='lat' dir='ltr'><strong>designata</strong></span> <span class='ocrx_word' id='word_1_236' title='bbox 2496 2129 2602 2179; x_wconf 88' lang='lat' dir='ltr'><strong>est.</strong></span> <span class='ocrx_word' id='word_1_237' title='bbox 2662 2121 2781 2182; x_wconf 90' lang='lat' dir='ltr'><strong>Sed</strong></span> <span class='ocrx_word' id='word_1_238' title='bbox 2822 2139 3029 2182; x_wconf 88' lang='lat' dir='ltr'><strong>eorum</strong></span> <span class='ocrx_word' id='word_1_239' title='bbox 3072 2121 3174 2200; x_wconf 91' lang='lat' dir='ltr'><strong>qui</strong></span> <span class='ocrx_word' id='word_1_240' title='bbox 3214 2121 3343 2182; x_wconf 73' lang='lat' dir='ltr'><strong>sola</strong></span> 
     </span>
     <span class='ocr_line' id='line_1_23' title="bbox 424 2195 3341 2280; baseline -0 -18"><span class='ocrx_word' id='word_1_241' title='bbox 424 2201 622 2280; x_wconf 85' lang='lat' dir='ltr'><strong>specie</strong></span> <span class='ocrx_word' id='word_1_242' title='bbox 679 2201 736 2260; x_wconf 72' lang='grc' dir='ltr'><strong>δι</strong></span> <span class='ocrx_word' id='word_1_243' title='bbox 796 2197 1162 2279; x_wconf 87' lang='lat' dir='ltr'><strong>professione</strong></span> <span class='ocrx_word' id='word_1_244' title='bbox 1221 2208 1462 2258; x_wconf 85' lang='lat' dir='ltr'><strong>externa</strong></span> <span class='ocrx_word' id='word_1_245' title='bbox 1520 2197 1677 2256; x_wconf 89' lang='lat' dir='ltr'><strong>hanc</strong></span> <span class='ocrx_word' id='word_1_246' title='bbox 1737 2195 2223 2257; x_wconf 89' lang='lat' dir='ltr'><strong>communionem</strong></span> <span class='ocrx_word' id='word_1_247' title='bbox 2278 2201 2513 2276; x_wconf 89' lang='lat' dir='ltr'><strong>colunt,</strong></span> <span class='ocrx_word' id='word_1_248' title='bbox 2552 2198 2704 2260; x_wconf 90' lang='lat' dir='ltr'><strong>ratio</strong></span> <span class='ocrx_word' id='word_1_249' title='bbox 2744 2203 2921 2280; x_wconf 78' lang='lat' dir='ltr'><strong>plane</strong></span> <span class='ocrx_word' id='word_1_250' title='bbox 2962 2201 3191 2262; x_wconf 89' lang='lat' dir='ltr'><strong>diuersa</strong></span> <span class='ocrx_word' id='word_1_251' title='bbox 3234 2213 3341 2263; x_wconf 89' lang='lat' dir='ltr'><strong>est.</strong></span> 
     </span>
     <span class='ocr_line' id='line_1_24' title="bbox 423 2275 3344 2361; baseline 0 -19"><span class='ocrx_word' id='word_1_252' title='bbox 423 2283 571 2342; x_wconf 88' lang='lat' dir='ltr'><strong>Sunt</strong></span> <span class='ocrx_word' id='word_1_253' title='bbox 629 2281 786 2342; x_wconf 91' lang='lat' dir='ltr'><strong>enim</strong></span> <span class='ocrx_word' id='word_1_254' title='bbox 847 2290 911 2340; x_wconf 87' lang='lat' dir='ltr'><strong>vt</strong></span> <span class='ocrx_word' id='word_1_255' title='bbox 951 2277 1012 2338; x_wconf 92' lang='lat' dir='ltr'><strong>in</strong></span> <span class='ocrx_word' id='word_1_256' title='bbox 1051 2295 1304 2355; x_wconf 89' lang='lat' dir='ltr'><strong>corpore</strong></span> <span class='ocrx_word' id='word_1_257' title='bbox 1343 2277 1560 2338; x_wconf 89' lang='lat' dir='ltr'><strong>adnata</strong></span> <span class='ocrx_word' id='word_1_258' title='bbox 1599 2278 1868 2337; x_wconf 91' lang='lat' dir='ltr'><strong>membra</strong></span> <span class='ocrx_word' id='word_1_259' title='bbox 1905 2287 2009 2336; x_wconf 88' lang='lat' dir='ltr'><strong>aut</strong></span> <span class='ocrx_word' id='word_1_260' title='bbox 2048 2275 2219 2357; x_wconf 86' lang='lat' dir='ltr'><strong>vitia,</strong></span> <span class='ocrx_word' id='word_1_261' title='bbox 2262 2286 2327 2336; x_wconf 87' lang='lat' dir='ltr'><strong>vt</strong></span> <span class='ocrx_word' id='word_1_262' title='bbox 2362 2278 2527 2356; x_wconf 88' lang='lat' dir='ltr'><strong>fungi</strong></span> <span class='ocrx_word' id='word_1_263' title='bbox 2569 2279 2626 2338; x_wconf 72' lang='grc' dir='ltr'><strong>δι</strong></span> <span class='ocrx_word' id='word_1_264' title='bbox 2668 2280 2851 2361; x_wconf 73' lang='grc' dir='ltr'><strong>ὕφειιρ</strong></span> <span class='ocrx_word' id='word_1_265' title='bbox 2888 2280 2947 2340; x_wconf 90' lang='lat' dir='ltr'><strong>in</strong></span> <span class='ocrx_word' id='word_1_266' title='bbox 2989 2282 3227 2342; x_wconf 85' lang='lat' dir='ltr'><strong>arbore:</strong></span> <span class='ocrx_word' id='word_1_267' title='bbox 3270 2301 3344 2342; x_wconf 90' lang='lat' dir='ltr'><strong>ac</strong></span> 
     </span>
     <span class='ocr_line' id='line_1_25' title="bbox 421 2355 3343 2441; baseline 0 -20"><span class='ocrx_word' id='word_1_268' title='bbox 421 2361 676 2441; x_wconf 88' lang='lat' dir='ltr'><strong>proinde</strong></span> <span class='ocrx_word' id='word_1_269' title='bbox 733 2359 870 2421; x_wconf 87' lang='lat' dir='ltr'><strong>licet</strong></span> <span class='ocrx_word' id='word_1_270' title='bbox 915 2359 975 2420; x_wconf 91' lang='lat' dir='ltr'><strong>in</strong></span> <span class='ocrx_word' id='word_1_271' title='bbox 1017 2376 1272 2436; x_wconf 88' lang='lat' dir='ltr'><strong>corpore</strong></span> <span class='ocrx_word' id='word_1_272' title='bbox 1314 2356 1455 2435; x_wconf 87' lang='lat' dir='ltr'><strong>sint,</strong></span> <span class='ocrx_word' id='word_1_273' title='bbox 1495 2375 1617 2416; x_wconf 91' lang='lat' dir='ltr'><strong>non</strong></span> <span class='ocrx_word' id='word_1_274' title='bbox 1661 2367 1794 2416; x_wconf 89' lang='lat' dir='ltr'><strong>sunt</strong></span> <span class='ocrx_word' id='word_1_275' title='bbox 1833 2367 2031 2417; x_wconf 89' lang='lat' dir='ltr'><strong>tamen</strong></span> <span class='ocrx_word' id='word_1_276' title='bbox 2072 2355 2149 2417; x_wconf 89' lang='lat' dir='ltr'><strong>de</strong></span> <span class='ocrx_word' id='word_1_277' title='bbox 2194 2377 2449 2436; x_wconf 86' lang='lat' dir='ltr'><strong>corpore</strong></span> <span class='ocrx_word' id='word_1_278' title='bbox 2487 2358 2589 2419; x_wconf 88' lang='lat' dir='ltr'><strong>illo</strong></span> <span class='ocrx_word' id='word_1_279' title='bbox 2633 2366 2772 2419; x_wconf 84' lang='lat' dir='ltr'><strong>vere</strong></span> <span class='ocrx_word' id='word_1_280' title='bbox 2813 2361 3192 2422; x_wconf 82' lang='lat' dir='ltr'><strong>essentialiter</strong></span> <span class='ocrx_word' id='word_1_281' title='bbox 3206 2407 3224 2439; x_wconf 88' lang='lat'><strong>,</strong></span> <span class='ocrx_word' id='word_1_282' title='bbox 3265 2361 3343 2422; x_wconf 93' lang='lat' dir='ltr'><strong>de</strong></span> 
     </span>
     <span class='ocr_line' id='line_1_26' title="bbox 423 2437 3339 2521; baseline -0.001 -18"><span class='ocrx_word' id='word_1_283' title='bbox 423 2460 544 2521; x_wconf 87' lang='lat' dir='ltr'><strong>quo</strong></span> <span class='ocrx_word' id='word_1_284' title='bbox 585 2452 901 2503; x_wconf 87' lang='lat' dir='ltr'><strong>censentur</strong></span> <span class='ocrx_word' id='word_1_285' title='bbox 939 2455 1067 2501; x_wconf 87' lang='lat' dir='ltr'><strong>esse</strong></span> <span class='ocrx_word' id='word_1_286' title='bbox 1108 2437 1510 2516; x_wconf 84' lang='lat' dir='ltr'><strong>materialiter,</strong></span> <span class='ocrx_word' id='word_1_287' title='bbox 1550 2440 1605 2498; x_wconf 89' lang='lat'>&amp;</span> <span class='ocrx_word' id='word_1_288' title='bbox 1645 2437 1708 2497; x_wconf 88' lang='lat' dir='ltr'><strong>in</strong></span> <span class='ocrx_word' id='word_1_289' title='bbox 1747 2454 1868 2515; x_wconf 86' lang='lat' dir='ltr'><strong>quo</strong></span> <span class='ocrx_word' id='word_1_290' title='bbox 1909 2454 2110 2499; x_wconf 89' lang='lat' dir='ltr'><strong>sumus</strong></span> <span class='ocrx_word' id='word_1_291' title='bbox 2149 2437 2476 2499; x_wconf 87' lang='lat' dir='ltr'><strong>formaliter</strong></span> <span class='ocrx_word' id='word_1_292' title='bbox 2514 2437 2748 2501; x_wconf 87' lang='lat' dir='ltr'><strong>viuente</strong></span> <span class='ocrx_word' id='word_1_293' title='bbox 2788 2440 2849 2501; x_wconf 93' lang='lat' dir='ltr'><strong>in</strong></span> <span class='ocrx_word' id='word_1_294' title='bbox 2890 2442 3067 2502; x_wconf 90' lang='lat' dir='ltr'><strong>nobis</strong></span> <span class='ocrx_word' id='word_1_295' title='bbox 3100 2442 3339 2503; x_wconf 91' lang='lat' dir='ltr'><strong>Christo</strong></span> 
     </span>
     <span class='ocr_line' id='line_1_27' title="bbox 425 2516 1637 2596; baseline -0.005 -12"><span class='ocrx_word' id='word_1_296' title='bbox 425 2526 484 2584; x_wconf 74' lang='grc' dir='ltr'><strong>δε</strong></span> <span class='ocrx_word' id='word_1_297' title='bbox 522 2522 696 2583; x_wconf 87' lang='lat' dir='ltr'><strong>nobis</strong></span> <span class='ocrx_word' id='word_1_298' title='bbox 734 2522 798 2582; x_wconf 88' lang='lat' dir='ltr'><strong>in</strong></span> <span class='ocrx_word' id='word_1_299' title='bbox 836 2520 1074 2581; x_wconf 88' lang='lat' dir='ltr'><strong>Christo</strong></span> <span class='ocrx_word' id='word_1_300' title='bbox 1116 2516 1194 2579; x_wconf 89' lang='lat' dir='ltr'><strong>de</strong></span> <span class='ocrx_word' id='word_1_301' title='bbox 1234 2516 1454 2596; x_wconf 90' lang='lat' dir='ltr'><strong>Spiritu</strong></span> <span class='ocrx_word' id='word_1_302' title='bbox 1493 2516 1637 2579; x_wconf 89' lang='lat' dir='ltr'><strong>eius.</strong></span> 
     </span>
    </p>
   </div>
   <div class='ocr_carea' id='block_1_3' title="bbox 1675 2752 2061 2765">
    <p class='ocr_par' dir='ltr' id='par_1_6' title="bbox 1675 2752 2061 2765">
     <span class='ocr_line' id='line_1_28' title="bbox 1675 2752 2061 2765; baseline 0.005 -2"><span class='ocrx_word' id='word_1_303' title='bbox 1675 2752 2061 2765; x_wconf 50' lang='lat' dir='ltr'><strong>*d</strong></span> 
     </span>
    </p>
   </div>
   <div class='ocr_carea' id='block_1_4' title="bbox 429 2966 3343 3226">
    <p class='ocr_par' dir='ltr' id='par_1_7' title="bbox 429 2966 3343 3226">
     <span class='ocr_line' id='line_1_29' title="bbox 429 2966 3343 3029; baseline 0.001 -4"><span class='ocrx_word' id='word_1_304' title='bbox 429 2966 646 3027; x_wconf 84' lang='lat' dir='ltr'>XLVI.</span> <span class='ocrx_word' id='word_1_305' title='bbox 703 2966 837 3026; x_wconf 90' lang='lat' dir='ltr'><strong>DE</strong></span> <span class='ocrx_word' id='word_1_306' title='bbox 890 2967 1524 3029; x_wconf 85' lang='lat' dir='ltr'><strong>POTESTATE</strong></span> <span class='ocrx_word' id='word_1_307' title='bbox 1575 2967 2184 3029; x_wconf 85' lang='lat' dir='ltr'><strong>ECCLESIAE</strong></span> <span class='ocrx_word' id='word_1_308' title='bbox 2240 2970 2347 3029; x_wconf 88' lang='lat' dir='ltr'><strong>IN</strong></span> <span class='ocrx_word' id='word_1_309' title='bbox 2406 2969 2711 3029; x_wconf 89' lang='lat' dir='ltr'><strong>FIDEI</strong></span> <span class='ocrx_word' id='word_1_310' title='bbox 2765 2966 3343 3028; x_wconf 88' lang='lat' dir='ltr'><strong>DOGMATIS.</strong></span> 
     </span>
     <span class='ocr_line' id='line_1_30' title="bbox 1647 3143 2095 3226; baseline 0.004 -21"><span class='ocrx_word' id='word_1_311' title='bbox 1647 3143 1993 3226; x_wconf 67' lang='lat' dir='ltr'><strong>{Tussis</strong></span> <span class='ocrx_word' id='word_1_312' title='bbox 2047 3148 2095 3208; x_wconf 90' lang='grc' dir='ltr'><strong>Ι.</strong></span> 
     </span>
    </p>
   </div>
   <div class='ocr_carea' id='block_1_5' title="bbox 429 3320 3361 4504">
    <p class='ocr_par' dir='ltr' id='par_1_8' title="bbox 429 3320 3361 4359">
     <span class='ocr_line' id='line_1_31' title="bbox 509 3320 3349 3405; baseline 0.001 -25"><span class='ocrx_word' id='word_1_313' title='bbox 509 3321 608 3381; x_wconf 73' lang='lat' dir='ltr'><strong>Dr.</strong></span> <span class='ocrx_word' id='word_1_314' title='bbox 667 3321 824 3383; x_wconf 88' lang='lat' dir='ltr'><strong>notis</strong></span> <span class='ocrx_word' id='word_1_315' title='bbox 864 3322 922 3382; x_wconf 77' lang='grc' dir='ltr'><strong>δι</strong></span> <span class='ocrx_word' id='word_1_316' title='bbox 959 3320 1244 3401; x_wconf 89' lang='lat' dir='ltr'><strong>regimine</strong></span> <span class='ocrx_word' id='word_1_317' title='bbox 1284 3324 1586 3385; x_wconf 83' lang='lat' dir='ltr'><strong>Ecclesiae</strong></span> <span class='ocrx_word' id='word_1_318' title='bbox 1626 3335 1824 3386; x_wconf 87' lang='lat' dir='ltr'><strong>actum</strong></span> <span class='ocrx_word' id='word_1_319' title='bbox 1865 3337 1984 3403; x_wconf 85' lang='lat' dir='ltr'><strong>est3</strong></span> <span class='ocrx_word' id='word_1_320' title='bbox 2027 3324 2310 3405; x_wconf 85' lang='lat' dir='ltr'><strong>deinc‘eps</strong></span> <span class='ocrx_word' id='word_1_321' title='bbox 2349 3324 2426 3386; x_wconf 91' lang='lat' dir='ltr'><strong>de</strong></span> <span class='ocrx_word' id='word_1_322' title='bbox 2466 3323 2592 3385; x_wconf 89' lang='lat' dir='ltr'><strong>eius</strong></span> <span class='ocrx_word' id='word_1_323' title='bbox 2632 3334 2957 3404; x_wconf 88' lang='lat' dir='ltr'><strong>potestate,</strong></span> <span class='ocrx_word' id='word_1_324' title='bbox 2998 3324 3054 3383; x_wconf 75' lang='grc' dir='ltr'><strong>δι</strong></span> <span class='ocrx_word' id='word_1_325' title='bbox 3094 3322 3349 3402; x_wconf 74' lang='lat' dir='ltr'><strong>primum</strong></span> 
     </span>
     <span class='ocr_line' id='line_1_32' title="bbox 431 3402 3349 3484; baseline 0.001 -23"><span class='ocrx_word' id='word_1_326' title='bbox 431 3402 633 3478; x_wconf 88' lang='lat' dir='ltr'><strong>quoad</strong></span> <span class='ocrx_word' id='word_1_327' title='bbox 693 3402 831 3463; x_wconf 86' lang='lat' dir='ltr'><strong>fidei</strong></span> <span class='ocrx_word' id='word_1_328' title='bbox 891 3402 1200 3483; x_wconf 85' lang='lat' dir='ltr'><strong>dogmata,</strong></span> <span class='ocrx_word' id='word_1_329' title='bbox 1261 3404 1683 3466; x_wconf 90' lang='lat' dir='ltr'><strong>disserendum.</strong></span> <span class='ocrx_word' id='word_1_330' title='bbox 1746 3408 1878 3484; x_wconf 86' lang='lat' dir='ltr'><strong>Ipse</strong></span> <span class='ocrx_word' id='word_1_331' title='bbox 1939 3416 2135 3467; x_wconf 88' lang='lat' dir='ltr'><strong>autem</strong></span> <span class='ocrx_word' id='word_1_332' title='bbox 2197 3404 2492 3466; x_wconf 89' lang='lat' dir='ltr'><strong>Dominus</strong></span> <span class='ocrx_word' id='word_1_333' title='bbox 2541 3405 2596 3464; x_wconf 76' lang='grc' dir='ltr'><strong>δι</strong></span> <span class='ocrx_word' id='word_1_334' title='bbox 2638 3406 2918 3465; x_wconf 89' lang='lat' dir='ltr'><strong>Seruator</strong></span> <span class='ocrx_word' id='word_1_335' title='bbox 2955 3416 3157 3464; x_wconf 90' lang='lat' dir='ltr'><strong>noster</strong></span> <span class='ocrx_word' id='word_1_336' title='bbox 3194 3406 3349 3465; x_wconf 90' lang='lat' dir='ltr'><strong>hanc</strong></span> 
     </span>
     <span class='ocr_line' id='line_1_33' title="bbox 429 3480 3351 3565; baseline 0.001 -25"><span class='ocrx_word' id='word_1_337' title='bbox 429 3480 733 3542; x_wconf 89' lang='lat' dir='ltr'><strong>Ecclesiae</strong></span> <span class='ocrx_word' id='word_1_338' title='bbox 783 3498 922 3544; x_wconf 87' lang='lat' dir='ltr'><strong>suae</strong></span> <span class='ocrx_word' id='word_1_339' title='bbox 973 3494 1326 3560; x_wconf 89' lang='lat' dir='ltr'><strong>potestatem</strong></span> <span class='ocrx_word' id='word_1_340' title='bbox 1383 3486 1535 3546; x_wconf 79' lang='lat' dir='ltr'><strong>adeo</strong></span> <span class='ocrx_word' id='word_1_341' title='bbox 1586 3485 2060 3565; x_wconf 88' lang='lat' dir='ltr'><strong>commendauit,</strong></span> <span class='ocrx_word' id='word_1_342' title='bbox 2117 3495 2179 3547; x_wconf 89' lang='lat' dir='ltr'><strong>vt</strong></span> <span class='ocrx_word' id='word_1_343' title='bbox 2228 3485 2277 3545; x_wconf 92' lang='lat' dir='ltr'><strong>si</strong></span> <span class='ocrx_word' id='word_1_344' title='bbox 2331 3484 2464 3562; x_wconf 91' lang='lat' dir='ltr'><strong>quis</strong></span> <span class='ocrx_word' id='word_1_345' title='bbox 2518 3504 2649 3545; x_wconf 90' lang='lat' dir='ltr'><strong>eam</strong></span> <span class='ocrx_word' id='word_1_346' title='bbox 2694 3484 2846 3545; x_wconf 89' lang='lat' dir='ltr'><strong>nolit</strong></span> <span class='ocrx_word' id='word_1_347' title='bbox 2885 3503 3238 3562; x_wconf 87' lang='lat' dir='ltr'><strong>agnoscere,</strong></span> <span class='ocrx_word' id='word_1_348' title='bbox 3279 3482 3351 3544; x_wconf 85' lang='lat' dir='ltr'><strong>sit</strong></span> 
     </span>
     <span class='ocr_line' id='line_1_34' title="bbox 433 3560 3352 3645; baseline 0.001 -25"><span class='ocrx_word' id='word_1_349' title='bbox 433 3578 567 3621; x_wconf 87' lang='lat' dir='ltr'><strong>reus</strong></span> <span class='ocrx_word' id='word_1_350' title='bbox 626 3562 804 3641; x_wconf 84' lang='lat' dir='ltr'><strong>exitij.</strong></span> <span class='ocrx_word' id='word_1_351' title='bbox 865 3560 1072 3624; x_wconf 89' lang='lat' dir='ltr'><strong>Voluit</strong></span> <span class='ocrx_word' id='word_1_352' title='bbox 1125 3564 1282 3624; x_wconf 88' lang='lat' dir='ltr'><strong>enim</strong></span> <span class='ocrx_word' id='word_1_353' title='bbox 1335 3584 1442 3645; x_wconf 91' lang='lat' dir='ltr'><strong>per</strong></span> <span class='ocrx_word' id='word_1_354' title='bbox 1481 3565 1810 3627; x_wconf 87' lang='lat' dir='ltr'><strong>Ecclesiam</strong></span> <span class='ocrx_word' id='word_1_355' title='bbox 1853 3584 1923 3626; x_wconf 91' lang='lat' dir='ltr'><strong>ea</strong></span> <span class='ocrx_word' id='word_1_356' title='bbox 1955 3566 2164 3641; x_wconf 30' lang='lat' dir='ltr'><strong>‘omnia</strong></span> <span class='ocrx_word' id='word_1_357' title='bbox 2203 3584 2355 3644; x_wconf 89' lang='lat' dir='ltr'><strong>quae</strong></span> <span class='ocrx_word' id='word_1_358' title='bbox 2394 3565 2535 3626; x_wconf 88' lang='lat' dir='ltr'><strong>fidei</strong></span> <span class='ocrx_word' id='word_1_359' title='bbox 2572 3576 2708 3625; x_wconf 88' lang='lat' dir='ltr'><strong>sunt</strong></span> <span class='ocrx_word' id='word_1_360' title='bbox 2746 3562 2921 3626; x_wconf 87' lang='lat' dir='ltr'><strong>nobis</strong></span> <span class='ocrx_word' id='word_1_361' title='bbox 2960 3562 3352 3625; x_wconf 90' lang='lat' dir='ltr'><strong>innotescere.</strong></span> 
     </span>
     <span class='ocr_line' id='line_1_35' title="bbox 432 3642 3350 3724; baseline 0.001 -24"><span class='ocrx_word' id='word_1_362' title='bbox 432 3642 541 3701; x_wconf 90' lang='lat' dir='ltr'><strong>Illa</strong></span> <span class='ocrx_word' id='word_1_363' title='bbox 597 3651 793 3703; x_wconf 91' lang='lat' dir='ltr'><strong>autem</strong></span> <span class='ocrx_word' id='word_1_364' title='bbox 853 3644 931 3703; x_wconf 91' lang='lat' dir='ltr'><strong>ad</strong></span> <span class='ocrx_word' id='word_1_365' title='bbox 992 3654 1202 3704; x_wconf 85' lang='lat' dir='ltr'><strong>nutum</strong></span> <span class='ocrx_word' id='word_1_366' title='bbox 1258 3644 1474 3706; x_wconf 88' lang='lat' dir='ltr'><strong>Christi</strong></span> <span class='ocrx_word' id='word_1_367' title='bbox 1535 3665 1599 3707; x_wconf 93' lang='lat' dir='ltr'><strong>se</strong></span> <span class='ocrx_word' id='word_1_368' title='bbox 1638 3656 1824 3705; x_wconf 84' lang='lat' dir='ltr'><strong>totam</strong></span> <span class='ocrx_word' id='word_1_369' title='bbox 1860 3646 2326 3707; x_wconf 90' lang='lat' dir='ltr'><strong>accommodans</strong></span> <span class='ocrx_word' id='word_1_370' title='bbox 2341 3691 2358 3724; x_wconf 89' lang='lat'><strong>,</strong></span> <span class='ocrx_word' id='word_1_371' title='bbox 2401 3644 2566 3706; x_wconf 88' lang='lat' dir='ltr'><strong>verbi</strong></span> <span class='ocrx_word' id='word_1_372' title='bbox 2604 3642 2789 3705; x_wconf 90' lang='lat' dir='ltr'><strong>diuini</strong></span> <span class='ocrx_word' id='word_1_373' title='bbox 2828 3656 3004 3721; x_wconf 89' lang='lat' dir='ltr'><strong>atque</strong></span> <span class='ocrx_word' id='word_1_374' title='bbox 3045 3642 3350 3722; x_wconf 89' lang='lat' dir='ltr'><strong>Euangelij</strong></span> 
     </span>
     <span class='ocr_line' id='line_1_36' title="bbox 431 3720 3351 3804; baseline 0.001 -24"><span class='ocrx_word' id='word_1_375' title='bbox 431 3720 654 3782; x_wconf 88' lang='lat' dir='ltr'><strong>lumine</strong></span> <span class='ocrx_word' id='word_1_376' title='bbox 695 3722 1065 3801; x_wconf 88' lang='lat' dir='ltr'><strong>depellendis</strong></span> <span class='ocrx_word' id='word_1_377' title='bbox 1105 3725 1364 3786; x_wconf 91' lang='lat' dir='ltr'><strong>tenebris</strong></span> <span class='ocrx_word' id='word_1_378' title='bbox 1385 3727 1517 3804; x_wconf 89' lang='lat' dir='ltr'><strong>plus</strong></span> <span class='ocrx_word' id='word_1_379' title='bbox 1541 3745 1717 3803; x_wconf 89' lang='lat' dir='ltr'><strong>quam</strong></span> <span class='ocrx_word' id='word_1_380' title='bbox 1749 3725 2083 3787; x_wconf 88' lang='lat' dir='ltr'><strong>Cimmeriis</strong></span> <span class='ocrx_word' id='word_1_381' title='bbox 2103 3726 2387 3787; x_wconf 89' lang='lat' dir='ltr'><strong>mentium</strong></span> <span class='ocrx_word' id='word_1_382' title='bbox 2409 3738 2739 3787; x_wconf 87' lang='lat' dir='ltr'><strong>nostrarum</strong></span> <span class='ocrx_word' id='word_1_383' title='bbox 2762 3724 3035 3803; x_wconf 89' lang='lat' dir='ltr'><strong>inseruit,</strong></span> <span class='ocrx_word' id='word_1_384' title='bbox 3068 3735 3351 3800; x_wconf 89' lang='lat' dir='ltr'><strong>tanquam</strong></span> 
     </span>
     <span class='ocr_line' id='line_1_37' title="bbox 431 3800 3353 3882; baseline 0.001 -21"><span class='ocrx_word' id='word_1_385' title='bbox 431 3800 630 3861; x_wconf 85' lang='lat' dir='ltr'><strong>viuum</strong></span> <span class='ocrx_word' id='word_1_386' title='bbox 673 3802 920 3881; x_wconf 87' lang='lat' dir='ltr'><strong>Spiritus</strong></span> <span class='ocrx_word' id='word_1_387' title='bbox 960 3802 1177 3865; x_wconf 88' lang='lat' dir='ltr'><strong>Christi</strong></span> <span class='ocrx_word' id='word_1_388' title='bbox 1217 3804 1701 3867; x_wconf 85' lang='lat' dir='ltr'><strong>instrumentum:</strong></span> <span class='ocrx_word' id='word_1_389' title='bbox 1745 3816 2019 3867; x_wconf 86' lang='lat' dir='ltr'><strong>aeternae</strong></span> <span class='ocrx_word' id='word_1_390' title='bbox 2058 3804 2258 3867; x_wconf 87' lang='lat' dir='ltr'><strong>salutis</strong></span> <span class='ocrx_word' id='word_1_391' title='bbox 2298 3807 2353 3865; x_wconf 79' lang='grc' dir='ltr'><strong>δι</strong></span> <span class='ocrx_word' id='word_1_392' title='bbox 2394 3804 2552 3867; x_wconf 87' lang='lat' dir='ltr'><strong>vitae</strong></span> <span class='ocrx_word' id='word_1_393' title='bbox 2591 3824 2927 3865; x_wconf 88' lang='lat' dir='ltr'><strong>sermonem</strong></span> <span class='ocrx_word' id='word_1_394' title='bbox 2968 3804 3143 3864; x_wconf 89' lang='lat' dir='ltr'><strong>nobis</strong></span> <span class='ocrx_word' id='word_1_395' title='bbox 3187 3822 3353 3882; x_wconf 90' lang='lat' dir='ltr'><strong>prae·</strong></span> 
     </span>
     <span class='ocr_line' id='line_1_38' title="bbox 431 3881 3353 3964; baseline 0.001 -23"><span class='ocrx_word' id='word_1_396' title='bbox 431 3882 648 3942; x_wconf 88' lang='lat' dir='ltr'><strong>tendit:</strong></span> <span class='ocrx_word' id='word_1_397' title='bbox 691 3881 968 3960; x_wconf 83' lang='lat' dir='ltr'><strong>mysteria</strong></span> <span class='ocrx_word' id='word_1_398' title='bbox 1007 3883 1363 3963; x_wconf 88' lang='lat' dir='ltr'><strong>cognitionis</strong></span> <span class='ocrx_word' id='word_1_399' title='bbox 1402 3884 1518 3947; x_wconf 88' lang='lat' dir='ltr'><strong>Dei</strong></span> <span class='ocrx_word' id='word_1_400' title='bbox 1557 3885 1617 3945; x_wconf 91' lang='lat' dir='ltr'><strong>in</strong></span> <span class='ocrx_word' id='word_1_401' title='bbox 1659 3884 1896 3947; x_wconf 88' lang='lat' dir='ltr'><strong>Christo</strong></span> <span class='ocrx_word' id='word_1_402' title='bbox 1936 3904 2116 3964; x_wconf 89' lang='lat' dir='ltr'><strong>quam</strong></span> <span class='ocrx_word' id='word_1_403' title='bbox 2158 3885 2490 3946; x_wconf 77' lang='lat' dir='ltr'><strong>fidelissime</strong></span> <span class='ocrx_word' id='word_1_404' title='bbox 2531 3884 2707 3946; x_wconf 87' lang='lat' dir='ltr'><strong>nobis</strong></span> <span class='ocrx_word' id='word_1_405' title='bbox 2748 3884 3077 3962; x_wconf 88' lang='lat' dir='ltr'><strong>dispensat,</strong></span> <span class='ocrx_word' id='word_1_406' title='bbox 3106 3884 3164 3943; x_wconf 89' lang='lat' dir='ltr'><strong>in</strong></span> <span class='ocrx_word' id='word_1_407' title='bbox 3187 3882 3353 3944; x_wconf 90' lang='lat' dir='ltr'><strong>cuius</strong></span> 
     </span>
     <span class='ocr_line' id='line_1_39' title="bbox 429 3962 3355 4044; baseline 0.001 -23"><span class='ocrx_word' id='word_1_408' title='bbox 429 3972 659 4023; x_wconf 87' lang='lat' dir='ltr'><strong>rectam</strong></span> <span class='ocrx_word' id='word_1_409' title='bbox 719 3962 929 4036; x_wconf 86' lang='lat' dir='ltr'><strong>fidem,</strong></span> <span class='ocrx_word' id='word_1_410' title='bbox 991 3962 1159 4039; x_wconf 86' lang='lat' dir='ltr'><strong>quasi</strong></span> <span class='ocrx_word' id='word_1_411' title='bbox 1217 3963 1276 4025; x_wconf 88' lang='lat' dir='ltr'><strong>in</strong></span> <span class='ocrx_word' id='word_1_412' title='bbox 1318 3964 1554 4025; x_wconf 86' lang='lat' dir='ltr'><strong>vnicam</strong></span> <span class='ocrx_word' id='word_1_413' title='bbox 1596 3966 1794 4025; x_wconf 86' lang='lat' dir='ltr'><strong>salutis</strong></span> <span class='ocrx_word' id='word_1_414' title='bbox 1836 3966 2023 4044; x_wconf 88' lang='lat' dir='ltr'><strong>viam,</strong></span> <span class='ocrx_word' id='word_1_415' title='bbox 2065 3967 2401 4044; x_wconf 89' lang='lat' dir='ltr'><strong>quicunque</strong></span> <span class='ocrx_word' id='word_1_416' title='bbox 2442 3983 2564 4027; x_wconf 88' lang='lat' dir='ltr'><strong>non</strong></span> <span class='ocrx_word' id='word_1_417' title='bbox 2604 3963 2897 4043; x_wconf 87' lang='lat' dir='ltr'><strong>ambulat,</strong></span> <span class='ocrx_word' id='word_1_418' title='bbox 2937 3965 3016 4024; x_wconf 92' lang='lat' dir='ltr'><strong>ad</strong></span> <span class='ocrx_word' id='word_1_419' title='bbox 3056 3975 3355 4025; x_wconf 86' lang='lat' dir='ltr'><strong>aeternam</strong></span> 
     </span>
     <span class='ocr_line' id='line_1_40' title="bbox 432 4041 3359 4125; baseline 0.001 -24"><span class='ocrx_word' id='word_1_420' title='bbox 432 4041 773 4103; x_wconf 87' lang='lat' dir='ltr'><strong>felicitatem</strong></span> <span class='ocrx_word' id='word_1_421' title='bbox 826 4041 1159 4122; x_wconf 89' lang='lat' dir='ltr'><strong>pertingere</strong></span> <span class='ocrx_word' id='word_1_422' title='bbox 1210 4064 1333 4105; x_wconf 88' lang='lat' dir='ltr'><strong>non</strong></span> <span class='ocrx_word' id='word_1_423' title='bbox 1389 4044 1627 4123; x_wconf 87' lang='lat' dir='ltr'><strong>poterit.</strong></span> <span class='ocrx_word' id='word_1_424' title='bbox 1685 4048 1781 4106; x_wconf 87' lang='lat' dir='ltr'><strong>Ac</strong></span> <span class='ocrx_word' id='word_1_425' title='bbox 1835 4056 2151 4125; x_wconf 89' lang='lat' dir='ltr'><strong>propterea</strong></span> <span class='ocrx_word' id='word_1_426' title='bbox 2204 4045 2265 4106; x_wconf 90' lang='lat' dir='ltr'><strong>in</strong></span> <span class='ocrx_word' id='word_1_427' title='bbox 2317 4047 2374 4107; x_wconf 93' lang='lat' dir='ltr'><strong>S.</strong></span> <span class='ocrx_word' id='word_1_428' title='bbox 2426 4044 2607 4105; x_wconf 89' lang='lat' dir='ltr'><strong>literis</strong></span> <span class='ocrx_word' id='word_1_429' title='bbox 2659 4056 2781 4105; x_wconf 84' lang='lat' dir='ltr'><strong>tam</strong></span> <span class='ocrx_word' id='word_1_430' title='bbox 2821 4043 3154 4105; x_wconf 88' lang='lat' dir='ltr'><strong>honorifica</strong></span> <span class='ocrx_word' id='word_1_431' title='bbox 3192 4044 3359 4122; x_wconf 87' lang='lat' dir='ltr'><strong>vbiq.</strong></span> 
     </span>
     <span class='ocr_line' id='line_1_41' title="bbox 437 4121 3361 4205; baseline 0.001 -24"><span class='ocrx_word' id='word_1_432' title='bbox 437 4121 743 4184; x_wconf 84' lang='lat' dir='ltr'><strong>Ecclesiae</strong></span> <span class='ocrx_word' id='word_1_433' title='bbox 803 4122 868 4183; x_wconf 86' lang='lat' dir='ltr'><strong>fit</strong></span> <span class='ocrx_word' id='word_1_434' title='bbox 929 4124 1182 4203; x_wconf 87' lang='lat' dir='ltr'><strong>menti0,</strong></span> <span class='ocrx_word' id='word_1_435' title='bbox 1223 4136 1286 4185; x_wconf 86' lang='lat' dir='ltr'><strong>vt</strong></span> <span class='ocrx_word' id='word_1_436' title='bbox 1327 4144 1504 4203; x_wconf 89' lang='lat' dir='ltr'><strong>saepe</strong></span> <span class='ocrx_word' id='word_1_437' title='bbox 1543 4126 1737 4187; x_wconf 91' lang='lat' dir='ltr'><strong>Mater</strong></span> <span class='ocrx_word' id='word_1_438' title='bbox 1776 4124 2012 4205; x_wconf 89' lang='lat' dir='ltr'><strong>piorum</strong></span> <span class='ocrx_word' id='word_1_439' title='bbox 2042 4127 2097 4185; x_wconf 88' lang='lat'>&amp;</span> <span class='ocrx_word' id='word_1_440' title='bbox 2136 4124 2401 4186; x_wconf 85' lang='lat' dir='ltr'><strong>fidelium</strong></span> <span class='ocrx_word' id='word_1_441' title='bbox 2442 4123 2741 4203; x_wconf 89' lang='lat' dir='ltr'><strong>omnium,</strong></span> <span class='ocrx_word' id='word_1_442' title='bbox 2781 4124 3099 4201; x_wconf 89' lang='lat' dir='ltr'><strong>aliquando</strong></span> <span class='ocrx_word' id='word_1_443' title='bbox 3140 4124 3361 4185; x_wconf 90' lang='lat' dir='ltr'><strong>Christi</strong></span> 
     </span>
     <span class='ocr_line' id='line_1_42' title="bbox 434 4204 3359 4342; baseline 0.001 -81"><span class='ocrx_word' id='word_1_444' title='bbox 434 4219 685 4342; x_wconf 62' lang='lat' dir='ltr'><strong>corptfis,</strong></span> <span class='ocrx_word' id='word_1_445' title='bbox 745 4220 1172 4282; x_wconf 88' lang='lat' dir='ltr'><strong>nonnunquam</strong></span> <span class='ocrx_word' id='word_1_446' title='bbox 1239 4223 1457 4283; x_wconf 88' lang='lat' dir='ltr'><strong>sponsa</strong></span> <span class='ocrx_word' id='word_1_447' title='bbox 1472 4252 1488 4279; x_wconf 87' lang='lat'><strong>,</strong></span> <span class='ocrx_word' id='word_1_448' title='bbox 1549 4204 1843 4267; x_wconf 90' lang='lat' dir='ltr'><strong>interdum</strong></span> <span class='ocrx_word' id='word_1_449' title='bbox 1905 4206 2080 4267; x_wconf 87' lang='lat' dir='ltr'><strong>etiam</strong></span> <span class='ocrx_word' id='word_1_450' title='bbox 2140 4206 2438 4267; x_wconf 89' lang='lat' dir='ltr'><strong>Columna</strong></span> <span class='ocrx_word' id='word_1_451' title='bbox 2491 4208 2546 4266; x_wconf 79' lang='grc' dir='ltr'><strong>δι</strong></span> <span class='ocrx_word' id='word_1_452' title='bbox 2586 4204 3058 4266; x_wconf 81' lang='lat' dir='ltr'><strong>stabilimentum</strong></span> <span class='ocrx_word' id='word_1_453' title='bbox 3098 4204 3359 4265; x_wconf 89' lang='lat' dir='ltr'><strong>veritatis</strong></span> 
     </span>
     <span class='ocr_line' id='line_1_43' title="bbox 433 4292 780 4359; baseline 0.006 -18"><span class='ocrx_word' id='word_1_454' title='bbox 433 4300 588 4359; x_wconf 90' lang='lat' dir='ltr'><strong>appe</strong></span> <span class='ocrx_word' id='word_1_455' title='bbox 633 4292 780 4343; x_wconf 87' lang='lat' dir='ltr'><strong>etur.</strong></span> 
     </span>
    </p>

    <p class='ocr_par' dir='ltr' id='par_1_9' title="bbox 519 4362 3360 4502">
     <span class='ocr_line' id='line_1_44' title="bbox 519 4362 3360 4502; baseline 0.001 -81"><span class='ocrx_word' id='word_1_456' title='bbox 519 4380 572 4421; x_wconf 85' lang='lat'><strong>2.</strong></span> <span class='ocrx_word' id='word_1_457' title='bbox 654 4362 745 4422; x_wconf 84' lang='lat' dir='ltr'><strong>Ex</strong></span> <span class='ocrx_word' id='word_1_458' title='bbox 808 4364 1023 4442; x_wconf 90' lang='lat' dir='ltr'><strong>quibus</strong></span> <span class='ocrx_word' id='word_1_459' title='bbox 1081 4373 1284 4427; x_wconf 89' lang='lat' dir='ltr'><strong>tamen</strong></span> <span class='ocrx_word' id='word_1_460' title='bbox 1325 4364 1816 4445; x_wconf 89' lang='lat' dir='ltr'><strong>appellationibus</strong></span> <span class='ocrx_word' id='word_1_461' title='bbox 1855 4364 2232 4444; x_wconf 83' lang='lat' dir='ltr'><strong>perspicuum</strong></span> <span class='ocrx_word' id='word_1_462' title='bbox 2274 4376 2361 4427; x_wconf 89' lang='lat' dir='ltr'><strong>est</strong></span> <span class='ocrx_word' id='word_1_463' title='bbox 2402 4364 2731 4427; x_wconf 88' lang='lat' dir='ltr'><strong>Ecclesiam</strong></span> <span class='ocrx_word' id='word_1_464' title='bbox 2772 4382 2893 4425; x_wconf 91' lang='lat' dir='ltr'><strong>non</strong></span> <span class='ocrx_word' id='word_1_465' title='bbox 2931 4365 3151 4425; x_wconf 83' lang='lat' dir='ltr'><strong>habere</strong></span> <span class='ocrx_word' id='word_1_466' title='bbox 3167 4366 3360 4502; x_wconf 82' lang='lat' dir='ltr'><strong>labso-</strong></span> 
     </span>
    </p>

    <p class='ocr_par' dir='ltr' id='par_1_10' title="bbox 3190 4454 3354 4504">
     <span class='ocr_line' id='line_1_45' title="bbox 3190 4454 3354 4504; baseline 0.006 -1"><span class='ocrx_word' id='word_1_467' title='bbox 3190 4454 3354 4504; x_wconf 77' lang='lat' dir='ltr'><strong>utam</strong></span> 
     </span>
    </p>
   </div>
  </div>
 </body>
</html>
