3923 4875
553 357 665 414 132
1480 349 1807 395 russas
1868 344 2525 396 rnnococxcnn.

542 512 1025 592 perfectissimae:
1066 515 1121 574 &
1161 512 1388 573 ratione
1427 512 1576 573 loci:
1618 510 1758 589 quia
1806 509 2132 572 immensus
2172 519 2289 586 est,
2331 521 2508 589 atque
2548 511 2754 590 implet
2791 511 3010 573 omnia.
3069 515 3137 572 In
3176 512 3458 590 operibus

544 603 768 671 autem,
822 596 958 654 cum
1012 593 1213 654 omnia
1254 593 1587 654 decreuerit
1623 594 1701 652 ab
1754 602 2000 652 aeterno
2047 590 2414 652 vniformiter
2430 637 2444 666 ,
2485 593 2542 651 ἃ
2581 603 2905 670 exequatur
2945 591 3312 652 exactissime
3349 609 3460 652 suo

543 685 809 750 tempore
822 718 839 746 ,
878 673 1040 733 iuxta
1078 673 1448 736 immutabile
1482 671 1799 733 consilium
1840 671 2160 733 voluntatis
2200 687 2360 732 suae.
2419 674 2616 750 Atque
2655 673 2801 732 haec
2841 671 3018 732 etiam
3057 673 3136 733 de
3174 674 3368 732 Bono·

632 769 723 812 ιε.
804 753 1089 828 Quamuis
1150 763 1347 814 autem
1411 755 1560 813 haec
1619 750 1906 811 attributa
1958 749 2162 810 omnia
2215 751 2350 811 Deo
2400 751 2728 813 essentialia
2765 751 2908 829 sint,
2949 751 3462 812 communicantur

550 842 743 892 tamen
788 850 924 892 cum
962 832 1245 893 creaturis
1282 833 1587 912 analogice
1602 876 1619 909 ,
1658 834 1715 891 δι
1760 847 1867 891 suo
1909 831 2126 890 modo:
2185 831 2264 890 Et
2303 830 2770 893 circumferimus
2789 831 2900 910 ipsi
2920 843 3125 892 eorum
3145 829 3462 910 imaginem

547 912 609 972 in
657 912 963 973 animabus
1002 911 1253 972 nostris:
1296 931 1451 990 quae
1490 913 1833 989 comparate
1872 910 1951 970 ad
1993 927 2276 988 corpora,
2323 910 2611 973 essentiae
2649 929 2832 990 purae
2869 921 3034 985 sunt,
3073 909 3370 988 simplices
3409 911 3466 970 ὅτ

548 993 777 1068 bonae,
816 991 1273 1071 ingenerabiles,
1314 994 1371 1052 δι
1410 990 1913 1068 incorruptibiles:
1956 1006 2110 1066 quae
2148 1005 2258 1050 suo
2299 991 2483 1050 modo
2503 991 2863 1070 intelligunt,
2886 992 3164 1051 volunt&
3185 1001 3462 1068 possunt,

550 1074 661 1133 διο.
723 1071 1105 1133 Perficientur
1142 1083 1342 1133 autem
1379 1073 1529 1134 haec
1570 1070 1771 1132 omnia
1806 1069 1869 1131 in
1908 1069 2084 1131 nobis
2123 1067 2185 1128 in
2225 1070 2422 1137 futura
2459 1071 2610 1150 vita,
2649 1071 2711 1132 in
2750 1087 2870 1150 qua
2910 1073 3072 1132 Deus
3113 1069 3222 1131 erit
3261 1069 3464 1130 omnia

548 1150 611 1212 in
651 1149 949 1213 omnibus.
1008 1153 1223 1212 Amen.
1799 1212 1818 1235 0
2341 1181 2349 1188 ·⁴

844 1540 921 1598 X.
1000 1538 1132 1597 DE
1192 1539 1699 1599 AETERNA
1762 1541 1943 1600 DEI
1997 1539 3152 1602 PRAEDESTINATIONE.

648 1713 812 1780 Ciam
858 1737 943 1779 ex
986 1726 1249 1779 aeterna
1285 1717 1877 1800 praedestinatione
1920 1721 2052 1782 Dei
2093 1728 2411 1801 tanquam
2439 1718 2632 1802 sonte
2666 1723 2954 1802 perenni,
2989 1727 3188 1780 totum
3223 1717 3463 1781 salutis

550 1817 815 1871 nostrae
869 1806 1292 1890 mysterium,
1348 1809 1417 1872 ἂ
1462 1809 1689 1874 omnia
1734 1808 1977 1874 diuina
1994 1809 2333 1903 ⁴‚beneficia
2363 1809 2640 1892 fluant,·
2687 1809 2808 1894 qui
2850 1807 3101 1873 salutis
3147 1828 3302 1871 suae
3337 1809 3464 1890 pia

550 1897 787 1980 aliqua
857 1907 1225 1980 tanguntur
1302 1918 1499 1976 cura,
1548 1899 1721 1982 quid
1774 1899 1855 1964 de
1914 1921 1993 1964 ea
2054 1900 2151 1964 sit
2211 1899 2558 1964 tenendum
2607 1899 2666 1964 &
2711 1898 3124 1964 sentiendum
3143 1947 3159 1974 ,
3208 1918 3463 1962 summo

556 2007 703 2052 cum
747 1987 971 2051 studio
987 2036 1004 2065 ,
1052 1989 1174 2052 sea'
1210 1991 1279 2053 ἃ
1325 2009 1586 2054 summa
1633 2009 1779 2054 cum
1825 1992 2131 2056 cautione
2168 1992 2517 2074 exquirere
2539 1989 2780 2054 debent.
2835 1989 3029 2070 Quod
3045 1999 3122 2054 vt
3143 1989 3466 2053 commode

537 2077 921 2161 faciamus,
970 2078 1047 2140 de
1090 2101 1167 2144 ea
1212 2079 1486 2162 aliquid
1524 2081 1815 2158 dicturi,
1858 2081 2268 2164 confusionis
2305 2085 2374 2147 ἃ
2397 2082 2821 2146 obscuritatis
2844 2081 3164 2146 vitandae
3185 2084 3464 2154 caussd,·

548 2167 841 2232 methodo
859 2217 875 2244 ,
924 2189 1056 2252 qua
1102 2171 1209 2235 vti
1254 2181 1702 2236 conuenerunt
1744 2193 1972 2236 rerum
2026 2170 2450 2237 naturalium
2497 2171 2925 2255 indagatores
2943 2219 2958 2248 ,
3003 2171 3076 2234 in
3123 2185 3200 2234 re
3240 2171 3463 2236 omnia

546 2258 901 2324 naturalia
961 2260 1153 2343 longe
1208 2271 1568 2343 superante
1584 2311 1599 2339 ,
1656 2269 1964 2338 vtemur,·
2011 2263 2293 2327 videndo
2328 2266 2628 2348 primum
2674 2283 2764 2326 an
2812 2283 2922 2326 res
2965 2261 3046 2325 de
3089 2281 3222 2345 qua
3267 2281 3463 2343 quae-

549 2349 738 2413 ritur
780 2351 909 2427 sit,
962 2367 1021 2414 2.
1070 2351 1234 2436 quid
1266 2351 1366 2416 sit
1408 2353 1738 2432 nominiS,
1792 2371 1853 2436 3.
1902 2354 2069 2441 quid
2109 2354 2243 2430 rei,
2291 2373 2353 2434 4.
2394 2363 2684 2439 propter
2727 2353 2894 2440 quid
2931 2353 3029 2418 sit
3068 2371 3212 2428 res,
3240 2351 3462 2426 idest,

549 2461 716 2527 quae
761 2442 905 2507 sint
948 2463 1224 2507 caussae
1266 2443 1477 2509 illius.

1660 2647 1991 2708 Tuasm
2052 2662 2344 2707 Palus.

631 2842 680 2882 1.
762 2825 953 2883 Davu
990 2822 1514 2903 sapientissimum,
1554 2826 1713 2904 apud
1754 2846 1818 2887 se
1858 2828 1935 2887 ab
1975 2837 2220 2887 aeterno
2261 2824 2623 2899 decreuisse,
2663 2822 2809 2901 quid
2840 2842 2960 2883 vno
3004 2840 3247 2900 quoque
3278 2822 3465 2883 horni-

548 2901 689 2963 num
749 2901 849 2978 (de
910 2902 1022 2963 his.
1084 2921 1145 2963 n.
1208 2903 1349 2963 solis
1402 2907 1699 2995 agendum
1753 2906 1927 2967 nobis
1980 2905 2429 2983 proposuimuS,
2471 2906 2550 2964 de
2589 2903 2832 2981 Angelis
2875 2902 3023 2962 nihil
3062 2902 3298 2977 dicturi)
3339 2902 3467 2962 fieri

546 2983 727 3049 vellet
776 2982 981 3061 quoad
1042 2982 1676 3063 communicationem,
1732 2989 1790 3046 δι
1830 3005 1953 3046 non
1997 2985 2599 3045 communicationem
2641 2983 2890 3062 gratiae,
2931 2998 3070 3041 cum
3109 3002 3262 3059 pene
3301 2982 3465 3042 innu-

548 3059 695 3121 meri
735 3062 794 3121 S.
848 3060 1183 3138 Seripturae
1224 3062 1339 3123 loci
1380 3063 1442 3123 id
1482 3076 1767 3143 asserant,
1815 3084 1996 3125 nemo
2035 3064 2138 3142 qui
2179 3064 2546 3125 Christianus
2574 3062 2762 3123 videri
2785 3060 3066 3137 voluerit,
3085 3061 3464 3122 inficiabitur:

552 3142 691 3200 cum
710 3140 1017 3278 1principia
1056 3154 1299 3203 naturae
1339 3143 1401 3202 id
1438 3154 1732 3222 vtrunque
1773 3147 2060 3220 doceant,
2101 3164 2282 3211 nemo
2321 3142 2430 3203 nisi
2477 3143 2653 3203 etiam
2691 3142 2946 3203 hominis
2965 3142 3208 3203 nomine
3228 3140 3468 3220 indigna

560 3237 711 3297 nega
756 3230 819 3280 1t.

632 3318 687 3359 2.
765 3300 912 3359 Tale
952 3300 1256 3361 decretum
1271 3346 1289 3379 ,
1329 3305 1889 3363 Praedestinationis
1916 3302 2160 3365 nomine
2195 3302 2574 3380 exprimimus
2589 3347 2605 3379 ,
2637 3320 2710 3361 ex
2739 3318 2846 3361 vsu
2867 3300 3168 3362 Ecclesiae
3189 3304 3245 3361 δι
3267 3302 3467 3361 ortho-

551 3377 847 3438 doxorum
896 3380 1135 3439 Patrum
1153 3425 1171 3459 ,
1224 3384 1381 3458 Aug.
1436 3384 1505 3440 de
1543 3385 1701 3442 cinit.
1742 3386 1865 3442 Dei
1872 3428 1887 3461 ,
1928 3386 2030 3443 lib.
2077 3399 2167 3461 15.
2207 3402 2256 3442 c.
2305 3402 2355 3442 1.
2397 3386 2671 3456 Fulgent.
2713 3383 2811 3441 lile.
2859 3402 2916 3441 2.
2956 3383 3044 3441 ad
3073 3383 3325 3441 Monim.
3367 3380 3468 3457 qui

549 3456 624 3517 de
685 3456 885 3518 electis
948 3460 1005 3517 δι
1052 3462 1323 3538 reprobis
1362 3464 1545 3521 verba
1584 3462 1898 3541 facienteS,
1940 3460 2486 3539 praedestinationis
2524 3480 2736 3520 vocem
2779 3472 3160 3537 vsurparunt,
3199 3458 3468 3535 quamuis

554 3536 850 3599 interdum
904 3538 1085 3617 idque
1145 3539 1376 3617 saepius
1436 3540 1511 3599 ad
1562 3542 1783 3603 electos
1835 3542 2264 3615 restrinxerint,
2318 3542 2474 3601 vnde
2515 3552 2645 3600 orta
2685 3539 2898 3600 diuisio
2938 3540 2998 3599 in
3037 3540 3371 3617 genera-lem
3411 3542 3468 3599 ὅτ

551 3616 885 3693 specialem.
926 3616 1053 3679 Nos
1094 3622 1151 3677 in
1194 3620 1457 3679 thesibus
1498 3621 1825 3698 generalius
1866 3641 2097 3700 semper
2139 3621 2531 3699 accipiemus,
2572 3618 2804 3696 quoties
2841 3638 2964 3680 non
2995 3619 3050 3679 ei
3078 3617 3468 3679 adiecerimus

555 3696 903 3773 particulam
942 3698 1097 3757 hanc
1138 3698 1485 3759 Sanctorum
1503 3745 1521 3774 ,
1562 3701 1668 3759 sed
1709 3701 2015 3761 videamus
2055 3714 2295 3777 etymon
2337 3705 2390 3762 &
2430 3698 2918 3777 significationem
2959 3698 3138 3759 vocis

632 3795 689 3852 3.
770 3776 1015 3837 Graecis
1072 3781 1431 3857 προορίζοιν,
1470 3780 1629 3839 vnde
1672 3782 2055 3860 προορισμός,
2093 3780 2251 3841 idem
2284 3791 2374 3841 est
2403 3782 2564 3857 quod
2585 3778 2806 3838 Latinis
2811 3780 3291 3857 praedestinare,
3315 3775 3472 3835 vnde

548 3858 1031 3934 praedestinatio,
1072 3875 1191 3916 vox
1229 3857 1387 3917 enim
1428 3860 1473 3917 ἃ,
1512 3860 1747 3919 Graeca
1788 3862 1845 3919 δι
1883 3862 2094 3921 Latina
2134 3860 2422 3938 significat
2461 3862 2518 3919 &
2559 3857 2948 3919 determinare
2989 3878 3112 3918 rem
3153 3865 3470 3933 antequam

554 3936 679 4012 fiat,
732 3936 787 3995 &
824 3954 1134 4014 segregare
1176 3938 1429 4017 saetam,
1470 3938 1549 3997 ad
1587 3938 1748 3998 hunc
1788 3940 1883 3998 vel
1902 3938 2068 3999 illum
2091 3957 2279 4000 vsum.
2299 3950 2546 4015 vtraque
2565 3936 2915 4015 significatio
2935 3938 3033 3998 hic
3053 3939 3252 3997 locum
3273 3938 3473 3995 habet.

633 4034 691 4087 4.
772 4015 1053 4075 Indicatis
1115 4025 1315 4091 etymo
1368 4020 1423 4078 δε
1482 4017 1646 4078 vocis
1694 4018 2158 4097 significatione,
2199 4018 2602 4079 definitionem
2641 4016 3072 4095 aggrediamur.
3133 4018 3240 4075 Est
3277 4015 3474 4091 itaque

554 4094 1017 4155 praedestinatio
1033 4140 1050 4173 ,
1112 4096 1463 4171 generaliter
1522 4109 1800 4176 accepta,
1874 4098 2404 4177 simplicissimum,
2462 4096 2842 4159 iustissimum
2859 4141 2877 4172 ,
2955 4095 3475 4174 sapientissimum,

554 4172 917 4231 liberrimum
980 4178 1035 4235 &
1097 4175 1464 4236 immutabile
1515 4176 1630 4236 Dei
1682 4180 2015 4251 decretum,
2060 4194 2182 4254 quo
2226 4176 2382 4257 apud
2425 4196 2520 4250 se,
2560 4179 2638 4238 ab
2679 4187 2950 4255 aeterne,
2991 4175 3191 4237 statuit
3229 4174 3474 4253 gratiam

554 4252 893 4329 adoptionis
954 4254 1014 4313 in
1064 4255 1216 4313 filios
1272 4255 1470 4333 largiri
1510 4256 1663 4334 aliis,
1708 4255 1835 4315 aliis
1876 4276 1998 4317 non
2041 4257 2266 4337 largiri,
2309 4276 2418 4335 pro
2460 4257 2680 4335 placito
2723 4257 3040 4317 voluntatis
3083 4274 3254 4334 suae,
3295 4258 3350 4315 &
3389 4253 3476 4314 sic

554 4332 803 4411 gloriam
844 4350 1008 4392 suam
1050 4333 1477 4409 sapientissime
1517 4337 1805 4395 illustrare
1846 4337 1909 4410 (f.
1958 4339 2150 4412 1617).

3058 4431 3113 4493 5.
3197 4415 3471 4473 Praedes-
