3923 4875
15 1299 42 1334 ἢ
17 1053 54 1256 mur-“d
17 887 58 1012 5²ss
19 720 60 782 ‘3'ss
19 543 62 686 {fil-H-

11 1463 42 2232 *wwuuvanR-'m'un

1338 337 1664 382 mansas
1724 335 2377 384 rnnonoorcan.
3227 345 3341 406 243

420 499 694 562 salutaria
753 497 928 562 nobis
985 498 1364 579 contingunt,
1413 497 1578 560 cuius
1633 500 1905 560 meritum
1943 517 2287 560 exarescere
2328 517 2632 578 nunquam
2674 511 2899 579 potest,
2940 500 3063 563 siue
3104 505 3181 564 ad
3224 504 3351 584 ipsa

421 581 612 654 dona,
652 581 868 659 quibus
905 581 1070 641 Deus
1109 597 1220 640 nos
1259 577 1491 642 ornauit
1529 597 1682 657 quae
1721 589 1854 640 sunt
1894 579 2333 657 ἀμεταμέλητα,
2374 581 2548 640 Rom.
2577 600 2668 640 11.
2696 601 2787 658 29.
2830 583 3141 644 Praeterea
3160 603 3348 662 quum

417 661 657 722 Christo
717 679 856 720 vera
916 659 1034 722 fide
1088 658 1260 722 insita
1318 659 1424 738 sit,
1485 667 1744 738 caroque
1805 659 1881 721 de
1940 675 2119 720 carne
2183 657 2397 738 ipsius,
2448 661 2609 738 Eph.
2654 676 2707 738 5.
2754 681 2848 738 29.
2892 663 2971 723 ὁ·
3010 682 3109 740 3ο.
3155 665 3234 724 ab
3273 685 3349 728 eo

416 738 690 802 abscindi
727 751 850 818 atq.
891 739 1092 802 diuelli
1129 756 1433 817 nunquam
1473 738 1800 832 continget.

501 840 602 898 33.
679 822 990 882 Hactenus
1029 821 1105 882 de
1145 819 1437 882 adiunctis
1477 821 1780 882 Ecclestae
1821 816 2196 896 Catholicae,
2234 819 2352 881 iam
2385 818 2626 882 visibilis
2649 819 2940 897 quaedam
2968 833 3207 884 restant.
3253 827 3345 886 Ac

418 899 676 980 primum
735 898 978 978 quidem
1035 899 1202 978 quod
1258 919 1454 964 errare
1505 897 1690 978 possit
1739 919 1863 961 non
1903 910 1992 960 est
2032 897 2316 960 dubium:
2359 898 2579 962 etenim
2620 920 2753 962 alea
2797 904 2852 963 δι
2896 921 3114 982 sagena
3154 915 3243 964 est
3284 905 3343 966 in

419 979 636 1059 quibus
675 979 822 1042 boni
859 981 916 1040 δι
955 979 1096 1042 mali
1134 981 1338 1042 locum
1375 982 1616 1042 habent.
1654 978 1797 1042 Eius
1835 977 2013 1042 etiam
2054 977 2300 1040 scientia
2338 979 2683 1060 imperfecta
2720 991 2808 1042 est
2838 1026 2851 1040 .
2896 1000 2947 1044 1.
2994 983 3131 1044 Gor.
3168 1003 3256 1062 13.
3290 1006 3346 1060 4.

417 1059 502 1122 ita
559 1071 622 1121 vt
683 1079 852 1122 mens
909 1061 1120 1122 falsum
1169 1079 1283 1139 pro
1333 1079 1476 1122 vero
1523 1059 1782 1140 hauriat,
1823 1061 2117 1139 paleamq.
2158 1078 2269 1138 pro
2308 1077 2485 1140 auro,
2522 1061 2919 1124 fundamento
2958 1075 3343 1142 superstruat.

435 1161 460 1200 ι
474 1187 490 1200 .
536 1141 680 1203 Cor.
759 1183 776 1201 .
825 1160 915 1202 12.

496 1240 592 1298 34.
675 1159 1098 1282 v{rumtamen
1135 1231 1313 1300 prout
1350 1231 1486 1282 sunt
1525 1219 1904 1298 particulares
1936 1228 2175 1300 coetus,
2212 1217 2295 1280 ita
2334 1219 2530 1282 morbi
2566 1219 2947 1300 particulares
2987 1235 3125 1284 sunt
3170 1227 3257 1300 (vt
3287 1228 3342 1287 δι

415 1299 796 1377 vniuersales)
854 1317 1108 1378 quorum
1160 1299 1256 1376 alij
1309 1299 1589 1379 lethiferi,
1630 1300 1726 1377 alij
1768 1299 2088 1376 sanabiles:
2127 1299 2281 1361 adeo
2322 1311 2385 1362 vt
2423 1299 2790 1380 particularis
2830 1301 3097 1363 Ecclesia
3146 1323 3339 1368 errare

413 1380 674 1460 grauiter
713 1379 900 1458 possit
936 1379 998 1441 in
1036 1378 1186 1459 fide,
1225 1381 1408 1442 altera
1446 1390 1636 1441 stante
1671 1399 1776 1458 per
1815 1379 1930 1442 Dei
1968 1377 2216 1458 gratiam
2266 1379 2643 1474 singularem.
2680 1385 2742 1442 A
2782 1401 2865 1442 oc.
2906 1401 2964 1460 3.
3014 1403 3065 1442 1.

495 1476 595 1539 35.
677 1461 949 1522 Deficere
987 1463 1130 1522 vero
1171 1459 1550 1538 particulares
1591 1459 1886 1521 Ecclesias
1924 1463 1963 1520 a
2002 1461 2135 1520 Deo
2177 1463 2233 1522 &
2274 1471 2515 1522 veritate
2553 1461 2693 1522 satis
2753 1460 2914 1540 'quet
2953 1483 3029 1524 ex
3070 1463 3346 1540 plurima-
3448 1485 3455 1492 ·

413 1559 546 1602 rum
587 1539 1132 1633 florentissimarum
1173 1539 1583 1635 Ecclesiarum·
1615 1542 1906 1619 exemplo.
1922 1541 2079 1635 ‘haec
2107 1551 2306 1632 autem
2325 1539 2581 1602 desectio
2602 1543 2698 1621 fit3
2733 1543 2847 1634 Yel
2868 1541 3341 1624 ἀπαλλοτριῶσαι

413 1620 1748 1792 ὦξῗηὲωῶωὲηὲῗῗῗνῗῗωψφᾞῗ
1763 1619 3343 1780 μὲαέιξῑῗᾰῖῗῖἓῖῑᾶῗῖἓίῑῗέῗ’.ῑζῑῗῗξὲιὲἰ

419 1781 593 1841 valde
630 1789 940 1858 corrupta,
979 1791 1360 1873 permanent,
1394 1789 1456 1840 vt
1493 1799 1556 1840 m
1596 1777 1864 1842 Ecclesia
1900 1779 2250 1860 Israelitica,
2278 1800 2431 1860 quae
2464 1781 2617 1843 filios
2639 1783 2772 1843 Deo
2792 1781 3073 1862 gignebat
3092 1782 3340 1844 circum-

416 1858 676 1938 cisione,
713 1860 975 1922 Diabolo
1009 1864 1154 1922 vero
1192 1859 1508 1922 dedicabat
1546 1865 1602 1924 δι
1641 1862 1856 1924 alebat.

495 1943 594 2018 36.
674 1942 904 2001 Tamen
963 1941 1186 2001 nullam
1249 1938 1580 2002 Ecclesiam
1630 1957 1871 2020 prorsus
1922 1939 2315 2004 abalienatam
2350 1959 2478 2003 esse
2518 1945 2556 2002 a
2594 1943 2729 2002 Deo
2771 1944 2826 2003 δι
2867 1941 3111 2002 foedere
3152 1939 3333 2020 ipsius

419 2018 740 2082 dicendum
779 2030 896 2098 est,
933 2016 1071 2080 licet
1110 2020 1282 2081 valde
1319 2031 1562 2100 aegrota
1599 2023 1656 2082 δι
1693 2019 1989 2098 adultera,
2029 2019 2225 2082 donec
2264 2023 2429 2082 Deus
2467 2039 2638 2083 suum
2678 2021 2887 2082 foedus
2911 2021 3341 2082 matrimoniale

413 2098 470 2161 ei
524 2099 801 2178 eripuerit
815 2145 834 2178 ,
875 2099 1049 2192 sibiq.
1089 2101 1469 2180 assumpserit
1553 2121 1685 2163 eam
1727 2098 2006 2162 deserens
2045 2111 2108 2162 vt
2147 2099 2439 2164 adulterio
2478 2101 2945 2180 coinquinatam.
2984 2103 3103 2163 Ies.
3148 2118 3243 2180 50.
3291 2123 3339 2162 1.

421 2181 608 2256 Quod
659 2199 782 2242 non
823 2180 1048 2240 tamdm
1087 2181 1220 2258 fiet,
1258 2145 1542 2259 quamdiu
1583 2200 1656 2243 ea
1695 2190 1876 2260 caput
1889 2225 1906 2260 ,
1946 2187 2198 2261 eamque
2237 2192 2416 2264 caput
2456 2179 2757 2244 retinuerit
2796 2179 3035 2261 publica
3054 2181 3343 2262 significa-

427 2259 592 2322 tione
631 2258 854 2340 gratiae
893 2259 1180 2321 vocantis.
1228 2263 1346 2322 Col.
1390 2281 1444 2321 2.
1490 2282 1516 2321 1
1567 2306 1584 2322 .

492 2357 592 2418 37.
674 2342 818 2401 Hoc
857 2349 1057 2401 autem
1095 2359 1219 2402 non
1259 2360 1372 2403 nos
1410 2342 1527 2403 late
1571 2339 1617 2403 it
1633 2388 1652 2420 ,
1693 2341 1839 2402 dum
1879 2343 2160 2422 τεκμήρια
2198 2360 2304 2404 seu
2342 2351 2515 2403 notas
2552 2343 2590 2402 a
2631 2339 2868 2402 Christo
2900 2340 3196 2402 adhibitas
3216 2341 3340 2404 dili·

409 2430 619 2500 genter
659 2419 1123 2501 perpendemus:
1164 2437 1318 2501 quae
1359 2433 1497 2483 sunt
1528 2423 1710 2484 Sacra
1735 2421 2039 2501 Scriptura
2056 2466 2075 2500 ,
2094 2423 2269 2485 Ioan.
2297 2443 2387 2484 ro.
2414 2440 2508 2499 27.
2528 2421 2980 2483 instrumentum
2999 2432 3339 2485 contractus

515 2500 650 2563 tiosi
707 2519 1035 2583 appensum
1092 2500 1274 2563 fronti
1332 2505 1389 2564 &
1428 2502 1658 2595 pectori
1695 2499 2001 2565 Ecclesiae
2050 2502 2241 2579 (cuius
2280 2514 2368 2565 est
2418 2502 2889 2579 fundamentum)
2930 2504 3339 2583 Sacramenta,

409 2521 629 2643 glaub.
675 2585 768 2642 28.
817 2602 843 2641 1
893 2627 906 2641 .
946 2582 1120 2642 Rom.
1161 2603 1219 2657 4.
1269 2602 1294 2643 1
1309 2603 1361 2645 1.
1400 2582 1592 2662 stgilla
1630 2582 1812 2677 ipsius
1825 2628 1844 2662 ,
1884 2590 2064 2659 atque
2108 2600 2317 2645 eorum
2355 2580 2786 2645 administratio
2816 2585 2871 2643 δι
2904 2582 3243 2645 obseruatio
3264 2603 3337 2644 ex

413 2659 720 2723 Ecclesiae
760 2681 830 2723 or
875 2660 888 2673 '
933 2680 968 2721 e
1008 2660 1252 2739 publico
1293 2664 1331 2723 a
1371 2664 1505 2725 Deo
1544 2661 1834 2725 instituto.
1873 2666 2005 2723 Act.
2052 2681 2106 2721 2.
2147 2683 2223 2737 42
2270 2664 2337 2740 (f.
2385 2666 2583 2743 1712).

489 2744 588 2819 38.
669 2742 814 2803 IIlae
866 2750 1064 2802 autem
1114 2740 1317 2803 literae
1357 2744 1414 2803 δι
1452 2742 1644 2821 sigilla
1682 2739 1940 2804 foederis
1979 2742 2250 2807 absolute
2290 2747 2345 2805 δι
2386 2746 2530 2821 pure
2569 2750 2705 2805 sunt
2746 2752 2953 2819 notae,
2995 2758 3149 2820 quae
3191 2741 3336 2803 nihil

410 2820 658 2883 humani
708 2819 1040 2882 immixtum
1092 2822 1352 2903 habent,
1403 2842 1516 2885 nec
1553 2821 1614 2883 in
1655 2842 1720 2885 se
1761 2822 1940 2884 vllam
1984 2821 2211 2903 labem,
2257 2844 2307 2883 1.
2347 2824 2475 2883 Pet.
2522 2844 2571 2884 1.
2619 2840 2712 2899 23.
2754 2823 2847 2884 vel
2887 2820 3337 2901 corruptionem

412 2903 763 2962 contrahere
815 2910 1086 2978 possunt:
1142 2904 1356 2963 horum
1397 2906 1539 2965 vero
1579 2900 2009 2963 administratio
2049 2903 2106 2962 δι
2146 2914 2291 2966 nota
2330 2913 2419 2965 est
2455 2906 2512 2965 δι
2552 2902 2726 2965 simul
2766 2902 3017 2963 fructus:
3058 2912 3230 2983 nota,
3272 2900 3334 2963 in

407 2998 516 3042 vsu
555 2980 852 3059 ipsorum:
893 2983 1146 3060 fructus,
1187 2980 1250 3041 in
1287 2982 1614 3044 substantia
1651 2987 1689 3044 a
1727 2980 1884 3043 notis
1925 2982 2130 3045 fluens.

405 3062 736 3203 12225’6203
771 3060 888 3121 ¹²²⁰
925 3061 1950 3205 {ittfflsseffissnissffssssfflifflffi
1970 3060 3335 3205 2350‘33’vssessoffissg'fflss‘stssekdffi‘ssrffi‘

404 3220 579 3298 sibiq.
617 3160 924 3282 οἱῆοῖῗέο
923 3218 1348 3283 demandatum
1388 3188 1718 3301 exequitur:
1760 3162 2051 3303 homiri‘is,
2086 3162 2189 3301 qg
2222 3222 2370 3285 illud
2392 3220 2637 3303 exponit
2654 3220 2983 3283 secundum
3004 3222 3115 3284 sibi
3138 3188 3339 3285 datani

406 3300 742 3377 scientiam,
781 3302 1002 3380 zelum,
1041 3309 1395 3380 caeteraque
1435 3302 1616 3365 dona.
1659 3304 1726 3363 E
1759 3304 1821 3363 Ιι.
1865 3321 1920 3376 4.
1969 3319 2022 3378 7.

485 3400 582 3455 4ο.
666 3379 829 3441 Hinc
868 3382 966 3461 fit,
1009 3392 1071 3443 vt
1110 3384 1234 3460 quo
1275 3380 1478 3460 purior
1512 3382 1624 3445 erit
1741 3379 2091 3443 ministratio
2132 3382 2331 3463 verbi,
2370 3386 2427 3445 δι
2471 3382 2990 3444 Sacramentorum
3012 3380 3342 3443 secundum

405 3460 704 3599 (ἔὲᾱίιιεω.
718 3464 756 3521 a
795 3462 942 3600 De}
969 3458 1328 3541 institutum,
1367 3464 1424 3523 δι
1463 3473 1645 3542 prout
1681 3466 1719 3523 a
1759 3460 2026 3524 Domino
2066 3464 2341 3525 Pastores
2377 3462 2664 3542 accepere
2680 3509 2699 3541 ,
2741 3464 2813 3524 eo
2845 3459 3049 3541 purior
3068 3460 3341 3524 Ecclesia

483 3549 619 3600 tura
657 3549 748 3601 sit.
795 3560 846 3601 1.
935 3561 1025 3601 or.
1077 3560 1168 3603 11.
1213 3561 1308 3619 23.

493 3639 590 3694 41.
671 3622 814 3681 Hoc
853 3632 1052 3681 autem
1101 3622 1292 3699 probe
1329 3620 1512 3683 scitur
1543 3620 2049 3701 contemplatione
2088 3620 2459 3685 instrumenti
2496 3620 2952 3683 fundamentalis
2990 3620 3161 3701 regni
3196 3620 3345 3699 Dei,

400 3718 616 3777 nempe
675 3700 1014 3780 Scripturae
1064 3702 1314 3780 Sacrae,
1367 3702 1585 3764 loann.
1640 3718 1694 3781 5.
1739 3721 1836 3780 39.
1879 3721 1986 3780 per
2025 3720 2207 3781 quam
2246 3700 2677 3765 administratio
2716 3702 2826 3763 ista
2864 3700 3171 3781 probatur.
3210 3704 3343 3764 Act.

412 3797 502 3853 17·
554 3800 638 3845 ιι.
675 3780 788 3841 Per
831 3790 1086 3859 vtrumq.
1127 3785 1271 3844 vero
1315 3781 1584 3843 Ecclesia
1617 3801 1758 3844 vera
1797 3783 1877 3843 ab
1917 3781 2260 3844 adulterinis
2294 3782 2690 3863 dignoscitur:
2737 3782 2916 3842 Vnde
2939 3784 3188 3861 August.
3212 3792 3341 3862 cap.

409 3878 434 3918 1
447 3878 498 3918 2.
542 3861 612 3919 de
650 3862 816 3923 Past.
859 3862 1019 3921 nullo
1061 3863 1228 3922 modo
1265 3864 1632 3938 cognoscitur
1671 3882 1820 3941 quae
1859 3865 1940 3924 sit
1975 3880 2121 3925 vera
2160 3864 2425 3925 Ecclesia
2464 3864 2689 3929 Christi
2704 3864 2823 3923 nisi
2844 3870 2958 3939 per
2979 3861 3343 3943 Scripturas.

479 3958 574 4013 42.
659 3942 894 4001 Praeter
937 3939 1050 4001 ista
1089 3941 1169 4002 ad
1208 3941 1505 4019 officium,
1545 3941 1870 4022 decorum,
1908 3942 1967 4002 δι
2008 3942 2163 4005 bene
2204 3961 2333 4005 esse
2374 3946 2463 4021 (vt
2502 3945 2748 4019 vocant)
2793 3940 3097 4003 Ecclesiae
3114 3986 3131 4021 ,
3152 3940 3345 4019 requi·

401 4018 548 4079 ritur
585 4020 1003 4082 mandatorum
1047 4019 1388 4082 diuinorum
1431 4022 1841 4099 obseruantia,
1885 4038 2043 4101 quae
2082 4022 2279 4101 posita
2317 4032 2409 4085 est
2445 4020 2507 4084 in
2546 4021 2799 4102 publicis
2836 4019 3049 4083 officiis
3080 4040 3345 4083 commu-

401 4097 599 4159 nionis
639 4098 904 4161 fidelium
923 4146 944 4181 ,
996 4099 1058 4161 in
1101 4100 1412 4180 disciplina
1451 4100 1894 4163 Ecclesiastica.
1911 4102 2209 4164 conformi
2252 4104 2311 4164 S.
2353 4102 2719 4182 Scripturae,
2758 4102 2821 4164 in
2862 4100 3075 4163 officiis
3114 4100 3349 4180 pietatis

398 4197 542 4256 erga
582 4180 781 4241 Deum
797 4226 814 4259 ,
859 4179 918 4240 in
960 4178 1252 4242 exercitiis
1299 4179 1762 4260 resipiscentiae,
1799 4182 1856 4242 δε
1892 4182 2192 4243 donorum
2236 4181 2577 4245 diuinorum
2616 4181 2767 4244 seria
2786 4180 3169 4243 meditatione
3188 4182 3349 4275 apud

401 4276 514 4349 nos
529 4302 547 4335 ,
599 4258 798 4337 deniq.
848 4259 909 4320 in
949 4260 1166 4322 officiis
1204 4260 1506 4323 charitatis
1544 4264 1601 4323 δι
1641 4260 2111 4324 mansuetudinis
2148 4281 2290 4342 erga
2329 4262 2665 4344 proximos:
2706 4271 2831 4323 tum
2852 4262 3091 4341 publica
3112 4262 3347 4323 ordina-

399 4347 567 4399 tione
606 4339 976 4421 procuratis,
1022 4360 1074 4402 1.
1127 4342 1280 4402 Tim.
1324 4344 1381 4403 8.
1430 4362 1480 4403 1.
1525 4352 1648 4403 tum
1687 4340 1922 4421 priuato
1964 4339 2195 4423 cuiusq.
2237 4342 2456 4407 studio.
3110 4424 3189 4482 Pr

2947 4440 3044 4501 43.
3188 4432 3350 4483 aeter
