3923 4875
636 0 713 20 νυ
1674 0 2081 20 agnus-uv-
2145 0 2360 16 ιειιιυ
2421 0 2461 16 a·

592 135 895 228 tempore?
938 140 1077 198 cum
1116 149 1237 198 tam
1278 154 1489 214 parum
1528 136 1589 196 in
1630 136 1730 214 iis,
1772 155 1877 214 per
1917 153 2070 213 quos
2103 133 2332 196 efferri
2314 152 2507 213 ipsum
2529 145 2798 212 oportet,
2829 139 3180 228 plerumque
3199 137 3546 209 radicetur,

599 220 655 278 &
704 217 1033 278 radicatum
1080 219 1233 278 adeo
1284 217 1483 278 multis
1538 215 1721 295 spinis
1784 221 1841 278 δι
1908 216 2172 277 sentibus
2239 217 2610 292 praefocetur
2626 262 2646 296 ,
2683 235 2830 293 quas
2871 235 2985 276 nos
3025 214 3138 293 ipsi
3177 217 3544 293 plerumque

596 299 757 359 sacto
794 307 1003 360 nostro
1044 296 1557 376 imprudentiaque
1600 297 1661 356 in
1700 315 1849 358 aruo
1892 295 2142 357 Domini
2181 291 2594 356 conserimus?

664 377 958 455 Equidem
1010 397 1133 438 non
1189 396 1434 470 possum
1488 379 1633 454 quin
1682 375 2196 437 vehementissime
2239 394 2628 437 commoueat
2645 421 2660 450 ,
2702 375 2934 453 quoties
2973 375 3124 436 haec
3165 377 3320 436 mala
3367 377 3542 455 apud

590 477 687 521 me
726 468 969 536 reputo:
1012 475 1209 536 neque
1251 457 1396 518 mihi
1436 456 1753 535 voluptatis
1776 457 2120 549 ‘quidquam
2160 475 2286 518 esse
2325 467 2523 534 potest
2559 456 2622 518 in
2663 455 2732 516 iis
2773 455 3228 548 perscribendis,
3269 474 3536 533 quorum

589 539 979 630 perhorresco
1020 537 1414 616 cogitatione:
1458 539 1513 597 δι
1554 556 1707 616 quae
1744 535 1795 598 si
1834 537 1937 615 qui
1978 537 2218 614 indigne
2261 538 2452 598 serant
2490 540 2528 596 a
2567 556 2663 597 ιιιε
2703 536 3042 614 consignari
3083 535 3345 614 scriptis3
3385 548 3534 614 peto

592 640 667 681 ex
686 617 915 709 animo,
954 630 1017 678 vt
1049 621 1238 680 ferant
1280 617 1578 696 indignius
1617 637 1689 678 ea
1727 617 1855 677 fieri
1894 619 1974 678 ab
2011 616 2140 678 aliis
2179 635 2332 694 quae
2375 620 2414 676 a
2453 615 2630 678 nobis
2669 617 3136 708 perscribuntur,
3161 617 3360 676 Deum
3395 637 3533 678 oro.

591 701 693 761 det
742 696 919 760 nobis
970 697 1248 758 omnibus
1290 697 1510 758 iustum
1558 708 1972 789 argumentum
2023 696 2272 758 tollendi
2325 699 2360 758 e
2415 696 2619 758 medio
2659 699 2766 757 has
2805 695 3238 774 querimoniaS,
3283 701 3340 757 δι
3379 697 3534 757 ιιιιιιι

591 779 705 858 ipsi
751 777 989 840 delendi
1036 777 1387 854 scripturam
1442 797 1654 838 meam.
1696 776 1815 838 Sed
1856 776 2002 855 quid
2033 797 2072 836 a
2069 773 2243 854 gam?
2285 785 2592 838 taceamne
2630 777 2691 837 in
2730 787 2894 836 tanta
2933 777 3381 869 perturbatione
3423 795 3532 854 pu·

588 859 777 935 blica,
832 867 1115 936 tantoque
1154 857 1457 934 incendi0,
1510 857 1675 935 quod
1726 857 2020 936 plerisque
2071 856 2417 918 custodibus
2471 857 2932 934 dormientibuS,
2973 856 3138 917 aliud
3179 855 3494 934 agentibus
3511 904 3532 934 ,

590 949 700 1032 aut·
731 937 889 999 varie
930 937 992 998 in
1027 937 1221 998 studia
1259 937 1518 1016 abreptis
1552 940 1799 999 Satanas
1838 933 2154 998 excitauit?
2191 941 2353 998 certe
2393 938 2734 1029 incendium
2768 947 2858 998 est
2886 938 2950 998 in
2987 938 3134 998 orbe
3164 936 3530 1010 Christiana.

588 1018 703 1081 nisi
761 1021 924 1080 Deus
984 1021 1019 1078 ὲ
1062 1019 1249 1080 'caelo
1308 1018 1704 1096 prospexerit,
1760 1016 1966 1078 omnia
2025 1028 2540 1095 consumpturum:
2596 1017 2777 1079 animi
2815 1017 3058 1078 humani
3099 1015 3218 1078 foci
3257 1029 3428 1092 sunt,
3467 1018 3534 1078 in

592 1099 807 1191 quibus
865 1109 1176 1176 peccatum
1234 1097 1766 1177 flagrat31inguae
1825 1098 1937 1158 hae
1999 1099 2170 1158 folles
2233 1108 2397 1175 sunt,
2443 1097 2578 1158 illae
2617 1097 2881 1172 fomites,
2921 1097 3138 1174 quibus
3182 1063 3530 1160 incendium

592 1177 781 1256 magis
832 1197 907 1238 ac
960 1177 1149 1256 magis
1203 1145 1551 1260 inardesc'it3
1592 1178 1806 1258 linguis
1844 1178 2175 1239 succedunt
2213 1178 2569 1239 Chartarum
2608 1177 3194 1239 virulentissimarum
3235 1179 3529 1256 plaustra,

594 1259 809 1336 quibus
864 1269 1147 1336 tanquam
1198 1225 1551 1336 malleoliS,
1572 1258 1898 1336 perrumpit
1952 1257 2293 1320 incendium
2345 1257 2407 1317 in
2449 1278 2658 1319 omnes
2697 1270 2924 1336 parteS,
2965 1276 3377 1336 quaecumque
3417 1257 3530 1319 lin·

592 1357 710 1418 gua
762 1338 995 1416 perflari
1042 1358 1167 1400 non
1215 1349 1491 1416 possunt.
1544 1337 1802 1418 denique
1854 1340 2018 1400 bona
2069 1358 2210 1417 pars
2251 1338 2570 1400 Christiani
2609 1337 2772 1400 orbis
2814 1341 2936 1399 hoc
2972 1349 3244 1416 tempore
3281 1341 3526 1398 bustum

596 1419 791 1510 potius
848 1418 1078 1480 videtur
1130 1437 1257 1479 esse
1311 1419 1673 1496 peruadente
1732 1421 1787 1479 δι
1828 1420 2060 1480 furente
2097 1418 2410 1493 incendi0,
2461 1423 2642 1496 quam
2683 1418 3001 1480 Christiani
3039 1417 3233 1496 gregis
3273 1417 3524 1479 domici-

595 1500 761 1560 lium.
823 1500 921 1559 An
980 1517 1125 1576 ergo
1178 1497 1241 1558 hi
1290 1495 1597 1576 pastores?
1646 1501 1759 1560 hae
1810 1517 1955 1560 oues
2009 1497 2258 1560 Christi?
2299 1517 2447 1576 quas
2490 1499 2552 1559 in
2591 1517 2702 1560 suo
2743 1497 3061 1559 miserabili
3091 1501 3269 1559 busto
3311 1499 3524 1560 misere

596 1578 772 1640 video
834 1575 1296 1639 contabescere?
1352 1580 1500 1639 Sunt
1550 1581 1711 1640 certe
1760 1590 2028 1656 pastores
2081 1579 2308 1658 adhuc,
2353 1589 2490 1640 sunt
2530 1596 2675 1639 oues
2715 1579 2962 1656 Christi,
3003 1580 3058 1638 δι
3099 1578 3320 1638 Christi
3354 1591 3525 1640 sunt:

596 1659 703 1720 sed
760 1657 931 1719 multi
988 1657 1051 1719 in
1103 1659 1223 1718 hoc
1278 1669 1431 1720 tetro
1486 1660 1542 1720 δι
1592 1659 1792 1721 lethali
1830 1657 2110 1720 incendio
2150 1678 2264 1720 nec
2303 1679 2367 1720 se
2411 1659 2626 1720 Christi
2669 1679 2829 1737 esse,
2871 1679 2984 1720 nec
3023 1676 3170 1718 oues
3211 1678 3368 1734 esse,
3413 1679 3528 1720 nec

594 1759 725 1800 esse
786 1749 1051 1817 pastores
1114 1739 1535 1800 meminerunt:
1596 1756 1783 1817 vsque
1842 1741 1996 1800 adeo
2059 1738 2326 1808 Christus
2379 1741 2766 1816 salutarisque
2818 1739 3005 1830 gratia
3045 1737 3198 1800 illius
3237 1737 3528 1818 grauitate

594 1818 761 1882 istius
821 1818 1101 1896 incendij,
1164 1822 1219 1880 δι
1278 1819 1611 1880 studiorum
1660 1830 2002 1880 nostrorum
2041 1819 2100 1879 in
2143 1819 2385 1896 publico
2425 1820 2546 1880 hoc
2583 1821 2742 1880 malo
2784 1819 3032 1896 vnitate,
3072 1817 3530 1895 animorumque

596 1898 889 1972 tenebriS,
943 1900 999 1960 δι
1046 1899 1254 1960 mundi
1306 1898 1607 1977 flagrantis
1658 1902 1823 1961 sumo
1862 1902 2271 1962 obscurantur.
2316 1899 2480 1976 Quin
2517 1899 2693 1977 igitur
2731 1899 2965 1976 dicam,
3005 1899 3172 1976 quod
3211 1899 3308 1958 ille
3347 1899 3530 1960 Elihu

598 1981 760 2058 apud
798 1977 1053 2042 Iobum?
1092 1980 1302 2072 plenus
1340 1997 1474 2040 sum
1514 1981 1918 2057 sermonibuS,
1958 1991 2224 2040 coarctat
2269 1999 2366 2041 me
2405 1979 2642 2057 spiritus
2685 1978 2905 2040 ventris
2947 1979 3092 2040 ιιιει·
3137 1998 3280 2040 ecce
3321 1993 3530 2040 venter

598 2078 765 2121 meus
804 2071 871 2120 vt
908 2059 1109 2150 vinum
1145 2061 1241 2121 cui
1281 2079 1405 2120 non
1446 2059 1743 2139 aperitur3
1785 2059 1937 2120 sicut
1973 2059 2120 2121 noui
2159 2071 2348 2138 vtres,
2389 2061 2748 2122 finderetur.
2793 2062 3072 2137 eloquar,
3113 2071 3176 2118 vt
3213 2058 3526 2137 respiratio

596 2140 672 2201 sit
712 2139 888 2200 mihi:
929 2139 1197 2218 aperiens
1236 2141 1391 2201 labia
1430 2160 1564 2200 mea
1602 2107 1956 2201 enunciab0.
1993 2159 2088 2218 ne,
2121 2157 2359 2218 quaesa,
2393 2139 2684 2218 accipiam
2724 2159 3042 2217 personam
3059 2139 3264 2216 vuius,
3285 2143 3344 2200 δι
3363 2140 3526 2217 apud

592 2237 951 2298 quemquam
980 2239 1106 2281 non
1136 2231 1265 2280 vtar
1284 2219 1666 2298 praefatione.
1689 2239 1811 2281 non
1853 2221 2015 2282 enim
2034 2219 2182 2281 noui
2215 2219 2676 2297 praefationibus
2699 2221 2818 2281 vti:
2857 2221 3162 2297 paululum
3183 2219 3234 2280 si
3253 2219 3527 2282 dissimu-

594 2301 812 2378 larem,
875 2301 1109 2362 tolleret
1166 2319 1265 2361 me
1326 2299 1431 2376 qui
1488 2300 1630 2360 fecit
1690 2320 1805 2362 me.
1864 2303 1997 2362 Iob.
2039 2320 2140 2392 32.
2187 2304 2278 2360 18.
2327 2321 2416 2391 ¹.9·
2462 2320 2558 2362 20.
2602 2321 2695 2360 21.
2739 2322 2834 2362 22.
2879 2303 2976 2361 Ac
3015 2303 3233 2361 multos
3275 2301 3524 2377 quidem

594 2379 754 2442 viros
812 2381 1007 2442 bonos
1023 2425 1041 2457 ,
1100 2380 1217 2441 Dei
1276 2381 1335 2441 &
1394 2380 1699 2442 Ecclesiae
1751 2379 2188 2443 amantissimos
2203 2424 2218 2454 ‚
2271 2379 2396 2442 scio
2471 2380 2683 2443 eadem
2742 2382 2927 2443 verba
2968 2399 3204 2441 mecum
3246 2393 3526 2459 reputare

595 2460 964 2522 sanctissimo
1022 2460 1581 2539 religiosissimoque
1638 2461 1865 2522 studio·
1852 2506 1869 2539 ,
1918 2464 2058 2521 cum
2115 2462 2193 2521 ad
2233 2462 2387 2521 mala
2426 2474 2548 2521 tam
2589 2464 2774 2521 multa
2813 2461 3166 2552 respiciunt,
3207 2481 3366 2537 quae
3403 2464 3528 2522 hoc

594 2552 800 2602 nostro
839 2543 1043 2603 seculo
1082 2540 1143 2601 in
1166 2540 1500 2601 Christiano
1543 2542 1691 2602 orbe
1730 2553 2068 2619 grassantur
2105 2540 2592 2605 licentiosissime.
2635 2543 2754 2602 Sed
2794 2541 2934 2619 quia
2973 2540 3060 2601 illi
3097 2553 3296 2602 tacent
3319 2560 3526 2602 coram

594 2621 962 2694 hominibus,
1024 2622 1393 2681 effundentes
1454 2637 1594 2681 suos
1648 2620 1902 2699 gemitus
1960 2622 2123 2699 apud
2181 2620 2511 2682 Dominum
2571 2623 2763 2681 solum
2803 2622 3179 2700 cognitorem
3219 2621 3526 2701 omnium3

594 2720 770 2779 spero
811 2722 907 2763 me
946 2702 1059 2761 illis
1100 2720 1225 2761 rem
1266 2713 1493 2779 gratam
1535 2702 1825 2762 facturum
1840 2746 1859 2778 ,
1898 2702 1947 2763 si
1991 2719 2340 2762 communes
2381 2701 2520 2779 ipsis
2558 2722 2634 2764 ac
2675 2702 2820 2762 mihi
2857 2703 3100 2763 dolores
3141 2704 3261 2761 hoc
3300 2702 3527 2778 scripto

594 2800 940 2857 expressero
954 2826 973 2859 ,
1032 2784 1087 2842 δι
1142 2779 1505 2842 Christianos
1561 2800 1769 2842 omnes
1810 2783 2052 2843 tandem
2091 2792 2267 2843 testes
2307 2784 2683 2859 appellauero
2724 2794 2852 2842 tum
2894 2782 3118 2842 doloris
3157 2781 3530 2843 acerbissimi

594 2860 749 2921 illius
802 2862 1013 2938 nostri,
1066 2871 1193 2921 tum
1246 2861 1423 2921 etiam
1465 2862 1672 2937 officij,
1714 2862 1881 2938 quod
1924 2873 2200 2923 testatum
2241 2862 2487 2922 facimus
2529 2866 2584 2922 δι
2624 2863 2992 2939 spondemus
3031 2862 3094 2921 in
3131 2861 3430 2939 Domino,
3479 2862 3528 2921 si

595 2941 750 3001 forte
801 2941 881 3001 ad
931 2941 1369 3019 restiguendum
1424 2939 1765 3003 incendium
1806 2942 2128 3003 commoda
2169 2941 2591 3026 Christianitati
2630 2960 2738 3019 per
2776 2944 3145 3002 voluntatem
3185 2940 3300 3002 Dei
3341 2962 3528 3019 opera

594 3032 799 3081 nostra
838 3022 1035 3082 futura
1074 3032 1183 3083 est.

674 3100 839 3175 Quid
879 3118 1023 3179 ergo
1064 3102 1321 3179 agimus,
1362 3102 1401 3163 ὃ
1442 3104 1649 3193 fratres
1668 3105 1724 3163 &
1745 3100 2044 3179 peculium
2063 3100 2320 3163 Christi?
2360 3100 2534 3193 quid,
2573 3120 2718 3179 grex
2741 3098 2998 3163 Christi?
3035 3101 3182 3179 quid
3195 3146 3214 3179 ,
3253 3112 3526 3179 pastores

592 3179 823 3271 gregis?
864 3200 1175 3258 quousque
1214 3183 1457 3242 tandem
1495 3181 1559 3242 in
1600 3180 1940 3260 Christum,
1984 3180 2046 3241 in
2086 3184 2353 3242 membra
2393 3182 2605 3260 ipsius,
2645 3190 2968 3259 nostraque
3006 3183 3274 3259 ipsorum
3295 3181 3524 3243 viscera

592 3258 917 3323 iniiciemus
964 3261 1253 3322 violentas
1306 3258 1553 3323 manus?
1592 3260 1687 3336 alij
1738 3260 1887 3323 alios
1922 3226 2360 3322 conteremus?
2401 3261 2713 3341 dentibuS,
2753 3263 3048 3339 vnguibus
3089 3258 3524 3323 lacerabimus?

590 3339 841 3417 pedibus
882 3338 1406 3419 proculcabimus?
1448 3344 1504 3401 δι
1545 3342 1871 3403 saeuiemus
1910 3342 2080 3403 omni
2118 3355 2338 3403 conatu
2377 3354 2617 3421 nostro,
2651 3354 2715 3402 vt
2752 3342 3040 3403 immanes
3071 3344 3264 3421 ferae3
3306 3360 3526 3419 quous·

592 3437 709 3498 que
760 3420 993 3499 linguae
1048 3421 1225 3499 gladij
1282 3420 1441 3481 acuti
1504 3422 1682 3481 futuri
1720 3417 1896 3481 sunt?
1955 3440 2264 3499 quousque
2305 3424 2540 3483 veloces
2581 3422 2766 3501 pedes
2804 3424 2884 3482 ad
2924 3424 3354 3483 effundendum
3396 3442 3528 3482 san-

585 3499 828 3578 guinem
896 3498 1349 3579 procurrentes?
1410 3519 1721 3579 quousque
1783 3520 1992 3563 manus
2071 3502 2150 3561 ad
2209 3503 2572 3563 horrendam
2635 3502 2935 3562 lanienam
2997 3506 3052 3563 δι
3115 3502 3524 3563 carnificinam

592 3578 991 3643 adiicientur?
1033 3583 1183 3641 Sunt
1220 3580 1377 3643 enim
1421 3601 1678 3658 quorum
1720 3581 1953 3660 linguae
1995 3582 2270 3660 priuatim
2319 3603 2394 3643 ac
2432 3583 2670 3659 publice
2709 3582 2856 3643 nihil
2897 3581 3010 3643 nisi
3047 3584 3228 3643 tubae
3269 3593 3408 3641 sunt
3445 3583 3528 3643 ad

586 3662 920 3721 canendum
960 3661 1239 3723 bellicum
1278 3661 1710 3740 paratissimae,
1756 3664 1821 3737 (f.
1847 3666 1988 3739 733)
2029 3662 2463 3723 inflammantes
2507 3674 2692 3723 totam
2733 3648 3085 3740 genittiram,
3125 3674 3423 3737 nostram,
3468 3666 3526 3723 ἅτ

586 3741 982 3803 inflammatae
1042 3746 1079 3801 a
1139 3743 1431 3819 gehenna.
1476 3744 1622 3803 Sunt
1662 3760 1917 3819 quorum
1960 3760 2170 3802 manus
2221 3744 2452 3803 calamo
2495 3746 2552 3805 δι
2593 3754 2926 3803 atramento
2965 3753 3191 3803 armata
3223 3742 3531 3820 perfundit

588 3820 989 3881 Christianum
1046 3824 1255 3883 orbem
1317 3821 1446 3882 telis
1486 3824 1660 3899 plane
1700 3823 2043 3884 lethalibus:
2085 3821 2301 3899 quibus
2341 3842 2464 3883 non
2507 3842 2792 3899 corpora,
2833 3824 2942 3884 sed
2981 3823 3167 3883 corda
3205 3821 3522 3883 hominum

590 3902 669 3960 ad
729 3914 981 3962 mortem
1044 3901 1156 3962 sibi
1216 3906 1270 3963 δι
1306 3902 1433 3962 aliis
1474 3902 1968 3963 consciscendam
2009 3902 2225 3963 furiose
2266 3903 2660 3964 adducuntur.
2703 3906 2852 3963 Sunt
2893 3921 3152 3979 quorum
3203 3902 3388 3979 pedes
3441 3904 3526 3963 ad

590 3980 969 4045 excursiones
1011 3987 1067 4044 δι
1106 4002 1433 4063 panegyres
1460 3982 1882 4061 expeditissimi
1906 3982 2238 4044 ministrant
2259 3982 2569 4045 diabolicis
2589 3983 2750 4046 furiis
2771 3984 2834 4045 ιιι
2857 3982 3256 4045 Christianum
3277 4002 3526 4060 gregem

3137 4064 3532 4143 irruentibus»,
