3923 4875
1401 353 1729 398 τιτι-333
1790 351 2442 399 Tnsonocrcan.
3261 341 3372 415 189

455 522 685 586 duabus
727 519 905 580 rebus
952 517 1062 579 sita
1101 527 1229 578 erat
1266 517 1664 597 paedagogia,
1704 526 1769 577 vt
1816 525 1980 595 patet
2021 535 2094 576 ex
2136 514 2266 595 ipso
2306 515 2670 578 tractationis
2690 515 2981 594 principio
2997 561 3014 592 ,
3043 517 3182 578 Gal.
3205 537 3260 594 3.
3287 537 3377 577 12.

450 605 553 664 vbi
604 605 798 682 legem
813 645 833 679 ,
882 598 959 658 de
1014 615 1133 675 qua
1170 596 1431 676 loquitur
1444 643 1463 677 ,
1503 596 1785 659 describit
1825 598 2182 676 Apostolus,
2223 615 2296 658 ex
2335 595 2730 675 promissione
2771 595 3155 657 conditionali
3188 598 3341 658 vitae
3362 643 3381 676 ,

456 683 745 744 moralem
796 678 1081 754 innuens3
1136 687 1344 755 postea
1384 681 1526 738 vero
1566 676 1862 757 plerisque
1899 677 2050 739 locis
2091 677 2458 739 ceremonias
2498 678 2710 738 multas
2750 687 3042 754 recenset,
3083 688 3149 737 vt
3189 675 3379 756 ipsum

452 764 530 825 de
568 763 684 823 illls
722 759 953 820 duabus
992 757 1308 819 coniuncte
1348 776 1549 837 agere,
1590 766 1887 836 appareat.
1939 758 2142 817 Galat.
2186 778 2243 832 4.
2292 777 2381 817 10.
2424 759 2533 818 διο.

535 863 631 917 44.
714 843 858 902 Huc
899 839 1196 917 pertinent
1237 837 1337 898 illa
1376 840 1893 900 Testamentorum
1933 835 2275 898 discrimina
2289 885 2308 914 ,
2345 839 2394 898 Ι.
2435 837 2600 916 quod
2632 834 2866 896 Veteris
2895 835 3188 897 mediator
3209 837 3380 898 fuerit

459 925 729 1002 MoyseS,
784 918 945 980 Noui
993 927 1191 978 autem
1242 917 1526 979 Christus.
1576 921 1755 980 Dent.
1800 935 1854 996 5.
1901 920 1996 980 26.
2033 918 2230 978 Hebr.
2273 921 2328 978 8.
2371 921 2428 978 6.
2471 915 2548 977 &⁵
2593 937 2685 978 12.
2730 936 2824 990 24.
2863 919 2943 976 H.
2983 917 3150 992 quod
3189 920 3377 978 Vetus

454 1003 514 1064 in
558 1013 763 1065 monte
802 1000 941 1060 Sina
982 999 1419 1077 promulgatum
1457 998 1659 1058 fuerit:
1702 1000 1945 1058 Nouum
1967 1008 2163 1058 autem
2185 1001 2219 1058 e
2240 997 2419 1058 Sione
2440 1000 2495 1058 &
2514 995 2949 1073 Hierosolymis
2971 997 3216 1058 exiuerit
3229 1043 3247 1076 ,
3267 1001 3374 1058 &c.

534 1099 631 1162 45.
709 1085 781 1141 In
820 1080 967 1140 haec
1012 1077 1215 1138 omnia
1253 1078 1335 1139 ita
1370 1077 1703 1156 impingunt
1741 1077 2035 1154 Pontificij
2053 1123 2070 1157 ,
2107 1089 2173 1138 vt
2212 1076 2540 1138 nouitatem
2559 1075 2730 1138 huius
2749 1076 3110 1137 Testamenti
3128 1081 3165 1137 a
3183 1087 3374 1139 vetus-

454 1174 574 1224 tate
628 1161 863 1222 alterius
901 1159 1251 1219 nullomodo
1293 1157 1625 1219 discernere
1664 1157 1988 1219 videantur.
2050 1160 2206 1218 Nam
2247 1161 2296 1219 I.
2334 1157 2698 1219 Testamenti
2736 1155 2888 1216 illius
2927 1157 3342 1219 conditionalis
3357 1203 3376 1237 ,

456 1243 621 1322 quod
670 1243 845 1321 plane
899 1249 1092 1300 morte
1140 1238 1359 1299 Christi
1399 1238 1507 1298 fuit
1544 1238 1861 1316 abolitum,
1904 1236 2108 1316 iugum
2148 1239 2478 1300 ceruicibus
2522 1235 2992 1298 Christianorum
3031 1236 3373 1315 Mponunt:

454 1323 633 1400 idque
685 1321 985 1394 absolute,
1037 1329 1102 1379 vt
1138 1317 1483 1379 iustificetur
1521 1317 1783 1397 quisquis
1824 1327 2098 1380 aeternae
2137 1318 2295 1379 vitae
2327 1321 2556 1379 futurus
2597 1327 2684 1378 est
2723 1319 2960 1396 haeres,
3000 1315 3164 1395 quod
3203 1337 3280 1380 ne
3317 1318 3378 1379 in

456 1403 649 1482 prisca
687 1400 929 1479 quidem
962 1398 1322 1459 Iudaeorum
1361 1397 1631 1460 Ecclesia
1669 1399 2050 1460 obseruatum
2090 1399 2216 1458 fuit.
2259 1401 2336 1460 11.
2378 1396 2818 1461 ceremoniales
2857 1398 3097 1458 vmbras
3111 1442 3129 1477 ,
3169 1398 3219 1459 si
3256 1416 3382 1459 non

456 1484 694 1544 easdem
755 1489 1043 1541 reuocant
1056 1524 1074 1557 ,
1127 1479 1333 1540 saltem
1379 1479 1689 1557 analogice
1728 1477 1917 1556 (quod
1958 1478 2146 1558 magis
2187 1489 2276 1539 est
2314 1478 2582 1558 impium)
2622 1479 2842 1557 fingere
2882 1479 2938 1537 &
2982 1478 3383 1539 obseruanda-⁴3

453 1563 685 1624 tradere
740 1557 1089 1622 Christianis
1103 1603 1121 1638 ,
1177 1559 1289 1620 sibi
1341 1569 1675 1620 assumunt:
1739 1557 1990 1634 Etenim⁶
2015 1557 2365 1620 Pontificem
2379 1605 2394 1630 ,
2437 1558 2787 1620 Sacerdotes
2801 1603 2818 1636 ,
2862 1557 3146 1618 sacrificia
3185 1557 3381 1638 expia-

456 1641 608 1704 toria
622 1688 640 1721 ,
681 1645 737 1702 δι
778 1638 982 1702 altaria
1018 1639 1269 1718 habent,
1310 1649 1543 1718 praeter
1584 1639 1933 1701 Pontificem
1972 1639 2048 1697 N.
2090 1641 2350 1701 Testam.
2392 1637 2689 1700 Christum
2712 1637 3008 1716 ipsiusque
3027 1637 3379 1699 sacrificium

455 1723 635 1784 semel
676 1721 739 1782 in
779 1736 957 1782 cruce
996 1728 1301 1797 peractum
1317 1765 1335 1798 ,
1376 1719 1471 1780 cui
1514 1720 1651 1779 cum
1690 1737 1899 1780 omnes
1938 1719 2188 1780 vmbrae
2227 1721 2530 1781 debebant
2569 1718 2782 1780 cedere
2797 1763 2816 1798 ,
2855 1736 2981 1779 non
3013 1717 3161 1778 aliae
3181 1735 3378 1779 succe-

454 1803 595 1864 dere
608 1848 627 1881 ,
686 1821 763 1862 an
822 1800 945 1861 hoc
1004 1817 1129 1859 non
1188 1798 1262 1860 sit
1299 1802 1745 1860 Testamentum
1779 1799 1908 1876 Filij
1951 1799 2286 1878 repudiare,
2326 1800 2438 1877 ipsi
2477 1799 2749 1861 viderint.
2809 1801 2916 1859 111.
2958 1797 3210 1859 Minoris
3253 1818 3380 1859 mo-

454 1881 637 1944 menti
685 1891 820 1943 sunt
868 1879 1304 1958 superstitiosae
1355 1889 1575 1958 vestes,
1617 1877 2121 1958 gesticulationeS,
2159 1882 2432 1941 locorum
2472 1878 2920 1941 obseruationes
2959 1881 3015 1940 δι
3056 1877 3378 1939 sanctifica-

455 1963 674 2042 tiones,
714 1959 857 2041 olei,
908 1974 1127 2037 aquae,
1169 1961 1227 2019 δι
1266 1959 1399 2021 salis
1445 1960 1691 2034 abusus,
1732 1961 1844 2020 διο.
1907 1959 2029 2021 Sed
2066 1959 2369 2038 impietate
2408 1978 2533 2021 non
2571 1969 2808 2036 carent,
2847 1961 2984 2018 cum
3025 1957 3140 2019 sint
3173 1969 3382 2020 contra

454 2041 743 2104 rationem
784 2039 1148 2102 Testamenti
1185 2039 1376 2118 Noui,
1418 2040 1758 2118 praesertim
1798 2041 1899 2100 vbi
1940 2039 2318 2100 conscientiis
2358 2058 2432 2100 ex
2468 2040 2816 2100 necessitate
2855 2039 3269 2100 obtruduntur.

532 2126 628 2198 46.
708 2125 911 2199 Atque
949 2121 1099 2180 haec
1138 2118 1214 2181 de
1252 2119 1645 2181 Testamentis
1685 2119 2053 2200 suffecerint3
2093 2120 2198 2181 sed
2231 2121 2368 2180 cum
2402 2120 2614 2181 foedus
2647 2137 2784 2180 cum
2806 2120 3152 2181 Abrahamo
3174 2119 3383 2181 initum

452 2203 631 2264 etiam
675 2220 813 2264 cum
856 2203 1241 2262 Testamento
1282 2200 1485 2261 Veteri
1523 2200 1833 2279 manserit,
1875 2198 2174 2278 quaeritur
2214 2199 2360 2278 quid
2400 2217 2474 2261 eo
2517 2200 2739 2260 factum
2780 2200 2953 2260 fuerit
2992 2199 3052 2259 in
3092 2197 3310 2262 Nouo?

530 2301 629 2360 47.
708 2285 786 2344 R.
828 2283 912 2342 Vt
952 2278 1176 2359 optime
1217 2296 1355 2341 cum
1395 2282 1473 2342 V.
1504 2283 1763 2341 Testam.
1786 2281 2056 2342 absolute
2078 2290 2316 2359 sumpto
2335 2279 2730 2341 conueniebat
2748 2278 2991 2340 foedus:
3014 2279 3095 2339 ita
3115 2279 3383 2342 Christus

453 2373 719 2425 seruator
778 2371 981 2423 noster
1034 2362 1418 2422 Testamento
1460 2377 1567 2421 suo
1609 2362 1821 2422 foedus
1837 2405 1854 2439 ,
1895 2361 2062 2439 quod
2103 2359 2430 2421 substantia
2467 2377 2574 2420 sua
2611 2361 2922 2437 Euangeff.
2970 2359 3379 2441 1666.)licum,

451 2464 572 2505 non
611 2441 901 2521 aboleuit,
940 2440 1049 2503 sed
1088 2441 1481 2502 confirmauit.
1524 2443 1680 2502 Nam
1715 2445 1770 2503 δι
1789 2440 1972 2503 hodie
1990 2443 2186 2518 DeuS,
2207 2441 2309 2519 qui
2329 2460 2403 2502 ex
2421 2441 2522 2518 filij
2546 2440 2636 2501 sui
2656 2442 3039 2501 Testamento
3061 2460 3172 2502 nos
3191 2460 3379 2519 regno

450 2526 757 2586 coelorum
802 2523 1019 2601 donat,
1058 2522 1236 2582 etiam
1275 2540 1382 2599 per
1422 2521 1669 2582 modum
1710 2520 1966 2583 foederis
2006 2540 2071 2583 se
2111 2521 2346 2599 piorum
2392 2524 2449 2582 δε
2487 2519 2726 2581 seminis
2768 2537 2975 2580 eorum
3017 2521 3217 2582 Deum
3251 2523 3378 2582 fore

451 2603 737 2683 spondet,
776 2606 833 2664 δι
874 2600 1184 2681 stipulatur
1222 2604 1261 2661 a
1298 2600 1474 2662 nobis
1488 2648 1506 2680 ,
1543 2611 1609 2662 vt
1648 2600 1710 2661 in
1751 2601 2082 2681 praeceptis
2123 2601 2242 2662 suis
2285 2602 2686 2662 ambulemus:
2731 2617 2850 2677 qua
2887 2601 3116 2662 ratione
3137 2601 3340 2663 fideles
3359 2646 3376 2679 ,

449 2685 649 2777 etiam·
681 2686 802 2776 hoc
849 2693 1148 2762 tempore,
1201 2681 1529 2742 Abrahami
1568 2681 1845 2743 dicuntur
1886 2680 2021 2759 filij,
2059 2700 2184 2743 non
2226 2682 2556 2743 secundum
2596 2699 2836 2742 carnem
2851 2724 2869 2759 ,
2911 2681 3016 2742 sed
3053 2681 3381 2741 secundum

498 2781 932 2827 romissionem.

456 2786 498 2844 p
529 2849 627 2921 48.
708 2846 1091 2923 Quapropter
1130 2840 1269 2902 hinc
1316 2845 1475 2903 recte
1516 2840 1922 2920 Anabaptistis
1963 2840 2360 2920 occurrimuS,
2401 2841 2750 2921 negantibus
2788 2841 2940 2901 filios
2980 2842 3216 2919 piorum
3258 2842 3380 2901 foe-

450 2926 687 2987 deratos
728 2942 857 2986 esse
896 2922 1000 3001 qui
1033 2922 1143 2983 sub
1183 2922 1399 2983 eodem
1442 2921 1683 2983 foedere
1723 2932 1859 2983 ante
1899 2921 2116 2984 Christi
2158 2922 2482 2983 aduentum
2517 2924 2572 2982 &
2606 2921 2667 2982 in
2701 2922 2943 2982 foedere
2963 2921 3382 2999 censebantur,

450 3007 507 3065 δε
544 3006 931 3067 Sacramento
974 3000 1456 3064 Circumcisionis
1498 3002 1560 3062 in
1600 3020 1675 3063 eo
1715 3002 2094 3063 initiabantur
2108 3047 2125 3080 ,
2175 3002 2382 3065 Genes.
2432 3024 2454 3061 1
2470 3018 2520 3077 7.
2566 3005 2621 3062 8.

528 3106 627 3165 49.
708 3085 829 3145 Sed
868 3085 1017 3145 haec
1057 3082 1307 3144 clariora
1346 3083 1490 3143 fient
1530 3100 1605 3142 ex
1644 3080 1986 3143 differentiis
2027 3100 2180 3159 quae
2221 3092 2357 3142 sunt
2389 3082 2452 3143 in
2485 3080 2934 3142 circumstantiis
2965 3080 3222 3141 foederis
3247 3090 3384 3159 post

448 3169 504 3227 &
546 3176 685 3227 ante
722 3162 943 3225 Christi
981 3163 1323 3224 aduentum.
1385 3163 1541 3223 Nam
1583 3163 1645 3221 in
1684 3162 1805 3223 hoc
1846 3173 1936 3222 est
1977 3160 2294 3222 discrimen
2335 3162 2717 3241 praecipuum
2757 3160 2922 3238 quod
2962 3161 3382 3238 amplificatum

448 3246 620 3307 fuerit
659 3250 699 3307 a
742 3242 1010 3322 Christo,
1053 3242 1135 3303 ita
1172 3252 1238 3303 vt
1277 3241 1631 3303 intermedio
1672 3240 1895 3321 pariete
1935 3240 2230 3319 disrupto,
2275 3244 2441 3319 quod
2482 3252 2608 3303 erat
2645 3241 2747 3301 vni
2789 3240 2950 3320 genti
2987 3240 3155 3318 quasi
3186 3240 3382 3320 alliga-

452 3335 607 3403 tum,
650 3326 767 3387 iam
807 3340 1079 3403 sparsum
1120 3322 1195 3383 sit
1234 3321 1384 3383 inter
1424 3341 1635 3382 omnes
1675 3332 1883 3401 gentes
1924 3320 2342 3384 communiter.

533 3422 625 3484 50.
707 3404 943 3465 Deinde
1002 3412 1207 3481 typus,
1267 3401 1370 3480 qui
1424 3401 1485 3462 in
1526 3402 1769 3463 foedere
1807 3404 2280 3495 proponebatur,
2324 3403 2618 3481 possessio
2665 3400 2890 3462 scilicet
2928 3411 3116 3463 terrae
3158 3401 3387 3462 Chana-

449 3503 735 3547 naeorum
750 3531 769 3564 ,
824 3503 899 3546 ex
946 3491 1351 3560 consequente
1406 3482 1723 3561 superioris
1764 3482 2119 3544 discriminis
2162 3482 2423 3543 sublatus
2465 3492 2571 3543 est.
2632 3483 2789 3542 Nam
2829 3480 2929 3542 illa
2970 3481 3120 3542 inter
3158 3500 3222 3541 se
3265 3500 3388 3541 non

448 3566 844 3644 conueniunt,
888 3562 1165 3626 omnibus
1203 3562 1479 3641 gentibus
1520 3580 1839 3624 commune
1880 3582 2010 3625 esse
2024 3609 2042 3641 ,
2084 3566 2140 3625 &
2180 3562 2494 3642 promissio
2539 3574 2728 3625 terrae
2770 3560 2925 3623 illius
2939 3608 2956 3641 ,
2999 3561 3276 3623 omnibus
3315 3559 3384 3620 iis

451 3645 553 3723 qui
593 3655 732 3708 sunt
770 3646 884 3706 sub
925 3644 1184 3705 foedere.

534 3741 565 3804 5
578 3746 629 3790 r.
709 3728 1021 3786 Postremo
1062 3724 1583 3785 sacramentorum
1625 3742 1750 3784 non
1792 3734 1883 3784 est
1922 3733 2148 3784 mutata
2187 3742 2309 3817 res,
2353 3723 2457 3784 sed
2493 3724 2861 3785 ceremonia:
2897 3722 3114 3783 etenim
3145 3719 3206 3781 in
3237 3722 3386 3798 Bap-

448 3805 625 3867 tismo
667 3802 1181 3867 circumcisionem
1222 3804 1511 3864 habemus
1552 3822 1677 3864 non
1717 3806 2150 3883 manufactam,
2189 3807 2245 3865 δι
2284 3823 2346 3864 in
2380 3822 2571 3865 coena
2606 3801 2854 3864 Domini
2872 3803 3100 3862 Pascha
3117 3810 3386 3861 nostrum

448 3906 563 3966 pro
605 3885 865 3965 peccatis
906 3883 1121 3946 nostris
1164 3893 1486 3945 mactatum
1528 3883 1755 3945 scilicet
1796 3884 2120 3947 Christum.
2165 3886 2378 3945 Coloss.
2425 3904 2476 3943 2.
2507 3905 2533 3944 1
2548 3905 2598 3945 1.
2639 3904 2728 3943 12.
2765 3903 2854 3959 13.
2885 3902 2934 3943 1.
2963 3882 3224 3941 Corinth.
3252 3898 3304 3959 5.
3332 3899 3386 3957 7.

448 3965 731 4046 Alioquin
774 3968 836 4027 in
876 3964 1231 4026 ceremoniis
1271 3964 1716 4025 obseruandum
1757 3975 1843 4026 oet
1886 3984 1988 4026 eas
2029 3974 2166 4025 ante
2208 3964 2384 4025 fuisse
2422 3982 2561 4025 cum
2601 3962 2916 4042 sanguine,
2958 3961 3226 4022 Christus
3242 3966 3386 4021 vero

445 4066 545 4108 eas
593 4048 675 4108 ita
726 4044 979 4107 mutauit
1019 4055 1083 4104 vt
1122 4046 1320 4105 nullae
1362 4057 1559 4106 essent
1603 4055 1915 4106 cruentae:
1960 4044 2100 4122 quia
2140 4046 2276 4105 cum
2316 4047 2518 4105 Patres
2564 4043 2757 4122 ipsum
2797 4039 3223 4120 redemptionis
3263 4060 3388 4102 mo-

445 4128 593 4187 dum
630 4145 756 4188 non
796 4126 878 4187 ita
920 4128 1076 4186 clare
1120 4124 1541 4218 intelligerent,
1586 4124 1647 4185 id
1691 4125 1916 4203 optime
1958 4126 2194 4203 sanguis
2235 4124 2620 4203 exprimebat.
2659 4126 2742 4185 At
2777 4125 2916 4183 cum
2939 4124 3038 4182 vel
3057 4120 3392 4182 rudioribus

448 4206 602 4267 inter
652 4225 766 4268 nos
817 4204 1067 4268 historia
1125 4205 1425 4284 sanguinis
1467 4203 1686 4266 Christi
1728 4206 1897 4267 effusi
1935 4224 2048 4284 pro
2091 4205 2266 4266 nobis
2304 4204 2609 4267 notissima
2645 4204 2752 4282 sit,
2793 4212 3048 4283 praestat
3087 4212 3152 4262 vt
3192 4202 3390 4261 Sacra-

452 4296 793 4349 mentorum
852 4285 1201 4349 ceremoniis
1264 4290 1319 4348 δε
1381 4285 1559 4363 signis
1618 4296 1947 4363 exponatur
2004 4286 2272 4364 corporis
2323 4285 2540 4347 Christi
2579 4285 2748 4346 fracti
2787 4288 2842 4346 δε
2881 4281 3179 4363 sanguinis
3219 4282 3387 4343 effusi

450 4367 717 4429 efficacia
733 4412 751 4446 ,
790 4367 957 4445 quod
997 4367 1228 4446 egregie
1268 4368 1335 4427 fit
1373 4383 1557 4447 aqua,
1596 4385 1751 4445 pane
1793 4368 1849 4426 &
1889 4366 2052 4428 vino·
3186 4438 3371 4517 Qubd

3012 4458 3104 4520 52.
