3923 4875
3214 350 3291 406 ⁴³

387 511 649 565 sanctum
708 525 1001 582 nunquam
1054 523 1174 566 esse
1224 525 1339 567 non
1384 511 1615 586 potest:
1670 509 1831 585 quod
1873 509 2114 586 denique
2141 509 2476 587 perfectum
2517 511 2822 572 secundum
2873 511 3068 571 Deum
3086 556 3105 592 ,
3149 512 3296 572 idem

390 603 480 657 est
522 597 749 656 omnino
789 615 861 656 ac
902 605 1125 676 semper
1166 599 1532 659 inmutabile.
1580 599 1647 674 (f.
1705 619 1778 676 13
1791 616 1821 676 7
1834 597 1926 682 3.)

488 707 519 748 2
532 689 569 746 8
649 687 872 747 Caussa
914 689 1201 767 efficiens.-
1216 696 1453 750 nostrae
1502 687 1845 766 neologiae
1887 689 2104 766 duplex
2147 691 2188 748 ὰ
2229 690 2389 750 nobis
2421 693 2674 769 ponitur
2687 711 2711 752 .·
2757 711 2874 753 vna
2902 694 3260 773 principalis
3273 737 3293 772 ,

390 780 470 840 ὅγ’
515 781 971 839 instrumentalis
1012 782 1226 841 altera.
1294 781 1437 860 Cap.
1484 798 1581 843 xv.

486 889 517 928 2
530 888 567 947 9
634 870 991 949 Principalis
1034 889 1243 931 caussa
1286 869 1547 950 efficiens
1592 873 1671 934 ὁ·
1713 873 1977 933 absoluta
2020 876 2257 930 nostrae
2307 870 2624 947 Theologia
2641 916 2659 950 ,
2697 878 2785 932 est
2814 872 2984 933 Deus
3013 874 3199 934 Pater
3229 877 3294 934 in

392 961 554 1022 Filio
581 969 703 1038 per
747 960 1031 1040 Spiritum
1074 982 1238 1022 suum
1282 965 1582 1040 inspirans
1624 981 1748 1024 eam
1762 982 1786 1022 .·
1830 970 1897 1024 vt
1934 963 2042 1041 qui
2079 964 2283 1022 unicus
2325 971 2414 1023 est
2426 1008 2444 1044 .‚
2489 970 2695 1023 auctor
2712 1008 2729 1041 ,
2775 965 2855 1023 ὁ·
2884 965 3122 1042 effector
3143 984 3292 1026 sum-

393 1072 521 1111 mus
566 1070 638 1111 ac
671 1052 1133 1129 perfectissimus
1174 1057 1490 1132 sapientiae
1530 1055 1702 1115 huius
1744 1057 1807 1115 in
1850 1055 2041 1114 seruis
2081 1055 2223 1114 suis.

485 1162 571 1220 30
635 1143 1107 1204 Instrumentalis
1148 1163 1355 1204 caussa
1398 1151 1487 1205 est
1524 1145 1697 1206 huius
1739 1148 2087 1224 sapientiae,
2125 1137 2316 1226 λόγος
2350 1139 2704 1233 προφορικδ
2709 1168 2770 1222 ς,
2797 1148 2894 1206 vel
2905 1164 3093 1207 sermo
3113 1164 3292 1208 enun-

392 1235 643 1294 ciatiuus
693 1232 850 1294 Dei:
896 1241 1015 1294 tum
1059 1238 1450 1315 spiritualiter
1465 1279 1485 1308 ‚
1532 1243 1652 1296 hcm
1697 1237 2025 1315 corporalis
2042 1280 2060 1316 .‚
2105 1234 2513 1312 corporaliter.

488 1343 526 1401 3
541 1343 565 1381 1
642 1324 816 1384 Finis
862 1325 1079 1403 duplex
1137 1333 1227 1386 est
1287 1327 1627 1403 Iheologiae
1640 1347 1663 1387 .·
1706 1347 1843 1389 nam
1892 1346 2039 1387 vnus
2075 1330 2329 1387 remotus
2371 1330 2459 1384 est
2499 1327 2594 1384 vel
2631 1345 2915 1387 summus:
2959 1329 3115 1388 alter
3157 1329 3294 1390 vero

380 1417 753 1492 propinquus
796 1417 874 1475 ὢ·
910 1418 1285 1477 secundarius
1328 1419 1404 1478 ab
1445 1437 1511 1478 eo
1528 1463 1547 1498 .,
1592 1437 1662 1479 ac
1703 1419 2113 1479 subordinatus
2158 1416 2252 1494 (vt
2288 1416 2634 1494 loquuntur)
2677 1418 2746 1477 ei.
2825 1418 2968 1494 Cap.
3013 1433 3141 1484 ΧΠ.

489 1524 525 1582 3
538 1524 569 1564 2
636 1505 976 1567 Primarius
1003 1509 1153 1586 finis
1196 1510 1294 1568 vel
1338 1527 1590 1569 summus
1643 1509 1703 1569 Τ
1694 1511 2020 1585 heologiae,
2067 1514 2154 1569 est
2185 1508 2392 1581 gloria
2436 1507 2562 1567 Dei
2570 1525 2592 1564 .·
2630 1507 2781 1566 hanc
2815 1510 2962 1568 enim
2991 1509 3302 1586 Zheohgia

394 1595 649 1656 omnibus
692 1599 1057 1676 spectandam
1103 1599 1358 1678 exhibet,
1422 1601 1499 1660 ἐπ’
1544 1619 1734 1660 omnes
1776 1603 1947 1660 etiam
1991 1599 2126 1660 boni
2161 1616 2267 1659 vsu
2311 1597 2626 1675 sapientiae
2667 1599 2838 1658 leuius
2880 1600 3133 1674 legitimo
3175 1619 3301 1660 eam

394 1692 663 1748 testatam
695 1686 944 1763 faciunt
956 1733 971 1764 ,
1003 1696 1200 1768 prout
1237 1693 1522 1767 sapientia
1565 1693 1922 1770 iustificatur
1969 1693 2008 1749 ὰ
2036 1691 2194 1769 filiis
2237 1691 2379 1749 suis.

486 1797 569 1854 33
638 1777 1029 1840 Secundarius
1069 1781 1219 1858 finis
1288 1781 1633 1855 Dteologiae
1688 1788 1925 1841 nostrae
1982 1783 2079 1841 vel
2102 1779 2540 1839 ·subordinatus
2556 1822 2574 1855 ,
2621 1785 2709 1838 est
2748 1780 3052 1840 electorum
3095 1781 3298 1842 bonum

389 1876 669 1945 praesens
713 1871 791 1929 ὁ·
823 1867 1097 1943 futurum
1112 1891 1135 1929 .·
1186 1890 1322 1930 nam
1364 1872 1571 1931 horum
1605 1874 1826 1951 pietati
1852 1871 2065 1948 factae
2107 1877 2246 1930 sunt
2267 1871 2689 1948 promissiones
2714 1870 2884 1931 huius
2923 1871 3002 1932 ὁ·
3020 1877 3298 1931 venturae

398 1961 587 2018 vitae:
631 1960 772 2020 haec
814 1968 1003 2022 autem
1055 1962 1365 2038 Theologia
1414 1969 1503 2022 est
1526 1964 1770 2040 pietatis
1812 1980 1989 2022 verae
2033 1963 2337 2040 sapientia.

490 2069 577 2126 34
654 2051 963 2126 mologia
1022 2059 1229 2112 nostra
1285 2053 1587 2113 secundum
1654 2053 1827 2130 quid,
1885 2055 2010 2112 siue
2079 2053 2388 2126 Theologia
2439 2052 2500 2110 in
2541 2051 2784 2112 subiecto
2828 2051 2987 2110 dicta
3003 2095 3022 2130 ‚
3066 2057 3154 2111 est
3191 2053 3300 2112 illa

397 2141 589 2199 eadem
642 2146 925 2222 sapientia
975 2163 1177 2203 rerum
1234 2143 1571 2205 diuinarum
1588 2189 1607 2222 ,
1664 2144 1997 2222 modificata
2037 2151 2159 2221 pro
2213 2145 2442 2202 ratione
2497 2159 2696 2200 eorum
2752 2141 3055 2220 hominum·
3098 2142 3300 2219 quibus

396 2233 575 2310 inest,
621 2234 699 2292 ὁ·
742 2253 816 2293 ex
858 2255 976 2312 qua
1027 2235 1303 2310 Theologi
1348 2235 1741 2314 appellantur.
1815 2235 1958 2312 Cap.
2005 2250 2146 2293 xvn.

489 2343 526 2400 3
539 2341 570 2402 5
642 2320 855 2404 Hujus
904 2327 1247 2401 Ilaeologiae
1288 2327 1350 2386 in
1393 2327 1634 2388 subiecto
1677 2324 1877 2385 modus
1919 2323 2313 2384 circumscribi
2349 2341 2464 2382 non
2493 2326 2717 2400 potest.-
2762 2327 2903 2400 quia
2949 2325 3026 2384 ἐπ’
3071 2326 3134 2384 in
3156 2341 3297 2384 vno-

398 2433 617 2493 quoque
658 2419 864 2477 variat
878 2462 897 2495 ‚
941 2418 1019 2477 ὁ·
1064 2420 1217 2477 inter
1262 2422 1472 2479 omneis
1516 2425 1603 2477 est
1642 2417 2088 2479 diuersissimas.

491 2506 573 2583 36
636 2508 713 2567 In
755 2527 1088 2586 unoquoque
1132 2510 1372 2569 uariat:
1419 2510 1560 2587 quia
1603 2512 1754 2569 inest
1786 2508 2086 2584 unicuique
2100 2504 2460 2584 principium
2483 2504 2698 2582 duplex
2719 2510 2942 2563 natura
2965 2506 3044 2565 ἐν·
3057 2505 3305 2579 gratia:

396 2616 647 2673 quarum
692 2598 855 2658 illam
898 2600 1176 2677 diminui,
1220 2600 1372 2659 hanc
1415 2602 1632 2674 augeri
1671 2617 1889 2659 necesse
1931 2602 2021 2657 est
2057 2598 2126 2657 de
2159 2595 2367 2672 gloria
2406 2595 2468 2653 in
2505 2596 2768 2669 gloriam
2811 2596 3028 2655 virtute
3062 2595 3307 2673 spiritus

400 2690 477 2748 ὁ·
523 2688 759 2766 efficace
822 2690 1163 2764 Theologiae
1206 2691 1725 2750 communicatione.

493 2797 527 2856 3
542 2796 571 2853 7
642 2780 809 2839 Inter
875 2781 1091 2840 omneis
1156 2782 1396 2841 variat:
1456 2782 1598 2859 quia
1655 2782 1793 2858 plus
1845 2780 1907 2839 in
1965 2778 2058 2838 his
2108 2780 2282 2854 quam
2326 2776 2390 2835 in
2434 2776 2554 2836 illis
2595 2782 2820 2836 natura
2863 2777 3146 2836 minuitur
3159 2820 3177 2853 ,
3223 2775 3302 2835 ὁ·

399 2870 707 2929 inualescit
746 2873 961 2945 gratia
975 2890 998 2930 .·
1059 2873 1170 2931 etsi
1206 2871 1299 2930 hic
1344 2891 1503 2932 nemo
1557 2890 1633 2931 ex
1674 2871 1926 2930 omnibus
1976 2875 2152 2929 totam
2183 2866 2457 2945 sormam
2501 2873 2738 2928 nostrae
2790 2868 3130 2942 Theologiae
3153 2874 3309 2944 per·

383 2958 549 3040 ficte
581 2968 695 3037 per
736 2963 931 3021 omnia
976 2962 1417 3039 comprehcndit.

492 3070 527 3127 3
540 3054 575 3109 8
645 3051 878 3111 Etenim
940 3056 1121 3111 totam
1180 3054 1405 3130 quidem
1467 3052 1901 3130 perfectamque
1948 3050 2222 3127 formam
2285 3046 2459 3109 huius
2525 3049 2868 3123 Theologiae
2921 3052 3312 3126 perceperunt

398 3140 729 3217 Prophetae
775 3144 852 3203 ἂν·
897 3144 1164 3221 Apostoli
1176 3189 1194 3220 .,
1248 3150 1317 3203 at
1356 3162 1472 3205 non
1508 3142 1765 3221 perfecti
1811 3146 1873 3204 in
1916 3161 2066 3202 sese:
2107 3156 2342 3215 eamque
2387 3145 2564 3199 totam
2607 3140 2986 3199 tradiderunt
3015 3136 3314 3211 singulari

398 3232 615 3291 virtute
656 3234 901 3310 spiritus
942 3236 1161 3310 reliqui
1199 3254 1389 3295 omnes
1403 3254 1425 3293 .-
1470 3252 1570 3294 nec
1613 3240 1790 3294 totam
1810 3280 1828 3312 ‚
1870 3252 1971 3293 nec
2006 3232 2286 3310 perfecte.

492 3342 575 3399 39
645 3324 857 3401 Itaque
888 3324 1103 3401 forma
1147 3326 1487 3401 Ilceologiae
1530 3331 1767 3385 nostrae
1807 3327 1871 3385 in
1914 3344 1976 3384 se
2019 3322 2244 3400 quidem
2287 3338 2404 3381 vna
2448 3327 2536 3380 est
2551 3365 2568 3398 ‚
2613 3327 2680 3380 vt
2721 3322 2856 3379 ante
2896 3319 3150 3378 diximus
3161 3360 3180 3389 ,
3213 3316 3320 3376 sed

399 3414 462 3471 in
521 3414 681 3474 nobis
722 3414 886 3473 modo
931 3422 1019 3475 est
1054 3417 1356 3493 multiplex
1369 3460 1389 3488 ,
1438 3422 1611 3492 atque
1647 3414 1878 3491 futura
1921 3419 2011 3474 est
2024 3459 2043 3492 ,
2088 3414 2262 3473 donec
2306 3418 2709 3471 concurrentes
2751 3412 2815 3470 in
2855 3412 3128 3471 unitatem
3160 3408 3316 3486 fidei

400 3504 477 3563 ἐπ’
542 3505 884 3579 cognitiones
938 3507 1091 3583 Filzj
1139 3506 1296 3585 Dei,
1339 3509 1565 3586 fiamus
1623 3508 1722 3566 vir
1773 3500 2072 3588 perfectus
2093 3549 2111 3582 ,
2174 3502 2597 3579 euehamurque
2658 3504 2775 3563 vna
2832 3502 2921 3561 ad
2978 3517 3309 3560 mensuram

400 3600 664 3659 staturae
706 3596 1029 3676 Ecclesiae,
1074 3616 1223 3675 quae
1262 3603 1350 3657 est
1389 3598 1849 3674 complementum
1903 3595 2145 3657 Christi.
2201 3592 2369 3671 Cap.
2414 3608 2583 3655 xvm.
2629 3588 2704 3675 (f.
2759 3612 2786 3654 1
2801 3611 2836 3672 3
2849 3611 2878 3668 7
2892 3594 2980 3669 4.)
