3923 4875
544 287 654 367 ηδ,
1497 305 1822 361 russas
1880 303 2534 365 τῌεφιοωςᾼε.

620 466 715 522 28.
796 463 1137 524 Secundum
1195 466 1444 526 alterum
1504 475 1703 526 autem
1762 476 2126 546 respectum,
2190 466 2521 542 libertatem
2576 463 2686 526 soli
2734 465 2869 526 Deo
2925 473 3266 542 competere
3281 509 3301 543 ,
3341 483 3453 528 nec

538 542 817 604 creaturis
858 541 969 602 nisi
1008 543 1178 602 valde
1218 543 1567 624 improprie,
1608 549 1663 606 δι
1702 547 1932 606 summa
1971 565 2109 607 cum
2148 546 2516 608 restrictione
2557 543 2734 606 tribui
2774 563 2948 622 posse
2961 588 2978 622 ,
3020 554 3184 605 extra
3215 555 3453 606 contro-

540 621 789 683 uersiam
828 631 944 682 est:
986 622 1111 700 ipse
1150 622 1309 684 enirn
1348 635 1437 685 est
1474 627 1635 688 solus
1676 629 2058 692 αὐτεξούσιος
2134 629 2173 685 a
2211 645 2309 707 se,
2348 625 2409 687 in
2451 646 2542 703 se,
2584 627 2640 686 &
2681 643 2786 702 per
2807 623 3248 703 seliberrimuS,
3273 643 3454 685 omne

536 719 625 762 ius
702 707 1173 781 potestatemque
1236 722 1298 764 in
1338 723 1539 770 omma
1591 709 1628 766 ὲ,
1676 724 1739 769 se
1779 707 2022 766 condita
2061 672 2315 786 liabenS,
2355 708 2411 766 &
2453 705 2618 766 cuius
2661 707 2934 765 voluntas
2973 707 3010 763 ἐι
3051 703 3212 764 nulla
3251 703 3456 768 extera

540 780 717 842 causa
754 781 1002 860 pendet,
1042 782 1361 862 regiturve,
1400 785 1506 846 sed
1546 784 1749 846 omnia
1787 787 1865 846 ab
1904 783 2025 846 ills.

620 882 715 938 29.
795 863 969 922 Haec
1008 861 1183 940 igitur
1222 863 1463 924 libertas
1498 863 1561 926 in
1599 867 1734 926 Deo
1774 865 2201 942 perfectissimo
2243 867 2426 928 modo
2469 865 2720 928 existens
2733 909 2752 938 ,
2792 862 3215 942 perfectissima
3255 873 3345 925 est
3359 910 3376 944 ,
3398 867 3456 924 δι

539 941 937 1020 πρωτότυποςς
978 941 1113 1002 Alia
1153 947 1295 1003 vero
1334 943 1505 1006 huius
1544 943 1613 1026 (f.
1660 946 1853 1021 1⁶54·)
1893 943 2091 1023 imago
2129 947 2387 1024 tanturn,
2429 949 2486 1006 δι
2525 943 2706 1005 veluti
2745 945 3046 1022 exemplar
3087 947 3175 1019 (vt
3214 947 3458 1018 vocant)

540 1019 1099 1098 repraesentatiuum
1112 1068 1132 1112 ,
1188 1023 1327 1082 ideo
1387 1023 1667 1084 creaturis
1724 1023 2180 1116 intelligentibus
2233 1045 2543 1104 concessa,
2597 1035 2662 1084 vt
2703 1023 2802 1101 ea,
2843 1033 3128 1101 tanquam
3169 1025 3460 1102 particula

545 1099 801 1178 quadam
840 1099 1159 1162 diuinitatis
1199 1103 1423 1181 ornati,
1464 1104 1787 1165 conditoris
1826 1121 1917 1165 sui
1955 1104 2268 1184 imaginem
2310 1105 2762 1184 quodammodo
2802 1105 3106 1164 referrent.

627 1198 726 1256 30.
804 1181 941 1240 Hae
980 1193 1178 1242 autem
1218 1193 1517 1245 creaturae
1557 1183 1740 1245 dussm
1779 1180 1915 1245 sunt
1958 1204 2270 1263 generum:
2332 1186 2505 1246 Aliae
2545 1184 2703 1246 enim
2743 1194 2878 1243 sunt
2920 1183 3367 1260 irnmateriatae,
3399 1193 3460 1242 vt

547 1257 793 1338 Angeli:
834 1260 979 1320 aliae
1022 1261 1361 1324 materiatae
1374 1309 1392 1342 ,
1433 1275 1495 1324 vt
1534 1263 1824 1325 homines·
1864 1267 2010 1326 Illae
2051 1276 2320 1326 naturam
2358 1266 2724 1344 superiorem
2745 1265 3058 1340 duntaxat,
3079 1265 3190 1323 hae
3219 1267 3275 1324 δι
3295 1281 3462 1340 supe-

548 1337 764 1400 riorem
782 1383 799 1418 ,
829 1343 884 1400 &
916 1338 1251 1404 inferiorern
1284 1342 1668 1422 participant,
1691 1347 1747 1406 δι
1768 1363 1878 1422 pro
1900 1345 2204 1422 communi
2222 1346 2523 1406 actionum
2543 1361 2780 1406 suarum
2800 1341 3090 1422 principio
3110 1352 3462 1420 agnoscunt.

626 1439 722 1494 31.
805 1419 1082 1499 Vtrisque
1142 1433 1337 1484 autem
1398 1423 1561 1484 Deus
1622 1423 1834 1486 indidit
1882 1423 2211 1486 intellectus
2261 1429 2458 1487 lucem
2475 1470 2492 1504 ,
2538 1427 2593 1484 δι
2631 1425 2970 1502 facultatem
3011 1422 3357 1500 voluntatis,
3398 1433 3463 1498 vt

546 1497 898 1578 principium
960 1502 1250 1585 singulare
1296 1501 1598 1565 actionum
1653 1521 1889 1567 suarum
1928 1504 1990 1566 in
2029 1505 2170 1584 ipsis
2185 1551 2204 1586 ,
2243 1524 2365 1584 quo
2407 1525 2515 1584 per
2554 1524 2617 1566 se
2656 1504 2819 1582 ipsae
2859 1505 2938 1564 ad
2979 1503 3241 1566 actiones
3279 1503 3464 1572 libere

549 1589 957 1660 mouerentur,
998 1584 1053 1642 &
1093 1583 1277 1643 modo
1316 1593 1481 1644 actus
1518 1584 1851 1660 voluntarij.

632 1678 729 1734 32.
808 1661 994 1720 Porro
1048 1662 1167 1723 hoc
1204 1662 1556 1754 principium
1593 1664 1654 1724 in
1696 1664 1995 1725 creatione
2035 1675 2292 1738 rectum,
2333 1677 2629 1744 sanctum,
2671 1665 2951 1740 nullaque
2991 1661 3462 1738 inordinatorum

546 1737 913 1816 appetituum
966 1741 1101 1803 labe
1154 1753 1619 1804 contammatum
1635 1789 1652 1820 ,
1690 1744 2026 1806 intellectus
2065 1747 2193 1822 (qui
2229 1756 2474 1824 propter
2513 1744 2777 1806 innatam
2820 1743 2932 1804 sibi
2969 1742 3229 1804 veritatis
3267 1744 3462 1803 lucem

546 1818 670 1876 talli
729 1836 851 1877 non
892 1825 1145 1897 poterat)
1182 1818 1461 1882 iudicium
1504 1823 1855 1903 αὐθαίρὲτος
1895 1828 2284 1906 sequebatur,
2324 1824 2478 1887 adeo
2518 1837 2582 1884 vt
2620 1823 2773 1884 illius
2816 1821 3031 1900 ductu,
3072 1833 3198 1881 tum
3239 1821 3464 1900 angeli,

549 1907 675 1956 tum
733 1895 1034 1979 homines,
1085 1902 1231 1961 fines
1284 1905 1340 1962 δι
1394 1901 1660 1980 obiecta,
1712 1922 1865 1980 quae
1918 1907 1955 1964 a
2005 1905 2232 1965 ratione
2274 1907 2782 1982 monstrabantur,
2823 1903 3147 1964 secundum
3189 1902 3462 1962 ordinem

548 1987 791 2038 naturae
851 1993 989 2039 suae
1042 1991 1468 2059 congruentem
1508 1981 1899 2062 intelligenter
1938 1987 2158 2045 vellent
2172 2030 2189 2061 ,
2229 1989 2286 2046 δι
2327 2006 2508 2064 opere
2547 1985 2926 2064 perficerent:
2953 1981 3110 2054 ‚licet
3149 1981 3232 2042 illi
3275 1983 3468 2042 excel-

547 2055 782 2116 lentiori
820 2059 1004 2120 modo
1020 2105 1037 2137 ,
1079 2065 1259 2136 quam
1297 2059 1389 2141 hi,
1430 2073 1677 2140 propter
1715 2064 2126 2125 excellentiam
2169 2069 2224 2127 &
2265 2063 2702 2142 simplicitatem
2741 2075 2984 2123 naturae
3023 2081 3184 2123 suae.

631 2153 728 2211 33.
806 2139 875 2196 In
917 2139 1159 2200 homine
1200 2139 1384 2219 enim,
1427 2142 1605 2204 etiam
1646 2152 1783 2202 ante
1823 2146 2088 2237 lapsum,
2128 2162 2322 2222 neque
2363 2146 2691 2206 intellectus
2731 2154 2974 2218 naturae
3003 2143 3150 2214 fines
3171 2151 3466 2224 transcen-

549 2215 750 2275 dendo
788 2235 852 2276 se
891 2217 952 2276 in
992 2221 1519 2298 supernaturalium
1560 2221 1964 2300 cognitionem
2005 2243 2254 2304 engere,
2297 2242 2490 2302 neque
2530 2227 2801 2285 voluntas
2841 2223 2943 2284 illa
2982 2222 3109 2298 ipsa
3137 2223 3464 2300 apprehen-

550 2296 690 2354 dere
730 2307 991 2376 poterat,
1032 2299 1143 2360 nisi
1185 2302 1609 2378 supernaturali
1646 2301 1990 2364 adiumento
2031 2305 2174 2366 fulta
2215 2307 2271 2366 δι
2310 2313 2650 2366 sustentata.

628 2395 725 2451 34·
806 2379 1184 2458 Quapropter
1222 2381 1359 2443 huic
1398 2379 1688 2461 principio
1728 2382 2064 2460 particulari
2103 2394 2344 2447 naturae
2359 2429 2377 2463 ,
2419 2383 2862 2463 superadditum
2891 2383 2999 2443 fuit
3027 2381 3265 2443 Adamo
3302 2379 3462 2442 aliud

546 2454 838 2534 singulare
898 2460 1119 2537 gratiae
1132 2508 1150 2537 ,
1216 2480 1336 2538 quo
1396 2464 1669 2523 voluntas
1718 2462 1842 2525 eius
1903 2464 2262 2525 intellectiua
2276 2512 2294 2543 ,
2351 2476 2512 2527 mota
2562 2462 2953 2543 singulariter,
3002 2479 3178 2540 supra
3219 2470 3464 2521 naturae

550 2535 797 2597 modum
844 2541 1076 2617 agebat.
1136 2540 1299 2601 Hinc
1349 2544 1530 2603 verba
1568 2542 1667 2603 illa
1706 2543 1783 2602 ab
1822 2542 1925 2603 illo
1965 2543 2323 2623 Prophetico
2363 2544 2566 2623 spiritu
2608 2544 2996 2621 pronunciata
3009 2588 3027 2619 ,
3068 2544 3224 2603 Gen.
3268 2563 3322 2602 2.
3370 2560 3465 2615 23.

550 2618 694 2676 Hac
751 2618 971 2676 demum
1024 2623 1143 2681 vice
1190 2622 1357 2683 adest
1402 2642 1467 2681 os
1506 2640 1579 2681 ex
1617 2624 1838 2681 ossibus
1878 2626 2017 2683 meis
2031 2669 2049 2702 ,
2091 2626 2168 2685 ὁ·
2208 2644 2350 2685 caro
2393 2646 2466 2685 ex
2506 2644 2686 2685 carne
2727 2644 2853 2683 mea
2865 2641 2892 2695 ;
2930 2622 3071 2681 hinc
3112 2622 3287 2682 etiam
3325 2621 3464 2680 ibid.

556 2716 648 2757 20.
708 2695 1011 2775 impositio
1069 2700 1381 2761 nominum
1436 2700 1675 2779 singulis
1722 2702 2149 2783 animantibus,
2191 2705 2246 2763 δι
2287 2706 2469 2765 multa
2509 2704 2616 2764 alia
2636 2749 2651 2777 ,
2695 2704 2773 2764 ad
2813 2720 2963 2783 quae
3006 2702 3338 2762 intellectus
3377 2698 3468 2759 sui

552 2776 997 2853 perspicacitate
1010 2823 1028 2856 ,
1065 2780 1503 2859 voluntatisque
1542 2782 1817 2841 naturalis
1857 2782 2078 2844 viribus
2118 2785 2482 2845 contendere
2521 2800 2826 2863 nunquam
2867 2780 3166 2861 potuisset.

630 2872 727 2933 35.
802 2858 1025 2918 Verum
1066 2858 1175 2919 etsi
1214 2858 1275 2919 in
1314 2860 1385 2921 ea
1422 2860 1844 2940 sanctimonia,
1882 2864 1939 2921 &
1971 2863 2304 2943 integritate
2325 2864 2590 2925 omnium
2613 2862 2866 2941 partium
2889 2872 3010 2922 tam
3033 2861 3264 2923 animae
3283 2862 3465 2937 quam

549 2934 816 3012 corporis
855 2938 1130 2999 conditus
1169 2938 1399 3019 fuisset,
1436 2940 1769 3018 talibusque
1808 2941 2107 3022 principiis
2146 2948 2182 3004 a
2216 2944 2426 3005 natura
2445 2944 2680 3005 dotatus
2695 2988 2712 3018 ,
2734 2961 2886 3020 quae
2919 2959 3152 3001 summo
3174 2956 3468 3001 consensu

548 3032 688 3074 cum
750 3016 1050 3078 voluntate
1108 3018 1223 3081 Dei
1281 3022 1717 3098 conspirarent:
1770 3022 1908 3099 quia
1960 3036 2160 3085 tamen
2209 3044 2334 3085 non
2374 3024 2455 3085 ita
2495 3024 2846 3084 constitutus
2889 3024 3107 3098 fuerat,
3146 3030 3212 3081 vt
3251 3018 3468 3079 mutari

552 3112 674 3155 non
714 3106 943 3175 posset,
985 3098 1275 3160 retinebat
1314 3119 1547 3177 semper
1588 3102 1912 3179 potentiam
1954 3104 2032 3163 ad
2073 3103 2414 3181 oppositum
2436 3102 2592 3180 eiuS,
2612 3103 2780 3180 quod
2799 3104 3038 3162 volebat
3059 3112 3160 3161 aut
3181 3098 3470 3175 faciebat,

549 3174 871 3234 volendum
910 3188 1011 3238 aut
1051 3178 1385 3239 faciendum
1401 3225 1418 3258 ,
1457 3179 1539 3240 ita
1576 3193 1641 3240 vt
1678 3192 1920 3243 naturae
1963 3200 2104 3243 suae
2143 3183 2555 3245 rectitudinem
2573 3228 2591 3259 ,
2633 3184 2709 3241 ἐφ’
2746 3184 2934 3261 {psum
2967 3183 3208 3256 gratiae
3243 3180 3470 3239 adiuto-

552 3255 707 3311 rium
757 3256 1019 3317 deserere
1056 3268 1288 3337 posset,
1338 3262 1462 3320 crbm
1514 3263 1707 3339 vellet,
1764 3264 1861 3322 vel
1893 3265 1953 3323 in
1995 3284 2060 3322 eo
2087 3274 2444 3343 permanere
2458 3309 2475 3342 ,
2518 3265 2573 3322 si
2608 3264 2803 3340 vellet,
2847 3270 2909 3321 vt
2949 3262 3248 3337 praeclare
3290 3259 3470 3318 docet

552 3334 944 3414 AugustinuS,
984 3338 1082 3399 lib.
1124 3340 1191 3398 de
1229 3349 1480 3417 corrept.
1521 3342 1597 3401 ὃν
1628 3351 1794 3417 grat.
1838 3343 2020 3403 Posse
2059 3344 2278 3404 etenim
2312 3344 2368 3404 ei
2401 3344 2646 3404 dederat
2666 3343 2859 3403 Deus:
2884 3342 3034 3400 velle
3055 3350 3282 3419 autem,
3305 3338 3472 3415 quod

550 3422 780 3491 posset,
822 3416 1065 3478 arbitrio
1106 3435 1214 3479 suo
1254 3418 1572 3497 reliquerat
1609 3420 1880 3481 liberum.

633 3493 729 3569 36.
811 3494 1161 3557 Mutabilem
1212 3508 1410 3558 autem
1461 3498 1636 3559 fuisse
1676 3511 1938 3561 creatum
1979 3501 2235 3578 primum
2273 3502 2609 3579 hominem,
2649 3510 2895 3578 apparet
2933 3500 3126 3578 primo
3169 3517 3243 3557 ex
3284 3498 3470 3558 verbo

552 3570 698 3649 Dei,
758 3572 913 3635 Gen.
970 3597 1021 3634 2.
1072 3594 1160 3653 17.
1208 3576 1328 3653 qud
1366 3580 1455 3636 die
1498 3580 1836 3658 comederis,
1876 3584 2166 3641 moriendo
2207 3584 2492 3643 morieris.
2546 3580 2810 3640 secundo
2827 3625 2844 3658 ,
2887 3598 2961 3638 ex
3000 3588 3246 3652 euentu,
3290 3594 3472 3653 quem

554 3650 882 3728 (miserum)
941 3667 1140 3717 secuta
1199 3666 1289 3717 est
1333 3656 1547 3717 misera
1596 3658 1775 3720 totius
1826 3660 2069 3722 humani
2103 3663 2334 3753 generis
2375 3660 2660 3721 conditio.
2723 3658 2958 3737 Tertio,
2998 3660 3245 3720 ratione.
3305 3658 3472 3714 Deus

554 3730 713 3791 enim
749 3733 887 3792 curn
926 3738 1085 3795 solus
1123 3736 1197 3797 sit
1234 3737 1294 3797 in
1334 3754 1426 3827 se,
1467 3738 1523 3794 δι
1562 3758 1667 3814 per
1708 3759 1770 3799 se
1811 3740 2190 3817 immortalis,
2231 3744 2285 3801 &
2305 3740 2718 3817 immutabiliS,
2740 3736 3165 3816 immortalem,
3187 3740 3242 3797 δι
3264 3737 3473 3795 immu-

555 3810 797 3871 tabilem
856 3832 992 3876 eum
1050 3817 1245 3876 facere
1297 3816 1357 3876 in
1409 3835 1540 3893 ipso
1594 3836 1717 3878 non
1760 3818 2070 3898 potuisset,
2115 3820 2226 3879 nisi
2266 3830 2700 3897 consequenter
2741 3817 2974 3880 fecisset
3017 3821 3231 3879 Deum.
3297 3816 3472 3874 Solus

556 3899 753 3949 autem
792 3892 1060 3955 Christus
1098 3896 1294 3973 imago
1334 3896 1448 3955 Dei
1488 3896 1673 3957 Patris
1714 3898 2032 3959 essentialis
2078 3910 2183 3959 est.
3317 3972 3330 3985 ‚

635 3985 730 4042 37.
812 3974 881 4031 In
934 3974 1043 4035 ista
1100 3981 1241 4036 vero
1300 3975 1717 4049 mutabilitate,
1780 3978 2032 4040 liberum
2090 3981 2166 4039 ab
2220 3981 2384 4039 omni
2423 3976 2774 4040 necessitate
2815 3977 3091 4041 habuisse
3129 3974 3436 4036 arbitrium
3455 4016 3474 4049 ,

558 4043 944 4134 demonstrat,
976 4054 1231 4132 primum
1270 4066 1477 4115 natura
1518 4055 1751 4117 diuinae
1789 4057 2062 4133 imaginis
2100 4057 2179 4117 ad
2217 4076 2398 4134 quam
2439 4062 2751 4137 formatuS,
2805 4059 2951 4117 Gen.
3000 4076 3052 4117 r.
3098 4059 3190 4116 16.
3232 4053 3473 4130 dicitur,

558 4139 655 4214 qui
691 4126 837 4215 nihil
877 4135 1063 4211 magis
1104 4134 1419 4214 competit,
1462 4138 1642 4211 quam
1682 4138 1871 4197 solida
1909 4138 2177 4199 libertas:
2220 4138 2364 4199 nihil
2407 4140 2593 4217 magis
2634 4139 3012 4216 aduersatur,
3053 4138 3233 4212 quam
3276 4150 3476 4192 neces-

559 4212 739 4295 slfaqs
777 4208 1097 4273 vinculum.
1137 4216 1294 4274 Tum
1331 4218 1509 4293 vero,
1559 4218 1704 4277 Gen.
1751 4238 1803 4279 2.
1849 4219 1939 4278 16.
1993 4235 2083 4293 17.
2121 4217 2450 4295 propositio
2495 4218 2732 4279 Adamo
2753 4220 2911 4276 facta
2932 4216 3216 4293 duarum,
3237 4214 3474 4272 arboris

560 4300 832 4345 nimirum
874 4293 1051 4368 vitae,
1095 4294 1170 4351 ὃν
1211 4295 1448 4352 arboris
1486 4297 1752 4357 scientiae
1785 4300 1949 4374 boni,
1993 4299 2069 4356 ὃν
2111 4300 2280 4373 mali,
2323 4315 2570 4373 quarum
2611 4296 2822 4373 prioris
2866 4312 3036 4356 vsum
3076 4298 3304 4432 tanttgin
3338 4310 3476 4430 ccclm-

3173 4392 3208 4432 c
3287 4391 3362 4430 en
3407 4390 3477 4429 o:
