3923 4875
3353 311 3384 372 5

495 481 871 562 Optimatium
891 525 908 560 ,
952 481 1363 539 Armenterum
1408 481 1745 556 Hispanum
1764 523 1780 552 ,
1828 481 1931 558 qui
1973 479 2300 556 Principem
2345 479 2575 538 doceret
2613 499 2728 539 non
2759 487 2936 558 posse
2977 481 3194 539 diutius
3245 483 3392 539 reti-

487 576 624 634 neri
654 574 869 650 plebem
912 573 974 632 in
1017 571 1219 647 officio
1234 615 1254 650 ,
1295 571 1446 631 nolle
1488 572 1659 630 etiam
1704 571 1990 630 Proceres
2015 571 2268 648 postilla
2310 589 2480 630 suum
2524 571 2588 629 in
2621 571 2848 630 Rerum
2892 571 3394 632 administratione

485 667 669 725 locum
730 665 917 740 tueri,
978 663 1099 722 nisi
1152 661 1434 740 effraenis
1492 661 1891 722 Granuellani
1946 662 2200 720 audacia
2243 662 2636 722 cohiberetur:
2681 663 2832 722 itanc
2875 662 3248 738 Legationem
3294 683 3393 724 eas

492 757 687 816 aiebat
730 754 995 815 habuisse
1052 754 1237 826 vires,
1293 759 1361 813 vt
1414 754 1578 813 bomo
1596 797 1614 832 ,
1660 754 1808 813 dolis
1852 753 2189 814 consuendis
2231 753 2598 813 admirabilis
2616 761 2640 830 ,'
2681 757 2721 812 ὰ
2763 754 3040 832 Principe
3071 753 3278 830 fuerit
3317 773 3392 814 ex

488 848 739 922 Belgica
778 851 1105 906 reuocatus.
1172 843 1572 904 Praedicabat
1606 845 1763 923 viri,
1806 861 2056 918 magnas
2100 845 2440 918 tragoedias
2477 845 2759 904 molientis
2777 889 2795 924 ,
2841 845 3089 905 discessu
3132 846 3400 905 nonnihil

486 939 711 1016 quidem
755 939 1081 1016 respirasse
1118 937 1378 1011 Belgas:
1424 937 1559 1014 sed,
1602 935 1708 995 vix
1737 937 1944 1012 paucis
1979 935 2262 995 mensibus
2296 936 2608 996 interiectis
2621 981 2638 1014 ,
2685 937 2894 995 iterum
2925 941 3180 996 coactum
3206 937 3396 1011 fuisse

486 1031 757 1107 optimum
816 1029 1148 1104 Principem
1161 1069 1181 1098 ,
1245 1028 1367 1086 suis
1418 1027 1819 1104 Inquisitionis
1860 1027 2062 1100 iugum
2107 1028 2400 1102 imperare
2419 1045 2442 1085 :
2488 1027 2806 1105 Episcopos
2825 1072 2845 1106 ,
2889 1028 3141 1101 Edicta,
3198 1027 3395 1087 Consi-

486 1122 629 1180 lium
684 1121 857 1180 etiam
924 1118 1324 1178 Tridentinum
1377 1136 1627 1192 vrgere:
1681 1117 1968 1176 atrocium
2011 1109 2424 1195 suppliciorum
2459 1135 2688 1193 genera
2701 1161 2722 1190 ,
2771 1119 2832 1178 in
2867 1137 2964 1179 eos
2981 1163 3000 1197 ,
3043 1114 3150 1195 qui
3188 1119 3394 1178 Euan-

478 1213 704 1286 gelicae
745 1211 1045 1270 doctrinae
1085 1215 1260 1268 erant
1298 1208 1551 1287 addicti,
1596 1208 1935 1268 decernere:
1993 1211 2055 1267 in
2097 1209 2190 1268 his
2204 1211 2545 1285 praeuisam
2564 1209 2755 1283 fuisse
2777 1210 2851 1268 ab
2873 1210 3128 1270 omnibus
3141 1227 3394 1284 grauem

487 1304 741 1379 aliquam
770 1302 983 1380 populi
1021 1300 1346 1361 seditionem
1362 1343 1381 1370 ‚
1447 1301 1525 1360 ὁ·
1566 1305 1883 1358 extremam
1930 1301 2105 1360 totius
2147 1300 2429 1375 Belgicae
2471 1301 2723 1359 cladem:
2770 1302 2867 1360 cui
2907 1301 3394 1360 auerruncandae

488 1393 813 1468 ablegatum
853 1391 1043 1468 fuisse
1085 1395 1147 1451 in
1190 1392 1578 1468 Hispaniam,
1624 1392 1848 1450 nomine
1890 1389 2244 1466 praefectae
2288 1393 2366 1452 ὁ·
2410 1391 2750 1451 Primorum
2763 1435 2781 1471 ,
2829 1391 3098 1451 Comitem
3135 1391 3394 1466 Egmon-

488 1485 703 1544 danum
718 1527 737 1554 ‚
792 1491 1029 1561 operam
1088 1483 1366 1541 daturum
1426 1484 1619 1542 animo
1679 1481 1977 1559 Principis
2013 1480 2317 1560 placando
2337 1525 2355 1560 ,
2401 1481 2749 1541 Edictorum
2800 1484 3108 1542 acerbitati
3137 1485 3390 1561 paulum

488 1575 785 1634 leniendae
802 1619 821 1653 ,
867 1573 1238 1651 Inquisitioni
1280 1574 1515 1650 denique
1558 1572 1857 1632 tollendae.
1914 1573 2244 1650 Principem
2265 1581 2388 1650 per
2419 1573 2867 1648 Egmondanum
2903 1575 3140 1649 benigne
3160 1581 3394 1652 respon·

489 1667 673 1726 disse:
732 1666 927 1724 omnia
988 1664 1271 1739 Belgicae
1330 1682 1541 1725 caussa
1588 1663 1789 1739 fuisse
1842 1665 2192 1741 pollicitum:
2261 1667 2555 1740 negocium
2614 1665 2989 1725 demandasse
3047 1663 3163 1743 ipsi
3219 1666 3394 1724 totius
3501 1727 3506 1730 ,

484 1759 825 1834 prouinciae
875 1753 1262 1840 Summatibus
1278 1799 1296 1834 ,
1353 1761 1421 1815 vt
1465 1755 1663 1815 sedulo
1678 1798 1696 1833 ,
1757 1773 1829 1814 ne
1885 1755 2030 1831 quid
2063 1756 2243 1834 Κεφ.
2290 1756 2620 1816 detrimenti
2659 1762 2924 1835 caperet,
2969 1756 3234 1817 viderent
3247 1800 3263 1831 ,
3314 1757 3391 1815 ὁ·

476 1847 811 1924 formulam
848 1848 1101 1924 aliquam
1138 1847 1640 1924 praescriberent,
1686 1864 1800 1923 qua
1831 1853 2042 1923 posset
2077 1848 2165 1906 iri
2196 1847 2422 1906 obuiam
2460 1847 2641 1907 tantis
2671 1848 2949 1925 periculis
2983 1849 3156 1908 salua
3188 1846 3394 1907 Catho-

487 1941 605 2000 lica
648 1939 971 2012 Religione.
1018 1938 1283 1997 Reuerso
1326 1939 1389 1996 in
1431 1938 1737 2012 Belgicam
1774 1937 2165 2011 Egmondano
2182 1983 2200 2018 ,
2236 1939 2621 1998 concreditam
2638 1938 2830 2013 fuisse
2852 1939 3038 1998 tribus
3058 1939 3394 2016 Episcopis,

491 2030 719 2089 totidem
788 2028 1092 2103 Heologis
1108 2073 1126 2105 ,
1186 2029 1374 2088 tribus
1432 2029 1563 2088 item
1616 2028 1831 2106 suris·
1869 2027 2152 2088 Canonici
2163 2074 2181 2106 ,
2225 2030 2556 2107 totidemque
2608 2029 2814 2090 Ciuilis
2853 2031 3062 2107 peritis
3089 2028 3400 2105 formulae

490 2119 885 2197 concipiendae
919 2139 1145 2180 curam.
1190 2119 1315 2178 Ηὶι·
1352 2123 1545 2179 omnia
1579 2117 1771 2192 fuisse
1791 2119 2033 2180 turbata
2056 2123 2096 2178 ὰ
2117 2121 2421 2199 Pontificis
2435 2165 2454 2192 ‚
2488 2119 2889 2181 Granuellani
2899 2166 2919 2200 ,
2942 2117 3272 2200 Inquisi-(f.
3303 2113 3396 2205 2.)

490 2219 680 2270 torum
707 2210 1071 2286 factionibus
1094 2229 1117 2270 :
1162 2217 1427 2270 extortas
1455 2209 1618 2284 Regi
1649 2213 2003 2286 postremum
2045 2211 2311 2284 litteras,
2357 2212 2557 2289 quibus
2599 2220 2871 2289 suprema
2905 2213 3076 2288 quasi
3104 2214 3398 2272 voluntate

488 2303 926 2380 imperabantur
962 2310 1075 2379 per
1118 2307 1297 2361 totam
1340 2301 1647 2376 Belgicam
1692 2301 1996 2377 Inquisitio
2011 2343 2029 2378 ,
2075 2301 2420 2362 Edictorum
2459 2303 2546 2362 ad
2573 2305 2788 2381 apicem
2823 2303 3170 2381 obseruatio,
3215 2303 3397 2380 Epis-

487 2401 760 2471 coporum
802 2395 867 2453 in
908 2393 1165 2454 omnibus
1219 2392 1564 2454 Ciuitatibus
1605 2391 2003 2467 Inauguratio
2021 2436 2038 2470 ,
2096 2393 2342 2471 Consiltj
2389 2394 2720 2454 Tridentini
2759 2393 3150 2454 Decretorum
3197 2394 3397 2453 edictio

491 2486 569 2545 ὁ·
606 2486 1023 2562 promulgatio.
1072 2484 1341 2544 Sermoni
1363 2486 1549 2562 finem
1591 2484 1911 2561 imponens,
1958 2484 2095 2545 hinc
2143 2492 2312 2545 ortas
2337 2487 2660 2564 praecipue
2696 2491 2816 2545 tam
2850 2488 3066 2546 multas
3095 2485 3403 2545 adserebat

490 2578 789 2637 lacrumas
809 2596 833 2635 :
900 2577 975 2636 ab
1015 2576 1127 2636 hac
1170 2576 1422 2634 maxime
1462 2576 1620 2635 linea
1662 2576 1936 2653 incepisse
1971 2594 2250 2636 summam
2296 2578 2546 2636 omnium
2584 2578 3094 2637 consternationem
3109 2621 3126 2655 ,
3169 2578 3396 2636 immen-

488 2686 615 2728 sam
682 2669 1043 2743 singvlorum
1104 2666 1557 2744 aegritudinem,
1616 2667 1693 2726 ὁ*
1718 2667 2019 2745 publicam
2073 2668 2526 2727 Provinciarum
2569 2669 2908 2728 moestitiam
2922 2688 2944 2726 :
2988 2668 3122 2727 hinc
3151 2676 3396 2745 proces·-

488 2760 631 2819 sisse
671 2760 874 2819 varios
917 2758 1218 2818 Nobilium
1275 2758 1598 2817 Conuentus
1616 2802 1634 2835 ,
1690 2757 2272 2834 Confoederationes,
2307 2758 2604 2837 Supplices
2633 2759 2885 2819 Libellos
2902 2802 2919 2837 ,
2950 2759 3130 2818 Bella
3167 2757 3400 2834 denique

486 2850 627 2910 haec
658 2848 1101 2925 funestissima,
1171 2850 1249 2909 ὁ·
1272 2850 1591 2926 plusquam
1636 2849 1835 2907 ciuilia
1848 2894 1865 2927 ,
1933 2850 2109 2909 Haec
2155 2852 2232 2909 ὁ·
2276 2852 2402 2910 alia
2416 2894 2436 2921 ,
2481 2869 2625 2927 quae
2658 2851 2896 2924 longum
2933 2855 3081 2910 esset
3111 2850 3362 2909 scribere
3379 2894 3397 2926 ,

486 2960 575 3001 me
632 2942 965 3001 admirante
1016 2942 1094 3001 ὁ·
1153 2941 1333 2999 oculis
1378 2941 1440 2998 in
1486 2926 1615 2998 'eum
1659 2940 1902 3017 defixis,
1950 2942 2294 3002 recensebat.
2371 2941 2640 3017 Roganti
2680 2939 2883 3018 ecquid
2913 2941 3122 2999 horum
3165 2940 3405 2999 haberet

486 3036 549 3093 in
593 3033 861 3111 scriptis,
908 3032 1301 3107 subnegabat:
1346 3031 1621 3090 innuebat
1662 3036 1851 3091 tamen
1894 3032 2165 3092 nonnihil
2199 3038 2458 3091 notatum
2500 3034 2564 3093 in
2616 3033 2785 3091 breui
2817 3032 3060 3109 quodam
3114 3030 3399 3091 Commen-

487 3126 702 3184 tariolo
715 3167 736 3195 ,
791 3122 955 3201 quod
990 3122 1087 3183 M.
1150 3122 1492 3181 AEmilium
1539 3121 1828 3182 Scaurum
1872 3128 2218 3200 magnosque
2261 3125 2611 3201 antiquioris
2653 3124 2790 3183 aeui
2823 3123 2987 3182 viros
3025 3128 3292 3200 sequutus
3331 3123 3401 3181 de

486 3234 597 3275 sua
662 3218 787 3275 vita
845 3214 1126 3291 quondam
1187 3213 1525 3291 scripserat.
1608 3212 1801 3287 Quum
1863 3222 2232 3288 cognosceret
2285 3234 2466 3273 meum
2504 3218 2626 3275 eius
2668 3214 2902 3274 videndi
2944 3215 3022 3274 ὁ·
3066 3213 3405 3291 inspiciendi

487 3307 669 3366 obiter
728 3306 1101 3375 desiderium,
1171 3321 1287 3381 qua
1345 3310 1433 3362 est
1483 3304 1839 3363 humanitate
1856 3349 1873 3382 ,
1919 3306 2210 3383 protulit,
2255 3308 2495 3383 prolati
2552 3305 2858 3365 exordium
2917 3305 3003 3365 ita
3032 3306 3293 3384 placuit,
3337 3310 3406 3365 vt

492 3397 648 3456 illud
684 3400 747 3457 in
773 3405 1003 3475 paucos
1047 3395 1169 3454 dies
1204 3400 1480 3467 rogatum
1516 3396 1901 3472 impetrarim.
1950 3396 2134 3471 Legi,
2157 3399 2372 3469 relegi,
2397 3396 2566 3457 haud
2578 3400 2891 3457 oscitanter
2911 3398 3107 3456 omnia
3128 3396 3403 3474 expendi:

500 3490 668 3549 vuius
726 3488 962 3547 hominis
1028 3490 1208 3545 vitam
1267 3488 1354 3544 ita
1420 3487 1719 3545 variatam
1780 3485 2142 3565 admiratus,
2212 3485 2590 3567 Obstupebam
2643 3489 2801 3547 dura
2841 3489 2996 3547 tanti
3032 3490 3157 3547 viri
3196 3490 3402 3547 initia.-

499 3582 679 3639 tantis
728 3580 901 3638 malis
942 3581 1229 3651 agitatam
1268 3578 1547 3653 puerilem
1592 3582 1866 3648 aetatem,
1916 3584 2276 3638 transactam
2321 3585 2440 3638 tam
2467 3580 2800 3656 periculose
2836 3579 3306 3648 adolescentiam,
3333 3578 3406 3636 ab

502 3670 775 3729 Diabolo·
802 3672 973 3728 etiam
1020 3662 1266 3733 οἷθείαν
1306 3668 1567 3727 moliente
1614 3670 1925 3745 impetitam
1950 3688 1974 3728 :
2042 3672 2294 3730 iuvenem
2326 3668 2481 3745 foro
2512 3668 2658 3745 fere
2699 3672 3086 3747 mancipatum
3105 3712 3124 3747 ,
3152 3670 3406 3728 dicatum

504 3761 579 3821 ab
636 3760 769 3820 Deo
831 3761 908 3820 ὁ*
954 3763 1233 3820 secretum
1290 3776 1431 3818 suae
1482 3759 1815 3819 Ecclesiae:
1860 3762 2053 3819 virum
2097 3763 2215 3820 iam
2253 3764 2314 3819 in
2359 3780 2603 3820 arenam
2647 3767 2908 3822 vocatum
2923 3778 2950 3833 ;
2995 3766 3114 3819 tam
3143 3760 3408 3838 fideliter

506 3853 584 3912 ὁ·
611 3852 923 3930 praesenti
985 3852 1179 3907 animo
1232 3868 1352 3909 sese
1409 3852 1659 3923 gessisse
1675 3896 1691 3924 ,
1753 3869 1929 3910 verae
1989 3852 2057 3910 de
2113 3851 2247 3911 Deo
2307 3851 2604 3912 doctrinae
2646 3853 2855 3912 notitia
2895 3853 3141 3910 nouitios
3186 3852 3407 3909 animos

505 3943 798 4002 imbuendo
815 3988 833 4021 ,
882 3944 959 4001 ὃν·
1002 3942 1251 4000 omnium
1293 3944 1577 3999 virtutum
1622 3942 1893 4019 exemplis
1935 3946 2060 4002 suis
2101 3943 2485 4002 Auditoribus
2513 3942 2912 4021 praelucendo
2928 3960 2951 4000 :
2999 3941 3226 4001 tandem
3271 3941 3409 4001 verb

506 4034 823 4093 durissima
882 4032 1203 4093 certamina
1244 4033 1553 4091 eluctatum
1598 4033 1677 4091 ὃν·
1731 4033 1978 4111 mirifice
2028 4036 2356 4093 saeuissime
2401 4035 2716 4093 multarum
2762 4034 3161 4093 calamitatum
3205 4050 3412 4092 oceano

508 4131 782 4205 ereptum.
850 4123 1137 4183 Dolebam
1176 4128 1471 4181 tantorum
1509 4122 1637 4182 Dei
1667 4124 2064 4202 beneficiorum
2079 4168 2096 4203 ,
2135 4134 2284 4201 'quae
2318 4128 2380 4185 in
2415 4144 2589 4185 vnum
2624 4126 2902 4185 hominem
2944 4125 3158 4184 collata
3175 4169 3193 4203 ,
3230 4127 3411 4184 scien-

508 4210 649 4273 tiam
694 4216 860 4293 apud
891 4233 1065 4276 vnum
1111 4214 1435 4273 delitescere
1451 4258 1470 4292 ,
1516 4214 1818 4291 eademque
1854 4217 1894 4273 ὰ
1930 4221 2050 4275 tam
2095 4218 2296 4277 multis
2337 4218 2634 4291 ignorari.
2682 4215 2974 4294 Scriptum
3011 4219 3052 4275 ὰ
3094 4235 3182 4275 me
3216 4216 3417 4275 reddi-

508 4312 629 4364 tum
672 4306 912 4385 repettj',
961 4324 1075 4366 non
1124 4305 1242 4363 alio
1273 4307 1405 4383 fine
1422 4348 1439 4381 ,
1484 4307 1659 4381 quam
1706 4312 1773 4365 vt
1810 4308 1949 4365 aliis
1985 4308 2106 4367 eius
2143 4308 2373 4383 legendi
2395 4303 2670 4388 facerem
2721 4310 2939 4386 copiam
2953 4326 2977 4367 :
3028 4309 3098 4367 de
3141 4307 3416 4367 Editione

3343 4414 3415 4454 ne
