3923 4875
559 301 713 402 370⁴
1394 339 1499 384 nrt
1558 339 1996 388 ΡοιῐτιΑπ.
2051 338 2309 385 Μοειε
2365 338 2652 384 ousta.

560 504 751 578 turos)
800 500 1135 563 necessari&
1186 512 1274 562 est
1326 503 1768 581 obseruandus,
1810 514 1871 563 vt
1910 504 2022 564 rite
2061 523 2135 563 ex
2177 521 2252 564 eo
2293 513 2561 564 teneatur
2599 501 2690 562 ius
2731 501 3290 564 determinationum
3329 523 3488 582 quae

559 585 709 644 fiunt
766 582 1027 643 humana
1088 583 1247 660 lege,
1308 584 1793 661 quandoquidem
1856 584 2120 661 aequitas
2181 603 2254 644 ex
2313 602 2388 644 eo
2442 583 2628 644 modo
2668 583 2927 661 postulat
2965 583 3494 646 determinationes

562 662 720 739 fieri,
770 663 826 721 δι
876 662 1002 723 sine
1056 681 1131 722 eo
1172 662 1409 740 iniquae
1450 664 1970 726 determinationes
2009 683 2220 724 omnes
2259 666 2488 724 futurae
2529 673 2680 724 sunt.
2745 663 2928 737 Quod
2963 661 3162 740 itaque
3197 663 3494 742 principio

561 743 735 803 huius
794 742 1001 820 capitis
1062 741 1437 822 dicebamus,
1492 742 1789 822 duplicem
1852 763 1980 805 esse
2037 743 2281 805 rationis
2337 743 2582 803 modum
2635 761 2755 822 qua
2795 743 3060 802 feruntur
3099 745 3288 822 leges,
3330 744 3490 804 idem

560 823 737 884 etiam
798 821 877 882 de
936 823 1007 882 iis
1064 841 1221 900 quae
1278 827 1527 885 subsunt
1588 823 1945 885 ordinationi
2003 826 2203 901 legum
2264 825 2586 884 tenendum
2647 835 2752 883 est.
2815 823 2970 882 Nam
3029 842 3228 882 eorum
3283 827 3492 884 modus

562 905 641 963 ἃ
700 905 948 963 conditio
985 905 1253 963 similiter
1292 915 1381 966 est
1414 907 1648 982 duplex,
1690 907 2002 964 communis
2041 913 2216 981 atque
2251 905 2618 980 singillatim
2657 906 2714 964 &
2754 904 2833 962 ad
2875 901 3103 982 singula
3136 922 3210 963 ea
3241 905 3492 965 omnino

561 985 711 1043 haec
774 981 987 1043 diuisio
1043 982 1295 1060 pertinet
1357 1002 1512 1061 quae
1560 986 1807 1046 subsunt
1846 984 2204 1044 ordinationi
2246 983 2409 1061 legis.
2479 981 2832 1044 Communis
2871 983 3082 1042 modus
3123 985 3180 1043 &
3219 985 3488 1044 conditio

562 1062 807 1138 dicitur,
867 1081 1021 1140 quae
1076 1067 1115 1122 a
1162 1075 1375 1124 natura
1413 1075 1533 1142 est,
1586 1065 1644 1124 δι
1684 1064 1745 1125 in
1786 1065 1982 1141 reipsa
2021 1064 2360 1142 simpliciter
2401 1063 2710 1142 singularis
2746 1072 2866 1139 est,
2903 1080 3058 1140 quae
3096 1065 3176 1124 ad
3216 1074 3488 1124 naturam

556 1141 789 1202 accedit
847 1158 1210 1220 quocunque
1268 1145 1484 1221 modo,
1543 1147 1600 1204 δι
1639 1143 2048 1204 consideratur
2088 1145 2414 1206 secundum
2456 1143 2628 1222 quid,
2669 1143 2730 1202 in
2773 1161 2846 1202 eo
2888 1143 3054 1220 quod
3095 1143 3299 1204 subest
3335 1144 3492 1204 ordi·

558 1221 785 1284 nationi
842 1221 1007 1300 legis.
1070 1223 1225 1282 cum
1286 1235 1483 1284 autem
1538 1241 1745 1284 eorum
1800 1225 1877 1284 de
1918 1225 2134 1303 quibus
2172 1226 2267 1285 lex
2307 1223 2541 1286 ordinat
2579 1241 2802 1302 genera
2837 1233 3092 1300 quatuor
3131 1225 3313 1300 paulo
3351 1227 3492 1284 ante

559 1301 777 1362 suerint
816 1300 1058 1379 tradita,
1100 1315 1355 1380 praestat
1393 1303 1511 1364 iam
1550 1303 1807 1381 expendi
1848 1305 1907 1364 in
1950 1304 2194 1382 singulis
2233 1324 2304 1364 ea
2344 1321 2496 1381 quae
2537 1305 2615 1363 de
2655 1302 2839 1364 modo
2881 1305 2936 1362 81
2967 1301 3314 1363 conditione
3333 1303 3490 1381 ipso-

560 1400 691 1442 rum
730 1381 1061 1442 docuimus.
1107 1385 1286 1444 Thes.
1331 1400 1425 1461 25.
1487 1383 1718 1445 Primus
1756 1383 1931 1462 igitur
1971 1397 2061 1446 est
2100 1401 2486 1462 personarum
2527 1387 2727 1461 loeus,
2769 1383 2844 1444 de
2883 1401 3135 1460 quarum
3179 1384 3364 1443 modo
3405 1384 3493 1444 sic

556 1461 763 1539 paucis
800 1460 1137 1522 statuimus:
1178 1467 1490 1522 communis
1530 1467 1733 1524 modus
1774 1465 1851 1524 ὥ·-
1890 1467 2138 1526 conditio
2164 1475 2568 1544 personarum
2611 1473 2720 1540 est,
2755 1482 2874 1540 qua
2893 1465 3493 1543 considerantur-per·

558 1560 736 1601 sonae
786 1543 1045 1602 absolut&
1094 1545 1568 1621 shnplttite‘rque,
1622 1554 1689 1604 vt
1730 1545 1988 1604 homines
2003 1589 2021 1624 ,
2061 1549 2124 1604 in
2167 1564 2370 1605 rerum
2409 1553 2634 1604 natura
2673 1564 2748 1602 ex
2785 1546 3075 1603 communi
3110 1545 3188 1602 ὃν
3225 1545 3490 1603 humana

556 1625 710 1697 lege:
766 1621 1112 1697 Singularis·
1125 1667 1143 1701 ,
1199 1643 1319 1700 qua
1373 1626 1817 1684 consideramr
1854 1628 2166 1684 secundicm
2207 1628 2377 1702 quid,
2421 1634 2488 1684 vt
2523 1625 2739 1682 ludaei
2775 1626 2968 1684 vocati
2998 1625 3062 1680 in
3087 1625 3308 1700 sedus,
3335 1634 3490 1702 pro-

558 1703 885 1776 missiones,
927 1706 1253 1781 veritatem,
1294 1706 1582 1778 ordinem,
1625 1705 1702 1763 &³
1740 1706 1915 1780 stigma
1947 1708 2210 1781 gratiae.
2249 1707 2374 1764 Hic
2413 1703 2574 1764 enim
2613 1701 2944 1762 subiectum
2985 1721 3168 1762 vnum
3208 1705 3264 1764 δι
3293 1703 3456 1762 idem
3469 1749 3489 1780 ,

558 1781 723 1858 quod
761 1781 1066 1842 hominem
1106 1783 1506 1860 appellamus,
1549 1782 1927 1862 distinguitur
1965 1784 2270 1845 communi
2309 1786 2366 1846 δι
2407 1783 2686 1861 singulari
2729 1783 2930 1842 modo.
2986 1781 3308 1843 Communi
3345 1785 3486 1842 sub-

559 1860 775 1921 iectum
837 1861 1275 1938 consideratur,
1334 1873 1399 1923 vt
1456 1865 1643 1923 homo
1700 1863 2074 1942 simpliciter:
2133 1863 2410 1943 singulari
2462 1866 2603 1924 vero
2643 1863 3052 1924 consideratur
3073 1907 3091 1938 ,
3131 1873 3195 1922 vt
3234 1863 3492 1922 Iudaeus

560 1941 739 2018 olim,
780 1942 835 2000 δι
874 1941 994 2002 hoc
1034 1951 1305 2020 tempore
1345 1942 1728 2005 Christianus.
1778 1945 1878 2006 Ad
1918 1961 2298 2006 communem
2337 1954 2536 2006 autem
2578 1944 2738 2004 hanc
2774 1959 3156 2020 personarum
3195 1940 3490 2002 conditio-

560 2039 701 2081 nem
753 2021 1193 2085 obseruandam
1232 2021 1527 2100 pertinent
1578 2024 1737 2085 duo:
1780 2026 2229 2086 fundamentum
2270 2023 2631 2086 conditionis
2670 2021 2862 2101 istius,
2903 2024 2958 2082 δι
2997 2020 3486 2082 considerationis

558 2101 793 2162 modus.
855 2102 1331 2164 Fundamentum
1390 2113 1479 2162 est
1530 2115 1739 2163 natura
1790 2103 2060 2166 omnium
2113 2104 2421 2165 hominum
2461 2103 2613 2165 inter
2653 2123 2716 2164 se
2757 2101 3120 2172 communis„
3161 2103 3492 2163 secundum

560 2198 739 2258 quam
782 2198 993 2242 omnes
1032 2185 1222 2258 aeque
1262 2193 1399 2242 sunt
1439 2183 1743 2260 homines,
1784 2203 1901 2244 vna
1941 2184 2140 2262 specie
2179 2183 2620 2262 comprehensi,
2660 2184 2716 2243 &
2757 2180 3029 2242 obstricti
3067 2201 3186 2242 vna
3222 2181 3491 2242 humani-

558 2261 691 2320 tatis
754 2263 916 2340 lege:
978 2261 1055 2321 ad
1116 2279 1297 2339 quam
1352 2261 1783 2324 officiosissime
1822 2265 2137 2326 colendam
2177 2265 2652 2342 curandamque,
2689 2263 3018 2324 secundum
3059 2273 3326 2322 naturam
3363 2271 3490 2321 tam

557 2339 701 2401 olim
738 2341 995 2402 Iudaeus
1036 2343 1377 2418 tenebatur,
1419 2343 1474 2402 &
1516 2360 1677 2404 nunc
1718 2353 1947 2404 tenetur
1989 2343 2354 2405 Christianus
2370 2389 2390 2420 ,
2429 2347 2608 2423 quam
2647 2342 2794 2404 alius
2835 2341 3167 2420 quisquam.
3207 2339 3491 2403 Conside-

561 2418 809 2483 rationis
850 2421 1094 2501 moduS,
1140 2423 1469 2484 secundum
1511 2442 1689 2502 quem
1729 2443 2117 2501 personarum
2159 2425 2566 2486 conditionem
2605 2427 2880 2484 accurate
2903 2434 3136 2500 aportet
3155 2422 3492 2493 obseruari,

556 2512 645 2561 est
698 2513 863 2563 recta
910 2502 1011 2562 ina
1048 2501 1201 2562 ratio
1242 2504 1319 2563 de
1358 2521 1476 2580 qua
1516 2507 1653 2564 ante
1692 2504 2064 2585 dicebamus3
2106 2524 2258 2583 quae
2298 2507 2448 2567 ratio
2490 2504 2744 2584 primum
2786 2502 3028 2581 quidem
3067 2523 3140 2563 ex
3180 2502 3490 2563 communi

554 2591 797 2642 naturae
839 2584 971 2659 lege
1010 2582 1069 2643 in
1114 2584 1291 2644 rebus
1332 2583 1784 2662 communibus,
1826 2583 2044 2645 deinde
2085 2589 2150 2661 (f.
2203 2591 2376 2663 1514)
2419 2588 2562 2645 vero
2605 2604 2682 2645 ex
2719 2585 2977 2644 humana
2996 2586 3126 2661 lege
3147 2584 3202 2641 &
3222 2584 3485 2642 humano

556 2660 765 2721 ordine
825 2662 1119 2739 explorari
1170 2665 1341 2723 solet.
1402 2664 1556 2723 Nam
1612 2662 1673 2724 in
1733 2665 1892 2724 hunc
1955 2666 2200 2727 modum
2255 2669 2443 2742 aeque
2486 2666 2742 2725 Iudaeus
2781 2662 2922 2724 olim
2939 2708 2956 2741 ,
2997 2676 3097 2723 aut
3137 2663 3227 2722 his
3267 2662 3489 2721 vltimis

554 2740 923 2819 temporibus
978 2742 1067 2801 vir
1119 2742 1485 2803 Christianus
1528 2745 1895 2821 exploratur,
1940 2758 2120 2823 atque
2159 2745 2306 2805 alius
2347 2745 2690 2823 quisquam:
2733 2748 2787 2805 δι
2828 2742 3274 2821 recognoscitur
3313 2758 3488 2801 vnus-

554 2820 805 2898 quisque
844 2821 905 2881 in
947 2823 1061 2882 hac
1106 2820 1222 2882 vita
1240 2867 1259 2901 ,
1299 2838 1419 2901 qua
1458 2824 1644 2883 homo
1690 2836 1807 2903 est,
1848 2826 2048 2903 specie
2085 2842 2224 2887 cum
2265 2825 2604 2886 hominibus
2643 2824 2770 2885 aliis
2791 2822 3268 2883 communicans:
3290 2824 3486 2881 vtrum

554 2920 629 2959 ex
682 2901 910 2961 ratione
964 2913 1129 2961 recta
1168 2920 1305 2962 cum
1346 2902 1475 2963 aliis
1516 2904 1856 2964 hominibus
1896 2906 1951 2964 δε
1991 2906 2297 2967 communi
2339 2917 2582 2967 naturae
2622 2906 2785 2984 lege,
2825 2906 2881 2964 δι
2922 2905 3182 2964 humana
3221 2920 3489 2963 commu-

554 2979 731 3041 nicet.
790 2982 1321 3056 Quemadmodum
1374 2982 1535 3044 enim
1572 3002 1645 3043 ex
1690 3002 1813 3063 quo
1854 2986 2110 3047 Iudaeus
2150 2997 2276 3047 erat
2317 2990 2532 3059 sactus,
2573 2996 2676 3045 aut
2715 3004 2790 3045 ex
2827 3002 2950 3061 quo
2993 2982 3358 3044 Christianus
3399 2993 3490 3042 est

552 3059 901 3138 quisquam,
944 3080 1067 3122 non
1108 3062 1417 3123 desinebat
1457 3062 1585 3139 ille,
1626 3076 1729 3123 aut
1768 3064 1864 3125 hic
1904 3085 2026 3125 non
2065 3066 2277 3126 desinit
2298 3066 2484 3126 homo
2505 3086 2661 3127 esse:
2697 3065 2780 3125 ita
2799 3064 2978 3125 etiam
2999 3084 3070 3123 ex
3090 3082 3212 3140 quo
3234 3062 3489 3121 Iudaeus

551 3152 652 3200 aut
704 3140 1067 3202 Christianus
1120 3153 1240 3220 est,
1294 3162 1418 3203 non
1454 3143 1667 3204 desinit
1708 3145 2015 3206 communi
2051 3150 2107 3207 &
2147 3148 2406 3206 humana
2443 3148 2574 3223 lege
2613 3143 2891 3223 obligari:
2933 3144 3039 3203 sed
3079 3145 3320 3217 contra,
3361 3160 3488 3219 quo

550 3218 803 3297 amplius
861 3220 923 3280 in
986 3224 1119 3282 Deo
1179 3223 1448 3301 proficit,
1508 3244 1583 3284 eo
1643 3223 1972 3303 religiosius
2027 3246 2090 3286 se
2142 3225 2336 3303 ipsum
2377 3226 2557 3288 debet
2597 3224 2900 3285 communi
2941 3226 2998 3283 δι
3039 3224 3332 3283 humanae
3367 3221 3489 3297 legi

550 3302 1047 3377 accommodare3
1088 3321 1165 3361 ne
1205 3313 1307 3363 aut
1347 3304 1626 3365 naturalis
1666 3304 1818 3364 ratio
1858 3306 1914 3364 &
1956 3306 2108 3366 ordo
2143 3308 2432 3367 humanus
2453 3306 2530 3365 ab
2552 3304 2682 3383 ipso
2703 3314 3107 3383 oppugnetur,
3127 3314 3229 3363 aut
3247 3300 3488 3362 libertas

549 3379 907 3457 Christiana,
968 3398 1122 3457 quae
1180 3382 1258 3441 ad
1298 3383 1771 3445 aedificationem
1812 3386 1951 3445 data
1991 3396 2110 3465 est,
2171 3386 2454 3447 scandalo
2498 3387 2553 3445 &
2603 3384 2916 3445 offensioni
2957 3384 3061 3444 sit:
3103 3391 3285 3461 prout
3323 3391 3488 3442 recta
3527 3426 3534 3435 .

552 3459 782 3520 ratione
822 3460 989 3520 omni
1029 3463 1085 3521 δι
1124 3462 1377 3523 naturali
1416 3463 1545 3541 ipsa
1582 3462 1958 3542 praecipitur.

627 3538 950 3618 Singularis
1012 3545 1155 3602 vero
1215 3560 1603 3619 personarum
1667 3546 1884 3605 modus
1934 3548 1990 3605 &
2045 3544 2346 3622 conditio,
2401 3563 2554 3623 quae
2605 3544 2850 3621 quidem
2889 3546 2926 3603 ὲ,
2966 3541 3142 3603 nobis
3182 3544 3302 3603 hoc
3340 3542 3484 3602 loco

548 3616 742 3697 agitur
781 3624 945 3695 (nam
986 3632 1349 3683 caeterarum
1390 3623 1770 3685 affectionum
1812 3624 1873 3685 in
1917 3625 2259 3687 hominibus
2299 3624 2696 3687 consideratio
2737 3624 2884 3685 nihil
2923 3624 3002 3684 ad
3041 3639 3282 3683 causam
3315 3640 3482 3699 prae-

548 3710 775 3759 sentem
797 3700 1030 3775 attinet)
1054 3713 1143 3763 est
1160 3720 1249 3779 ea,
1274 3720 1392 3779 qua
1411 3703 1864 3765 considerantur
1884 3706 2156 3766 homines
2175 3706 2504 3766 secundum
2525 3702 2926 3767 accessionem
2947 3701 3167 3782 gratiae
3188 3700 3484 3777 salutaris,

544 3778 625 3838 ad
684 3796 865 3858 quam
920 3782 1083 3842 Deus
1124 3794 1303 3841 vocat
1344 3784 1675 3845 Ecclesiam
1716 3803 1913 3861 suam,
1956 3797 2084 3845 tum
2123 3804 2200 3845 ex
2239 3785 2474 3847 Iudaeis
2515 3786 2660 3847 olim
2699 3796 2836 3845 ante
2875 3785 3198 3845 aduentum
3229 3780 3484 3858 Christi,

544 3867 671 3918 tum
733 3879 807 3921 ex
860 3860 1208 3922 Christianis
1247 3864 1367 3923 hoc
1406 3876 1615 3925 nostro
1656 3867 1889 3941 seculo,
1942 3884 2016 3924 ex
2058 3883 2179 3942 quo
2223 3868 2662 3944 promulgatum
2704 3877 2791 3925 est
2831 3862 3220 3941 Euangelium
3263 3860 3486 3921 Christi

543 3939 741 4016 priore
782 3941 1047 4001 aduentu
1086 3940 1229 4002 eius.
1271 3942 1395 4003 Hic
1435 3955 1631 4004 autem
1675 3944 1815 4022 quia
1858 3946 1934 4006 de
1975 3946 2204 4024 legibus
2243 3947 2430 4007 Mosis
2469 3965 2643 4025 agere
2683 3943 3128 4017 constituimus,
3167 3939 3404 4019 proprie
3425 3944 3485 4002 δε

544 4018 770 4080 directe
830 4023 918 4096 (vt
976 4022 1057 4081 ita
1119 4020 1413 4099 dicamus)
1472 4023 1922 4085 considerantur
1977 4026 2250 4086 homines
2304 4026 2582 4106 singulari
2621 4025 2808 4086 modo
2843 4026 2898 4085 &
2941 4021 3320 4100 conditione,
3363 4025 3484 4099 qua

541 4098 747 4159 Iudaei
795 4111 989 4172 erant,
1056 4102 1330 4163 obstricti
1373 4105 1503 4181 lege
1548 4104 1735 4165 Mosis
1775 4106 2106 4165 secundum
2150 4105 2583 4167 ordinationem
2625 4104 2756 4166 Dei.
2817 4106 2974 4163 Nam
3013 4104 3134 4163 hoc
3170 4113 3482 4179 respectu,

536 4190 766 4255 praeter
807 4180 899 4239 ius
936 4180 1081 4240 illud
1122 4200 1445 4243 commune
1486 4186 1651 4260 quod
1692 4189 1829 4245 ante
1870 4184 2160 4260 diximus,
2201 4185 2290 4247 ius
2311 4187 2604 4263 singulare
2625 4184 2860 4245 Iudaeis
2879 4182 3141 4261 oportuit
3159 4181 3482 4258 accedere,

538 4270 781 4335 propter
823 4261 1175 4339 singularem
1218 4262 1375 4322 banc
1418 4264 1823 4324 conditionem
1862 4265 2158 4342 ipsorum,
2197 4284 2270 4325 eo
2311 4268 2474 4343 quod
2507 4264 2710 4327 Iudaei
2729 4276 2944 4325 essent.
2984 4266 3092 4323 Est
3110 4276 3310 4323 autem
3331 4262 3480 4321 haec

538 4338 837 4416 conditio,
878 4357 999 4398 non
1044 4341 1361 4419 naturalis,
1412 4358 1473 4402 vt
1524 4344 1858 4403 communis
1898 4346 2020 4404 illa:
2061 4346 2165 4405 sed
2205 4345 2489 4426 gratiosa,
2527 4366 2600 4407 ac
2639 4345 2890 4423 proinde
2930 4364 3034 4422 per
3073 4342 3185 4403 Dei
3227 4341 3478 4432 gratiam

3409 4438 3472 4480 m
