3923 4875
1314 378 1639 422 ‘tunsus
1700 373 2356 422 vntonootcat.
3240 383 3343 438 141

715 593 851 652 XII.
928 589 1062 650 DE
1139 587 1751 650 TRINITATE
1826 585 2572 648 PERSONARVM
2653 589 2760 648 IN
2841 588 3055 648 VNA

1388 685 1913 747 ESSENTIA
1981 683 2398 746 DIUINA.

514 887 565 930 1.
642 866 785 927 Cvu
838 875 1071 926 tantum
1128 861 1202 924 sit
1261 861 1565 922 Trinitatis
1622 858 1972 938 mysterium
2021 869 2088 920 vt
2124 857 2336 921 nullibi
2375 869 2478 920 aut
2517 857 2911 937 periculosius
2951 871 3177 922 erretur
3193 907 3209 936 ,
3251 872 3354 923 aut

427 945 781 1008 laboriosius
838 953 1152 1024 quaeratur
1165 987 1183 1022 ,
1242 953 1343 1004 aut
1400 939 1818 1002 infructuosius
1857 938 2082 1018 aliquid
2120 937 2480 1000 inueniatur:
2521 949 2990 1001 consentaneum
3029 951 3122 1003 est
3159 941 3356 1002 ordini

430 1025 695 1088 instituto
708 1071 726 1104 ,
783 1035 878 1105 vt,
928 1033 1249 1103 postquam
1286 1021 1413 1083 veri
1452 1021 1565 1083 Dei
1602 1019 1917 1082 essentiam
1956 1019 2196 1080 vnicam
2235 1021 2292 1080 81
2329 1029 2606 1080 naturam
2643 1019 2770 1080 eius
2809 1020 3204 1098 cognouimus
3221 1067 3240 1100 ,
3279 1023 3357 1083 de

432 1106 657 1168 ratione
708 1104 1003 1184 personali
1060 1101 1125 1164 in
1183 1101 1435 1164 essentia
1485 1100 1603 1194 Pei
1616 1145 1633 1179 ,
1651 1180 1664 1193 ·
1682 1111 1864 1194 prout
1906 1118 2014 1191 per
2054 1101 2115 1160 S.
2138 1099 2356 1191 ‘literas
2397 1098 2572 1162 nobis
2613 1102 2976 1193 patefactum
3013 1111 3104 1162 est
3143 1102 3354 1164 sedulo

430 1185 1198 1327 mmmmm
1233 1191 1313 1322 ἕξ
1348 1181 1797 1338 &aaut
1816 1180 3356 1352 ssssasstsuistfflffizbsmhspffls

429 1345 645 1407 vtimur
681 1344 743 1405 in
782 1347 901 1406 hoc
942 1341 1221 1420 mysterio
1236 1387 1253 1420 ,
1302 1352 1592 1419 quantum
1634 1340 1807 1402 nobis
1846 1359 1919 1400 ex
1957 1357 2128 1399 sacra
2167 1339 2470 1418 Scriptura
2507 1342 2648 1400 hcet
2662 1384 2679 1418 ,
2723 1339 3074 1402 videbimus.
3140 1343 3356 1403 Postea

430 1430 607 1504 vero,
644 1424 791 1502 quid
826 1425 904 1485 de
944 1443 1007 1484 re
1048 1421 1175 1500 ipsa
1214 1421 1537 1482 tenendum
1575 1419 1649 1481 sit
1657 1465 1681 1513 2
1720 1439 1795 1480 ex
1835 1419 2052 1480 eadem
2091 1423 2286 1479 crasse
2324 1425 2768 1498 generatimque
2809 1439 3234 1500 proponemus.

514 1526 569 1565 2.
648 1506 881 1581 Voces,
922 1502 1137 1581 quibus
1176 1500 1237 1561 in
1278 1503 1396 1561 hoc
1436 1511 1715 1577 mysterio
1750 1498 2108 1577 explicando
2141 1497 2390 1578 vtimur,
2427 1497 2613 1577 magis
2634 1500 2850 1561 obuiae
2869 1509 3036 1576 sunt,
3067 1520 3322 1578 persona
3337 1548 3356 1581 ,

434 1586 747 1662 ὃμοούσιος
761 1628 778 1662 ,
818 1581 1102 1659 essentia,
1140 1581 1360 1658 vnitaS,
1401 1579 1536 1657 tri(f.
1565 1577 1927 1657 1624.)nitas.
1963 1579 2262 1639 Personae
2291 1597 2410 1640 vox
2423 1623 2442 1658 ,
2461 1597 2642 1657 quam
2663 1580 2879 1642 Graeci
2903 1587 3210 1661 πρόσωπον
3231 1601 3333 1644 ver

434 1672 632 1724 terunt
646 1707 665 1742 ,
704 1682 829 1724 non
868 1662 1159 1742 significat
1194 1659 1257 1722 in
1297 1661 1417 1721 hoc
1454 1659 1699 1738 negotio
1739 1658 2082 1736 qualitatem
2097 1704 2114 1730 ,
2147 1675 2252 1719 seu
2273 1658 2622 1720 adiunctum
2641 1660 2916 1738 aliquod:
2939 1663 3034 1720 vel
3053 1661 3250 1738 potius
3271 1665 3360 1738 (vt

433 1741 675 1804 Boetius
711 1742 943 1820 definit,
992 1746 1049 1804 &
1087 1741 1237 1802 boni
1276 1739 1454 1801 etiam
1490 1741 1767 1801 authores
1806 1737 2152 1800 definitione
2189 1739 2552 1818 quandoque
2591 1744 2856 1816 vtuntur)
2895 1751 3139 1802 naturae
3181 1741 3358 1802 ratio-

433 1821 583 1884 nalis
642 1821 965 1884 subsistens
1023 1820 1426 1882 indiuiduam:
1488 1837 1640 1899 quae
1698 1817 1810 1880 etsi
1847 1816 2100 1880 totidem
2139 1817 2323 1879 literis
2361 1817 2425 1879 in
2462 1820 2523 1881 S.
2565 1818 2870 1898 Scriptura
2907 1839 3032 1882 non
3073 1831 3263 1898 extet,
3301 1821 3357 1882 ei

436 1914 634 1964 tamen
694 1903 1071 1981 aequiualens
1127 1919 1248 1962 vox
1298 1903 1712 1978 Hypostaseos
1750 1900 1913 1960 Heb.
1960 1917 2014 1960 1.
2055 1899 2174 1958 hoc
2213 1915 2390 1960 sensu
2429 1898 2720 1978 reperitur
2757 1901 2814 1960 &
2857 1902 3100 1962 Elohim
3139 1902 3356 1980 passim

434 1982 495 2043 in
535 1983 741 2043 Veteri
780 1984 1193 2044 Testamento:
1236 1997 1487 2058 quarum
1524 1977 1819 2058 posterior
1862 1977 1974 2040 etsi
2015 1976 2296 2056 primario
2335 1997 2656 2056 personam
2693 1995 2818 2042 non
2857 1980 3173 2060 significat,
3207 2000 3354 2042 nun-

436 2079 617 2140 quam
676 2073 874 2123 tamen
922 2061 1035 2122 nisi
1074 2062 1153 2122 de
1192 2060 1459 2138 personis
1496 2070 1841 2139 vsurpatur,
1878 2069 1945 2119 vt
1985 2073 2126 2118 cum
2163 2057 2438 2136 Angelis,
2477 2058 2850 2135 hominibus,
2894 2061 3024 2122 Diis
3063 2060 3220 2122 falsis
3259 2060 3356 2122 tri·

437 2141 654 2204 buitur.
716 2143 981 2203 Maluere
1040 2149 1237 2202 autem
1299 2139 1621 2202 orthodoxi
1656 2150 1857 2234 patres
1894 2137 1981 2198 vti
2019 2157 2172 2198 voce
2210 2156 2502 2217 personae
2537 2142 2720 2216 quam
2761 2141 3102 2209 ὖποςᾶσοως
3138 2140 3200 2202 in
3238 2142 3357 2202 hoc

442 2221 686 2300 negotio
726 2221 957 2283 duabus
996 2222 1073 2282 de
1112 2219 1362 2280 caussis:
1404 2231 1533 2281 tum
1570 2237 1712 2300 qma
1756 2217 1951 2279 minus
1992 2216 2323 2296 aequiuoca
2360 2227 2480 2279 est:
2522 2219 2661 2278 cum
2692 2221 3081 2296 hypostaseos
3101 2239 3219 2280 vox
3237 2229 3359 2282 tam

442 2299 646 2380 primis
703 2305 885 2379 quam
944 2298 1221 2362 secundis
1280 2299 1618 2361 substantiis
1676 2307 2008 2377 competat,
2056 2317 2130 2358 ac
2169 2297 2424 2375 proinde
2462 2307 2583 2358 tam
2625 2297 2703 2360 de
2743 2297 3022 2378 essentia,
3062 2303 3242 2376 quam
3281 2301 3360 2362 de

443 2399 699 2460 persona
765 2381 885 2444 dici
942 2379 1131 2461 possit
1144 2425 1161 2459 ,
1215 2379 1366 2441 haec
1404 2385 1547 2443 vero
1585 2378 1726 2441 solis
1765 2377 1990 2459 primis.
2029 2387 2158 2439 tum
2198 2377 2374 2440 etiam
2415 2377 2555 2456 quia
2591 2380 2981 2457 hypostaseos
3022 2397 3232 2441 vocem
3273 2383 3362 2457 (vt
3455 2397 3462 2402 ·

444 2464 500 2523 &
542 2462 902 2537 ὕφιςαμόνου
956 2464 1013 2523 &
1054 2458 1366 2539 suppositi)
1408 2460 1685 2522 omnibus
1724 2456 2040 2519 indiuiduis
2053 2503 2072 2538 ,
2109 2468 2236 2519 tam
2277 2457 2666 2520 rationalibus
2704 2460 2886 2536 quam
2925 2458 3360 2522 irrationalibus

442 2556 829 2601 communem
844 2584 863 2619 ,
900 2542 981 2601 ad
1020 2543 1152 2601 sola
1190 2540 1501 2602 rationalia
1537 2537 1851 2617 restringit.
2859 2575 2878 2594 .

518 2639 575 2697 3.
654 2620 793 2681 Vox
830 2623 1105 2681 essentia
1140 2630 1413 2681 naturam
1450 2618 1612 2681 illam
1652 2617 1983 2697 simplicem
2023 2618 2082 2677 &
2119 2616 2410 2679 infinitam
2450 2617 2637 2679 tribus
2679 2618 2948 2695 personis
2969 2636 3354 2681 communem

438 2710 650 2762 notam
706 2708 831 2760 tum
892 2718 1165 2779 expresse
1212 2701 1272 2761 S.
1313 2699 1495 2761 literis
1534 2702 1611 2762 de
1651 2701 1783 2761 Deo
1822 2695 2186 2759 enuntiatur:
2228 2709 2355 2759 tum
2393 2702 2538 2759 vero
2579 2696 2638 2759 ei
2675 2699 3140 2773 ἰσοδυναμοῦντα
3187 2717 3352 2778 repe-

439 2779 693 2842 riuntur:
747 2798 821 2840 ac
858 2780 1117 2858 denique
1156 2780 1282 2841 eius
1324 2780 1689 2859 etymologia
1726 2778 1789 2839 in
1828 2798 1901 2840 ea
1940 2776 2326 2839 disertissime
2365 2776 2724 2840 continetur.
2783 2779 3075 2857 Expresse
3107 2778 3360 2840 traditur

440 2860 572 2921 Iob.
617 2877 707 2919 12.
746 2878 901 2922 vers.
950 2864 1038 2921 16.
1080 2864 1270 2921 Prou.
1310 2863 1369 2921 8.
1417 2880 1509 2935 14.
1570 2862 1719 2921 Era.
1764 2862 1859 2920 28.
1903 2876 2001 2930 29.
2039 2876 2180 2918 nam
2218 2860 2360 2919 cum
2398 2857 2462 2918 in
2502 2876 2566 2919 re
2605 2856 2870 2937 qualibet
2909 2857 3124 2919 modus
3143 2878 3352 2937 opera-

444 2938 675 3000 tionum
720 2951 997 3016 sequatur
1036 2940 1285 3001 modum
1324 2944 1431 3000 τοῦ
1469 2936 1627 3000 εἶναι
1664 2937 1848 3018 illius,
1888 2938 2020 3015 quis
2059 2947 2238 3017 neget
2269 2939 2382 2999 hos
2419 2939 2591 2999 locos
2631 2938 2712 2998 ad
2751 2936 3064 2998 essentiam
3096 2940 3213 3001 Dei
3233 2959 3364 3019 per·

439 3012 663 3079 tinere?
702 3020 1190 3097 ’ἰσοδυναμοῦντα
1228 3029 1364 3081 sunt
1401 3024 1677 3097 θειότης,
1718 3020 1891 3079 Rern.
1940 3036 1992 3077 1.
2037 3036 2136 3079 20.
2181 3022 2322 3079 θεοῦ
2355 3023 2566 3095 φύσις,
2616 3018 2754 3078 Gal.
2797 3037 2856 3091 4.
2875 3020 2932 3077 8.
2957 3036 3012 3077 2.
3031 3019 3196 3080 Petr.
3225 3040 3276 3081 1.
3299 3041 3356 3095 4.

440 3119 483 3174 μ
594 3100 629 3172 ἡ
686 3101 840 3158 θεοῦ
855 3142 874 3177 ,
932 3099 1157 3178 Philip.
1222 3120 1276 3161 2.
1324 3100 1413 3159 16.
1475 3098 1855 3177 Etymologia
1894 3096 2154 3176 denique
2195 3096 2320 3157 eius
2360 3095 2582 3158 diserte
2621 3096 2962 3158 continetur
3001 3096 3144 3177 ipsis
3185 3100 3362 3161 etiam

442 3178 513 3236 Iu
629 3175 643 3190 “
714 3176 1057 3277 fatentibus,
1098 3189 1224 3239 tum
1262 3176 1620 3271 nominibus·
1636 3176 1888 3270 propriis
1929 3175 2078 3255 Dei,
2111 3176 2404 3251 Iehouah,
2441 3177 2583 3256 Iah;
2614 3175 2828 3270 Eheie,
2863 3193 3018 3269 quae
3043 3180 3360 3260 coniugata

442 3256 713 3427 3⁸25?
734 3278 845 3411 4²³⁶,
886 3280 1062 3411 22²2.
1078 3274 1199 3415 ⁵13².
1234 3260 1545 3427 ἒῗᾶἶέἒ,
1560 3259 1970 3412 Γιέἒΐὲἓᾚι
1993 3258 3362 3429 itas,affiffissffitssffissizz

446 3424 715 3478 sumitur.
772 3414 937 3477 Hinc
994 3416 1219 3495 optima
1274 3426 1504 3477 ratione
1556 3421 1875 3488 ὁμοουσιου
1915 3434 2038 3477 vox
2073 3417 2338 3478 denuata
2377 3416 2743 3478 identitatem
2758 3464 2781 3509 2
2817 3418 3236 3496 aequalitatem
3249 3464 3268 3493 ,
3309 3424 3364 3480 &

448 3494 931 3557 coaeternitatem
988 3496 1220 3558 deitatis
1282 3492 1383 3572 filij
1444 3512 1585 3556 cum
1644 3496 1861 3558 deitate
1917 3494 2106 3558 Patris
2163 3498 2221 3557 δι
2281 3495 2530 3574 Spiritus
2583 3497 2812 3577 Sancti,
2875 3514 3014 3559 cum
3056 3498 3358 3577 vtriusque

445 3574 663 3636 deitate
679 3618 697 3651 ,
735 3576 792 3634 &
833 3573 1093 3637 vicissim
1133 3577 1519 3639 demonstrat.

523 3674 580 3728 4.
658 3654 845 3717 Vocis
902 3659 1045 3716 vero
1094 3655 1351 3717 Vnitatis
1388 3658 1446 3716 &
1483 3654 1789 3717 Trinitatis
1828 3654 1981 3715 ratio
2018 3653 2104 3716 ita
2141 3654 2448 3717 manifeste
2487 3674 2562 3717 ex
2600 3674 2673 3717 ea
2716 3655 3032 3718 deducitur
3045 3702 3064 3737 ,
3105 3668 3169 3719 vt
3209 3658 3358 3719 nihil

446 3750 639 3811 supra.
698 3733 843 3812 quid
880 3733 1037 3796 enim
1072 3734 1433 3813 frequentius
1472 3734 1807 3814 Scripturae
1844 3734 2146 3796 inculcant
2183 3739 2364 3814 quam
2401 3736 2691 3798 lehouam
2729 3738 2927 3797 Deum
2967 3754 3150 3798 vnum
3190 3756 3350 3817 esse,

445 3831 567 3873 non
606 3832 734 3875 esse
772 3815 955 3875 alium
996 3827 1227 3893 praeter
1264 3814 1490 3894 ipsum,
1527 3818 1639 3876 διε.
1676 3834 1755 3876 an
1794 3818 1937 3876 vero
1978 3814 2178 3893 vnius,
2217 3834 2344 3876 non
2383 3825 2472 3876 est
2495 3812 2723 3876 vnitas?
2765 3818 2858 3877 De
2877 3815 3184 3878 Trinitatis
3206 3836 3353 3879 voce

447 3894 656 3955 eadem
694 3904 785 3954 est
822 3894 1003 3955 ratio:
1043 3896 1147 3957 vbi
1183 3894 1343 3955 enim
1384 3908 1501 3956 tres
1542 3894 1819 3957 distincte
1858 3893 2269 3975 nominantur,
2307 3913 2384 3955 an
2427 3912 2636 3956 eorum
2677 3914 2799 3956 non
2843 3905 2932 3955 est
2968 3893 3265 3957 Trinitas?
3300 3909 3361 3958 at

446 3973 778 4051 frequenter
834 3984 953 4034 tres
1013 3973 1098 4036 illi
1152 3975 1556 4053 nominantur,
1614 3985 1679 4035 vt
1731 3978 1893 4036 Mat.
1932 3993 1993 4051 3.
2040 3976 2132 4035 16.
2171 3972 2228 4034 δι
2269 3977 2364 4035 28.
2415 3994 2506 4053 19.
2567 3976 2744 4036 Ioan.
2792 3996 2844 4035 1.
2888 3994 2986 4052 33.
3027 3977 3084 4036 ὅτ
3131 3994 3224 4055 15.
3264 3980 3360 4038 26.

448 4071 541 4125 24.
580 4070 674 4131 25.
714 4056 826 4114 διο.
864 4062 983 4115 tres
1024 4058 1165 4116 vero
1204 4054 1381 4115 etiam
1418 4071 1669 4116 numero
1709 4063 2059 4115 numerante
2097 4064 2500 4115 recensentur.
2547 4072 2594 4113 1.
2633 4055 2848 4115 Iohan.
2875 4071 2929 4132 5.
2952 4056 3112 4116 vnde
3131 4056 3362 4135 optima

442 4130 672 4193 ratione
730 4132 878 4193 haec
918 4132 1243 4197 deducitur.
1306 4132 1594 4211 Reliquae
1632 4138 1777 4196 vero
1816 4151 1997 4195 voces
2035 4133 2288 4212 aliquot,
2328 4136 2532 4212 quales
2571 4145 2736 4214 sunt,
2775 4134 3110 4213 proprietas
3151 4156 3355 4215 perso-

443 4230 585 4290 nae,
646 4211 851 4273 relatio
864 4258 885 4293 ,
944 4216 1153 4293 τρόπος
1216 4214 1535 4294 ὑπάρξεως,
1598 4216 1893 4293 γνώρισμα
1936 4230 2042 4274 seu
2081 4213 2248 4275 notio
2263 4258 2281 4292 ,
2323 4213 2432 4275 etsi
2471 4212 2908 4292 Scripturarum
2947 4216 3193 4277 nomina
3229 4237 3352 4280 non
3393 4224 3434 4259 θ

444 4290 591 4351 sint:
625 4302 825 4353 tamen
854 4312 927 4353 ex
953 4292 1146 4371 reipsa
1177 4293 1599 4371 consequentia
1630 4291 2070 4354 euidentissima
2103 4293 2488 4373 colliguntur:
2521 4303 2586 4353 vt
2617 4293 2810 4372 quiuis
2826 4314 2901 4357 ex
2921 4294 3350 4377 significatione

445 4384 650 4433 earum
666 4438 669 4441 ,
688 4387 825 4433 cum
863 4372 1253 4451 explicatione
1293 4372 1378 4435 rei
1416 4370 1596 4451 ipsius
1636 4372 1984 4451 comparata
2025 4373 2196 4435 facile
2235 4372 2436 4435 videre
2474 4382 2688 4453 potest.

3069 4473 3125 4537 5.
3187 4459 3242 4519 N
3245 4474 3364 4521 unc
