3923 4875
567 357 679 410 124
1528 348 1859 392 'tunsus
1920 347 2569 393 Tnnozoclcat.

636 517 695 574 8.
776 511 897 586 Qui
969 511 1172 570 Sacris
1238 509 1423 570 literis
1486 509 1711 586 aliquid
1770 509 2131 587 detulerunt,
2184 511 2260 570 de
2305 527 2410 589 eo,
2460 529 2534 569 an
2573 510 2738 569 Deus
2777 509 2851 569 sit
2889 507 3167 586 essentia,
3205 525 3494 586 nusquam

557 593 969 672 quaestionem
1021 600 1345 650 mouerunt
1365 636 1382 668 ,
1422 591 1529 649 sed
1573 589 1649 649 de
1688 607 1764 650 eo
1805 591 2068 668 tantum,
2107 609 2184 649 an
2221 589 2471 650 essentia
2509 590 2586 649 de
2623 591 2760 650 Deo
2799 587 3086 649 enuntiari
3121 588 3335 666 possit,
3357 591 3494 650 cum

561 679 650 751 (vt
688 671 999 747 dicebant)
1043 672 1271 730 nullam
1316 669 1602 730 essentiae
1642 670 1757 731 Dei
1796 669 2163 730 mentionem
2203 670 2504 747 Scriptura
2542 668 2745 748 faciat3
2783 687 2989 728 verum
3021 669 3291 746 quamuis
3323 689 3495 730 voca·

560 754 767 815 bulum
830 749 1159 828 essentiae,
1225 750 1477 810 totidem
1534 747 1712 810 literis
1766 767 1889 810 non
1950 749 2374 827 exprimeretur
2439 749 2498 810 in
2560 748 2862 824 Scriptura
2899 749 3090 827 (quod
3128 750 3336 809 salsum
3375 760 3462 810 est
3479 796 3497 826 ,

561 837 751 894 Prou.
799 835 859 892 8.
906 829 1029 911 14.)
1091 839 1324 907 tamen,
1389 829 1529 905 quia
1570 829 2002 906 aequiualentia
2039 827 2436 908 reperiuntur,
2475 839 2540 889 vt
2579 834 2843 906 θειότης,
2893 831 3066 890 Rom.
3123 849 3175 890 1.
3217 849 3312 890 20.
3351 833 3495 891 θεοῦ

570 915 780 990 φύσις,
832 913 969 970 Gal.
1014 930 1070 984 4.
1116 913 1173 971 8.
1222 931 1300 980 μυ
1380 911 1413 983 ἡ
1453 914 1623 987 θεοῦ,
1666 911 1826 970 Phil.
1871 929 1925 970 2.
1966 911 2024 968 6.
2055 911 2112 968 &
2142 908 2458 986 coniugata
2495 906 2674 986 ipsius
2693 907 2996 987 vocabuli,
3017 918 3083 970 vt
3101 917 3235 968 sunt
3252 909 3496 969 nomina

564 991 711 1068 Dei,
776 991 1038 1069 Iehoua,
1091 991 1229 1068 Iah3
1338 988 1499 1065 heie,
1556 983 1663 1068 ὧν,
1704 989 1829 1049 siue
1868 989 2126 1066 αῦτοών;
2167 988 2419 1049 dicimus
2458 989 2658 1048 sancte
2699 989 2754 1046 &
2793 986 2889 1065 pie
2927 985 2988 1047 in
3025 989 3146 1048 hoc
3184 989 3494 1066 mysteriO,

566 1071 713 1131 olim
756 1074 793 1130 a
830 1070 946 1130 Dei
988 1067 1204 1148 seruiS,
1246 1067 1608 1129 vocabulum
1649 1067 1959 1130 Essentiae
1999 1078 2344 1147 vsurpatum
2384 1087 2513 1129 esse
2551 1069 2608 1126 &
2647 1083 2804 1127 nunc
2845 1066 3126 1146 vsurparI.

648 1171 705 1228 9.
789 1150 973 1224 Quod
1014 1149 1065 1210 si
1108 1151 1337 1208 Natura
1375 1145 1651 1209 homines
1692 1144 1937 1226 quosuis
1975 1145 2174 1225 aliquo
2217 1148 2404 1209 modo
2444 1149 2660 1208 doceat
2696 1147 2894 1208 Deum
2925 1167 3082 1221 esse,
3103 1151 3160 1208 δι
3181 1146 3490 1208 essentiam

566 1249 696 1290 esse
758 1229 1016 1307 primam
1034 1274 1055 1307 ,
1120 1236 1428 1308 sequetur,
1493 1226 1667 1288 simul
1728 1229 1949 1289 docere
2009 1245 2144 1307 eos,
2198 1227 2316 1288 Dei
2361 1228 2673 1288 essentiam
2713 1244 2841 1288 esse
2879 1227 3053 1288 aliam
3096 1229 3174 1288 ab
3215 1226 3493 1288 omnibus

566 1307 861 1386 essentiis,
922 1306 1047 1368 tam
1110 1305 1533 1385 metaphysicis
1592 1311 1773 1385 quam
1834 1305 2122 1386 physicis,
2182 1306 2322 1384 quia
2373 1311 2463 1382 (vt
2500 1306 2725 1384 reliqua
2764 1306 3122 1386 antiquitatis
3161 1305 3494 1368 testimonia

566 1392 821 1465 taceam)
862 1389 979 1449 hae
1018 1386 1377 1466 principium
1418 1391 1475 1449 δι
1514 1389 1729 1480 finem,
1770 1387 1903 1448 illae
1942 1385 2299 1466 principium
2338 1388 2594 1459 habent,
2633 1386 2746 1447 Dei
2786 1393 2930 1448 vero
2963 1386 3276 1448 essentiam
3309 1403 3492 1464 quum

566 1469 821 1530 dicimus
860 1467 1147 1547 primam,
1188 1471 1226 1528 a
1264 1469 1431 1528 nullo
1472 1466 1829 1546 principium
1868 1467 2090 1527 habere
2129 1465 2408 1547 dicimuS,
2449 1466 2590 1545 quia
2629 1466 2774 1526 nihil
2805 1468 2964 1544 prius
2983 1466 3195 1546 primo.
3237 1466 3300 1526 Si
3317 1466 3494 1526 aliam

558 1552 642 1610 ab
694 1548 973 1610 omnibus
1026 1546 1326 1620 essentiiS,
1370 1550 1427 1608 δε
1468 1548 1719 1625 primam
1762 1545 2078 1608 essentiam
2119 1567 2281 1625 esse,
2321 1558 2450 1608 tum
2490 1547 2545 1608 ei
2585 1547 2761 1607 tribui
2801 1557 3080 1625 oportere
3119 1565 3329 1606 omnes
3367 1565 3494 1623 per-

564 1628 851 1690 fectiones
867 1675 884 1708 ,
930 1644 1080 1706 quas
1121 1629 1182 1688 in
1222 1627 1508 1688 creaturis
1546 1626 2099 1704 animaduertimus,
2143 1627 2310 1704 quod
2351 1629 2619 1688 fecerunt
2659 1625 2900 1686 Ethnici
2919 1629 3046 1687 sola
3063 1637 3306 1686 naturae
3327 1627 3462 1685 luce
3475 1672 3494 1702 ,

570 1709 845 1770 scientias
860 1755 878 1788 ,
918 1719 1101 1787 arteS,
1141 1710 1198 1768 δι
1237 1706 1521 1784 quicquid
1561 1707 1805 1768 alicuius
1843 1706 2016 1785 pretij
2057 1707 2342 1768 videbant
2382 1725 2512 1768 esse
2526 1753 2544 1785 ,
2582 1708 2662 1767 ad
2701 1707 2896 1767 Deum
2939 1707 3273 1767 referentes
3335 1705 3398 1766 Si
3439 1705 3494 1766 ei

569 1790 826 1850 tribuere
888 1807 1097 1848 omnes
1151 1785 1540 1864 perfectiones
1594 1787 1951 1865 edocemur,
2003 1797 2130 1847 tum
2167 1806 2292 1847 non
2333 1788 2630 1866 human0,
2672 1787 2776 1846 sed
2817 1785 3051 1865 diuin0,
3089 1804 3214 1847 non
3255 1795 3493 1864 nostrO,

568 1868 673 1928 sed
714 1887 824 1928 suo
867 1867 1339 1945 supereminente
1354 1912 1372 1945 ,
1412 1869 1468 1927 δι
1508 1869 1771 1946 perfecto
1813 1867 1999 1928 modo
2037 1866 2339 1927 enunciari
2380 1868 2599 1928 debere
2637 1865 2813 1926 simul
2853 1867 3202 1946 edocemur,
3235 1871 3291 1928 δι
3325 1881 3492 1943 repu-

570 1958 695 2007 tare
736 1947 1117 2024 perfectionis
1158 1947 1457 2024 vmbram,
1501 1965 1655 2024 quae
1691 1948 1753 2008 in
1790 1947 2074 2008 creaturis
2109 1947 2400 2026 cernitur,
2440 1965 2567 2008 esse
2605 1947 2685 2006 ab
2727 1945 2887 2026 ips0,
2929 1946 3030 2024 qui
3069 1947 3324 2008 vniuoce
3362 1965 3490 2024 per-

572 2031 759 2087 fectus
801 2036 916 2086 est:
958 2028 1126 2104 quod
1166 2025 1374 2087 fecisse
1414 2027 1709 2087 Ethnicos
1740 2026 2013 2088 videmus
2055 2046 2130 2086 ex
2169 2036 2394 2090 natura.

654 2126 747 2166 10.
829 2106 997 2166 Idem
1047 2110 1103 2167 δι
1150 2105 1365 2166 eodem
1420 2106 1630 2167 ordine
1670 2108 1972 2186 Scriptura
2009 2106 2185 2168 nobis
2221 2105 2422 2166 tradit.
2477 2123 2519 2165 1.
2559 2105 2871 2166 essentiam
2911 2105 3057 2178 Dei,
3099 2108 3277 2184 longe
3315 2107 3490 2166 aliam

574 2204 703 2246 esse
742 2188 819 2247 ab
860 2186 1137 2248 omnibus
1176 2185 1462 2263 essentiis,
1506 2188 1656 2247 Esa.
1701 2206 1797 2260 40.
1844 2190 1935 2248 18.
1983 2202 2076 2264 25.
2125 2188 2272 2246 Esa.
2320 2188 2418 2259 46.
2457 2205 2516 2262 9.
2562 2206 2616 2246 2.
2657 2185 2844 2246 nostri
2881 2205 3115 2260 caussa,
3159 2185 3298 2262 quia
3331 2205 3492 2264 mag-

568 2283 711 2325 num
755 2285 911 2346 esse,
952 2269 1007 2326 &
1046 2267 1369 2344 excelsum,
1402 2265 1780 2344 perfectionis
1819 2265 2064 2326 alicuius
2103 2264 2335 2326 videtur
2375 2285 2534 2344 esse,
2567 2267 2764 2325 Deum
2786 2283 3068 2344 magnum
3094 2271 3148 2326 δι
3167 2268 3494 2344 excelsum,

566 2346 885 2406 innumeris
940 2346 1001 2405 in
1051 2347 1200 2406 locis
1248 2357 1582 2426 nuncupat,
1632 2349 1818 2407 Deut.
1861 2364 1915 2421 7.
1960 2366 2054 2406 21.
2104 2348 2254 2406 Esa.
2298 2362 2392 2424 57.
2438 2365 2530 2422 13.
2581 2349 2885 2423 postremo
2925 2347 3125 2406 Deum
3165 2365 3290 2406 esse
3331 2365 3492 2422 mag-

568 2446 713 2486 num
772 2429 829 2487 δι
888 2428 1186 2488 excelsum
1234 2425 1439 2487 diuino
1492 2425 1711 2503 mod0,
1770 2446 1895 2487 non
1946 2427 2211 2487 humano
2251 2435 2492 2505 nostro,
2532 2427 2661 2486 Iob.
2699 2443 2764 2486 11.
2803 2430 2864 2487 8.
2905 2427 3054 2487 Esa.
3101 2428 3196 2503 56.
3237 2428 3294 2488 8.
3337 2449 3395 2506 9.
3435 2427 3492 2487 δι

568 2523 802 2567 causam
844 2506 1113 2567 omnium
1153 2504 1405 2585 entium,
1446 2509 1503 2567 δι
1546 2505 1810 2567 omnium
1828 2552 1845 2585 ,
1884 2507 1947 2567 in
1989 2507 2265 2567 omnibus
2307 2507 2540 2567 entibus
2581 2506 3036 2585 perfectionum,
3075 2509 3248 2567 Rom.
3289 2523 3354 2569 11.
3395 2508 3494 2584 36.

566 2588 765 2647 Iacob.
808 2604 847 2645 1.
897 2602 987 2661 17.
1028 2587 1440 2663 Quamobrem
1480 2586 1659 2647 etiam
1700 2584 2002 2663 Scriptura
2039 2586 2315 2648 enunciat
2354 2586 2471 2647 Dei
2509 2587 2790 2646 attributa
2825 2587 2888 2646 in
2927 2586 3244 2647 abstracto.

652 2686 677 2725 1
694 2687 745 2727 1.
822 2668 915 2725 Ex
954 2664 1303 2743 supradictis
1342 2664 1636 2743 colligitur
1677 2666 1996 2727 methodus
2010 2712 2028 2743 ,
2069 2684 2189 2743 qua
2224 2668 2390 2727 Deus
2431 2684 2538 2743 per
2577 2676 2820 2726 naturae
2861 2668 2916 2726 &
2949 2664 3284 2744 Scripturae
3305 2665 3495 2726 docu-

566 2755 801 2824 menta,
855 2746 935 2806 ad
997 2746 1278 2823 ὕπερουσι
1289 2768 1354 2804 ου
1401 2746 1611 2811 οὐσίας
1659 2762 1799 2805 suae
1845 2747 2248 2823 cognitionem
2297 2744 2557 2807 deducit.
2617 2745 2778 2806 Illius
2831 2756 2949 2805 tres
2989 2755 3124 2806 sunt
3161 2755 3358 2823 partes
3399 2748 3494 2806 vel

568 2824 804 2903 gradus.
846 2824 1077 2885 Primus
1115 2832 1205 2882 est
1244 2823 1598 2902 negationiS,
1638 2825 1879 2902 quando
1923 2827 1998 2887 de
2038 2828 2172 2886 Deo
2213 2844 2336 2886 non
2377 2828 2644 2886 valentes
2681 2826 2833 2885 scire
2871 2826 2938 2900 (f.
2987 2824 3184 2900 1610.)
3225 2826 3370 2903 quid
3389 2825 3493 2903 sit,

568 2904 714 2979 quid
780 2923 905 2964 non
969 2904 1043 2963 sit
1082 2901 1522 2964 consideramus
1537 2948 1554 2981 ,
1612 2905 1981 2966 remouendo
2023 2924 2176 2983 quae
2218 2906 2272 2965 ei
2311 2924 2436 2966 non
2475 2904 2794 2965 conuenire
2833 2904 3126 2966 videntur.
3187 2906 3494 2965 Secundus

568 2993 687 3061 est,
728 3001 913 3059 quum
957 2984 1040 3043 ob
1082 2982 1334 3043 eandem
1374 2981 1770 3045 infirmitatem
1810 2995 2073 3045 nostram
2089 3030 2107 3065 ,
2144 2993 2209 3044 vt
2227 2983 2542 3062 aliqualem
2563 2984 2770 3063 aliam,
2792 3000 2972 3061 quam
2993 2984 3360 3063 negatiuam‚
3380 2986 3496 3045 Dei

569 3061 974 3139 cognitionem
1032 3062 1359 3122 habeamus
1372 3108 1391 3143 ,
1451 3062 1735 3140 quicquid
1792 3063 2064 3125 videmus
2123 3084 2266 3143 prae
2324 3084 2388 3126 se
2427 3066 2578 3124 ferre
2617 3064 2876 3141 aliquam
2918 3064 3288 3125 nobilitatem
3301 3110 3318 3143 ,
3359 3067 3494 3126 Deo

570 3140 898 3201 tribuimus.
964 3143 1303 3201 Postremus
1350 3152 1471 3214 est,
1530 3160 1714 3219 quum
1764 3144 2014 3205 scientes
2053 3162 2206 3221 quae
2243 3146 2379 3205 Deo
2417 3142 2726 3205 tribuimus
2740 3189 2758 3218 ,
2797 3162 2922 3203 non
2963 3164 3138 3223 posse
3179 3144 3234 3204 ei
3271 3146 3462 3206 inesse
3478 3191 3497 3224 ,

572 3231 636 3280 vt
676 3218 850 3280 nobis
890 3220 1120 3298 insunt,
1162 3221 1447 3299 quicquid
1484 3221 1866 3283 enunciamus
1908 3224 1986 3284 de
2026 3226 2192 3301 Deo,
2231 3224 2616 3284 enunciamus
2653 3224 2925 3283 vniuoce.

664 3318 753 3357 12.
834 3302 1005 3358 quta
1062 3301 1217 3359 hanc
1276 3302 1624 3361 methodum
1677 3302 1927 3362 vidimus
1979 3304 2304 3381 generatim
2357 3307 2414 3364 &
2453 3305 2697 3363 confuse
2737 3303 2886 3362 thesi
2927 3322 3088 3364 nona
3129 3306 3184 3363 &
3226 3302 3493 3383 decima,

577 3378 823 3452 qualiter
865 3381 903 3436 a
940 3377 1116 3438 nobis
1154 3397 1227 3437 ex
1266 3380 1475 3440 natura
1513 3384 1567 3441 &
1609 3381 1931 3461 Scriptura,
1973 3384 2223 3443 essentia
2260 3384 2376 3443 Dei
2415 3383 2698 3461 cognosci
2739 3382 2940 3458 possit.
2991 3386 3164 3443 Nunc
3199 3382 3494 3461 sigillatim

578 3456 738 3516 idem
801 3455 1125 3517 videndum
1186 3468 1301 3538 est,
1364 3471 1487 3519 tum
1546 3459 1727 3520 deum
1778 3462 2104 3537 aliqualiter
2155 3462 2549 3523 describendo
2585 3462 2648 3521 in
2685 3462 2845 3521 hunc
2889 3462 3137 3523 modum
3178 3466 3366 3555 (Dgus
3407 3472 3496 3524 est

579 3536 837 3597 essentia
874 3536 1094 3613 prima,
1136 3536 1592 3617 simplicissima,
1632 3538 1886 3618 infinita,
1928 3541 2131 3619 vnica,
2173 3540 2578 3619 immutabilis,
2617 3540 2824 3600 viuens
2839 3584 2857 3618 ,
2898 3540 3260 3622 intelligenS,
3305 3543 3494 3603 omni-

574 3625 819 3695 potens,
878 3619 935 3676 &
986 3616 1426 3693 perfectissima)
1464 3626 1591 3677 tum
1630 3618 1933 3687 attributa,
1974 3640 2048 3680 ex
2089 3620 2302 3698 quibus
2342 3620 2796 3698 descriptionem
2837 3622 3246 3683 contexuimus
3261 3667 3279 3701 ,
3321 3640 3496 3683 accu-

575 3696 755 3756 ratius
799 3694 1153 3773 explicando
1170 3739 1188 3773 ,
1226 3692 1288 3754 in
1332 3713 1589 3773 quorum
1630 3696 1974 3775 cognitione
2011 3698 2280 3760 consistit
2318 3700 2604 3761 essentiae
2641 3698 2875 3760 veritas.

660 3794 751 3849 13.
838 3775 1101 3851 Quando
1164 3772 1413 3834 dicimus
1471 3776 1751 3838 attributa
1790 3779 2107 3857 essentiae,
2148 3778 2616 3839 demonstramus
2653 3798 2766 3839 nos
2806 3798 2920 3839 nec
2962 3782 3039 3841 de
3081 3781 3178 3859 iis,
3226 3798 3380 3859 quae
3419 3784 3498 3844 ad

577 3863 876 3913 creaturas
930 3861 1260 3930 respectum
1296 3853 1547 3926 habent,
1588 3868 1651 3916 vt
1692 3858 1943 3931 creatio,
1985 3862 2095 3918 &c.
2137 3860 2318 3918 verba
2358 3861 2550 3918 facere
2563 3903 2582 3937 ,
2622 3878 2733 3919 nec
2772 3858 2850 3917 de
2889 3857 2987 3937 iis,
3029 3878 3180 3937 quae
3220 3862 3497 3923 dicuntur

576 3931 943 4019 personalia,
984 3934 1039 3991 &
1078 3942 1213 3991 sunt
1254 3933 1641 4011 proprietates
1681 3939 2052 4016 personaleS,
2095 3956 2248 4015 quae
2283 3938 2346 3997 in
2383 3939 2603 3999 vnitate
2643 3936 2929 3999 essentiae
2946 3982 2964 4017 ,
3003 3959 3289 4016 personas
3309 3942 3498 4003 deter-

577 4020 807 4067 minant
846 4009 908 4068 in
950 4028 1011 4069 se
1029 4055 1047 4088 ,
1085 4014 1140 4070 &
1182 4011 1548 4090 distinguunt
1584 4014 1735 4074 inter
1776 4033 1870 4074 se:
1912 4017 2019 4076 sed
2058 4016 2135 4076 de
2173 4015 2272 4093 iis,
2314 4034 2466 4092 quae
2505 4018 2910 4095 enuntiantur,
2951 4036 3075 4078 non
3115 4020 3192 4079 de
3233 4040 3352 4081 vna
3371 4033 3498 4081 tan-

580 4086 707 4143 tum
748 4106 1031 4165 persona,
1072 4090 1177 4149 sed
1216 4089 1294 4149 de
1332 4091 1516 4152 tribus
1556 4093 1821 4170 personis
1836 4138 1853 4172 ,
1894 4114 2048 4173 vn0,
2089 4096 2248 4172 so10,
2289 4098 2342 4154 81
2383 4115 2528 4157 vero
2567 4099 2702 4157 Deo
2740 4096 3060 4157 benedicto
3099 4097 3162 4157 in
3203 4102 3422 4162 secula.

670 4182 761 4235 14.
841 4168 1180 4246 Praeterea,
1240 4170 1582 4231 attributum
1597 4218 1615 4250 ,
1676 4173 1797 4232 hoc
1854 4172 1917 4233 in
1968 4175 2108 4234 loco
2125 4218 2142 4251 ,
2194 4191 2319 4232 non
2357 4194 2468 4251 pro
2509 4174 2850 4252 praedicato
2889 4176 3214 4253 accipimus
3253 4181 3468 4257 quouis
3482 4227 3500 4259 ,

582 4241 749 4331 quod
808 4254 1009 4319 posset
1062 4247 1137 4305 de
1188 4249 1325 4307 Deo
1366 4250 1693 4325 praedicari
1706 4296 1724 4330 ,
1774 4252 1879 4311 sed
1915 4272 2030 4330 pro
2069 4252 2526 4330 proprietatibus
2561 4256 2696 4315 Deo
2736 4252 2988 4332 propriis
3028 4267 3241 4333 quarto
3281 4260 3499 4339 mod0,

588 4321 698 4380 soh
738 4322 794 4381 &
834 4339 1065 4400 semper
1079 4369 1098 4402 ,
1138 4325 1353 4403 quibus
1392 4328 1677 4393 essentiae
1716 4330 1928 4394 veritas
1967 4333 2028 4391 in
2067 4350 2131 4395 se
2169 4329 2512 4410 innotescit,
2553 4337 2608 4400 δι
2647 4334 2726 4395 ab
2765 4332 2890 4397 aliis
2933 4332 3324 4414 distinguitur.

3191 4432 3282 4499 15.
3343 4420 3486 4482 Hae
