3923 4875
1336 375 1659 424 THESES
1722 379 2372 426 THEOLOGICAE.
3198 381 3308 446 177

413 541 718 603 cedendo:
780 539 1122 618 posterioris
1182 551 1381 601 autem
1437 541 1615 602 etiam
1677 558 1811 601 cum
1858 541 2063 602 mortis
2112 541 2571 602 comminatione
2620 541 3026 623 prohibendo,
3065 545 3312 606 liberam

411 618 731 683 voluntatis
768 621 1063 681 humanae
1102 620 1507 681 conditionem
1546 639 1669 680 non
1709 623 1963 681 obscure
1999 619 2340 682 testificatus
2381 632 2468 682 est
2504 619 2818 681 Dominus,

491 705 586 778 38.
668 700 768 760 Ad
820 698 1186 760 rectitudinis
1232 699 1409 778 igitur
1456 699 1689 760 innatae
1737 701 2250 762 conseruationem
2263 747 2280 782 ,
2319 700 2480 761 nulla
2515 699 2628 760 nisi
2664 699 2803 760 iuris
2844 703 2900 762 &
2940 702 3312 764 obedientiae

414 779 757 844 necessitate
800 779 1143 858 obstrictus,
1184 799 1317 840 eam
1358 779 1591 840 interno
1630 797 1738 840 suo
1777 779 2070 858 principio
2085 825 2102 860 ,
2141 789 2333 859 eoque
2369 780 2670 842 liberrimo
2685 825 2703 860 ,
2745 780 2991 860 abiecit,
3031 784 3166 842 cum
3183 828 3200 861 ,
3235 785 3312 846 de

408 861 637 922 arboris
676 858 893 921 vetitae
929 861 1124 920 fructo
1164 861 1513 940 comedenS,
1551 862 1588 919 a
1627 859 1986 939 praescripta
2024 859 2140 921 sibi
2178 860 2418 922 viuendi
2459 861 2670 921 norma
2710 861 3063 921 declinaret:
3106 869 3310 940 sicque

410 941 653 1002 arbitrio
696 957 805 1000 suo
846 941 1000 1008 male
1040 949 1209 1000 vtens
1250 960 1311 1000 se
1324 985 1341 1019 ‚
1383 943 1459 1002 ὀύ
1498 960 1665 1000 suum
1698 946 1787 1018 (vt
1827 959 1964 1002 cum
1983 940 2312 1020 Augustino
2333 941 2646 1019 loquamur
2684 942 2996 1002 Euchirid.
3019 944 3108 1000 ad
3116 944 3312 1004 Laur.

411 1031 541 1100 cap.
580 1022 705 1098 30.)
732 1021 1000 1099 perdidit
1033 1020 1368 1081 arbitrium.

492 1119 588 1179 39.
669 1101 812 1160 Hoc
872 1098 1031 1160 enim
1089 1098 1367 1177 singulari
1424 1101 1583 1161 facto
1636 1101 1826 1176 (quod
1880 1103 2044 1160 Deus
2094 1119 2168 1160 ex
2205 1101 2446 1162 decreto
2487 1101 2543 1160 &
2583 1099 2832 1161 consilio
2872 1111 3113 1162 aeterno
3129 1145 3148 1180 ,
3188 1102 3312 1163 sine

412 1181 527 1241 vlla
567 1179 770 1260 culpa,
810 1177 1107 1258 permisit,
1149 1183 1205 1239 δι
1243 1180 1322 1239 ad
1358 1180 1573 1240 iustum
1612 1181 1793 1240 finem
1831 1178 2152 1254 ordinauit)
2190 1180 2424 1258 penitus
2465 1178 2773 1241 obliterata
2818 1191 2908 1240 est
2953 1179 3151 1260 imago
3170 1181 3315 1274 Dei,

410 1262 466 1321 δι
526 1260 586 1320 in
635 1261 759 1321 eius
811 1262 1013 1320 locum
1069 1259 1348 1321 successit
1394 1258 1751 1320 incredibilis
1802 1261 2016 1326 ἀταξία
2055 1263 2110 1320 81
2152 1259 2452 1338 corruptio
2493 1259 2553 1319 in
2591 1259 2831 1338 natura,
2871 1262 2996 1320 tum
3037 1261 3314 1339 singulari

412 1339 593 1418 ipsius
646 1339 864 1400 Adami
880 1385 897 1419 ,
946 1341 1073 1398 timi
1112 1339 1417 1400 communi
1455 1339 1721 1401 omnium
1760 1350 2131 1418 posterorum
2147 1385 2164 1418 ,
2206 1339 2307 1417 qui
2345 1341 2422 1400 ab
2465 1357 2538 1400 eo
2554 1383 2572 1417 ,
2613 1349 2893 1417 tanquam
2931 1343 2968 1400 a
3010 1340 3316 1419 principali

408 1419 714 1482 indiuiduo
729 1465 747 1498 ,
786 1419 1114 1480 secundum
1152 1429 1423 1480 naturam
1465 1419 1807 1512 propagati,
1848 1418 1907 1479 in
1948 1419 2081 1498 ipso
2117 1429 2542 1497 peccauerunt:
2596 1419 2766 1494 Quae
2806 1418 2962 1480 enim
3003 1422 3164 1480 dona
3202 1421 3314 1482 sibi

414 1507 649 1577 suisque
690 1508 1028 1578 acceperat,
1070 1501 1207 1576 ea(f.
1256 1501 1591 1578 1655.)dem
1631 1499 1742 1560 sibi
1782 1498 2018 1576 suisque
2058 1502 2216 1560 facto
2257 1517 2364 1559 suo
2404 1498 2616 1559 amisit.

491 1600 589 1654 40.
670 1581 846 1640 Hanc
907 1577 1082 1656 igitur
1139 1581 1525 1640 mutationem
1573 1589 1774 1640 secuta
1824 1589 1913 1638 est
1949 1579 2295 1658 necessitaS‚
2335 1583 2537 1657 (quarn
2575 1577 2660 1638 rei
2700 1580 2755 1638 &
2795 1580 3034 1640 effectus
3071 1582 3313 1657 vocant)

416 1657 743 1740 potentiam
782 1661 860 1720 ad
880 1657 1183 1719 ·vtrumuis
1196 1705 1214 1738 ,
1254 1659 1379 1721 siue
1417 1661 1673 1738 bonum,
1716 1658 1838 1720 siue
1878 1661 2100 1719 malum
2115 1705 2133 1738 ,
2172 1659 2420 1720 liberam
2434 1703 2452 1738 ,
2493 1659 2886 1719 determinans
2927 1659 3141 1736 triplici
3175 1679 3314 1720 con-

416 1741 668 1818 ditione,
733 1748 911 1817 prout
962 1737 1247 1816 triplicem
1304 1740 1382 1800 ad
1422 1740 1572 1800 haec
1610 1740 1731 1800 duo
1770 1739 2044 1818 specialia
2083 1739 2318 1801 obiecta
2353 1749 2685 1816 respectum
2725 1740 2904 1799 habet
2917 1783 2934 1812 ,
2973 1739 3052 1798 ad
3088 1741 3316 1800 bonum

415 1839 658 1898 nempe,
698 1820 778 1880 ad
816 1821 1071 1898 malum,
1112 1819 1167 1877 &
1206 1820 1285 1879 ad
1324 1830 1637 1897 vti-umque
1676 1818 1867 1880 simul.

491 1920 587 1972 41.
668 1899 909 1977 Triplex
948 1907 1146 1958 autem
1185 1897 1296 1959 ista
1334 1899 1650 1960 necessitas
1692 1919 1765 1960 ex
1805 1898 2020 1976 triplici
2053 1897 2304 1978 duplicis
2337 1897 2694 1959 aduentitiae
2718 1899 2942 1958 formae
2959 1897 3020 1958 in
3041 1898 3284 1960 homine
3297 1944 3315 1977 ,

416 1979 809 2056 corruptionis
862 1975 1139 2038 nimirum
1153 2024 1171 2058 ‚
1224 1980 1281 2039 &
1319 1977 1640 2040 sanctitatis
1680 1981 1884 2056 (quam
1922 1979 2250 2056 Apostolus
2289 1980 2484 2056 legem
2525 1977 2716 2038 carnis
2754 1981 2810 2038 δε
2853 1979 3043 2056 legem
3083 1978 3316 2057 spiritus

415 2062 672 2136 appellat
730 2062 905 2119 Rom.
944 2060 1001 2118 8.
1046 2078 1099 2119 2.
1144 2061 1225 2135 3.)
1284 2057 1757 2120 consideratione
1771 2105 1789 2134 ,
1835 2067 2030 2118 ortum
2078 2057 2276 2119 ducit:
2330 2077 2404 2118 ex
2456 2057 2834 2136 corruptione
2874 2058 3030 2118 enim
3071 2069 3313 2120 natiuae

410 2148 647 2200 nostrae
703 2137 947 2216 adnata,
986 2137 1247 2214 sequitur
1285 2139 1599 2200 necessitas
1638 2138 1716 2199 ad
1757 2141 2005 2198 malurn:
2045 2158 2120 2199 ex
2155 2138 2493 2217 sanctitate,
2531 2139 2612 2199 ad
2653 2141 2908 2198 bonum:
2952 2155 3026 2198 ex
3062 2149 3310 2217 vtraque

414 2218 759 2298 coniuncta,
799 2218 878 2278 ad
918 2219 1177 2296 bonum,
1218 2221 1273 2278 δι
1313 2219 1390 2279 ad
1431 2221 1671 2280 malum.

491 2318 589 2372 42·
665 2299 832 2359 Hinc
888 2296 1099 2375 triplex
1155 2298 1403 2378 emergit
1457 2297 1712 2360 hominis
1758 2308 1897 2377 post
1942 2299 2175 2376 lapsum
2215 2295 2482 2359 conditio
2523 2298 2848 2358 secundum
2885 2315 3066 2375 quam
3106 2299 3314 2376 triplex

412 2377 589 2439 etiam
627 2379 689 2439 in
736 2399 811 2441 eo
856 2376 1028 2439 liberi
1065 2377 1283 2455 arbitrij
1321 2378 1471 2439 ratio
1510 2378 1944 2440 consideranda
1984 2389 2094 2439 est:
2134 2397 2278 2457 vna,
2316 2377 2379 2437 in
2415 2385 2570 2437 statu
2610 2386 2853 2439 naturae
2892 2389 3208 2455 corruptae
3222 2423 3239 2457 ,
3277 2381 3316 2437 ὸ,

412 2476 528 2535 qua
566 2459 844 2538 σαρκικός
881 2460 1228 2536 appellatur.
1290 2462 1495 2520 Altera
1530 2458 1593 2520 in
1632 2469 1785 2520 statu
1824 2468 2067 2519 naturae
2109 2479 2183 2520 ex
2220 2468 2388 2537 parte
2427 2466 2806 2535 regeneratae
2825 2502 2842 2535 ,
2882 2462 2920 2517 a
2953 2458 3070 2535 qua
3102 2458 3316 2519 dicitur

410 2539 791 2614 πνευματικὸς
806 2584 824 2609 ,
862 2539 970 2598 sed
1008 2536 1281 2599 inchoate
1319 2539 1564 2600 tantum.
1604 2538 1804 2599 Tertia
1841 2538 1901 2599 in
1944 2548 2098 2599 statu
2138 2539 2400 2599 eiusdem
2442 2536 2670 2616 penitus
2712 2547 3028 2597 renouatae
3044 2582 3061 2615 ,
3104 2541 3160 2597 δι
3191 2540 3313 2615 glo-

411 2615 697 2693 rificatae,
736 2617 893 2677 vnde
932 2620 1191 2696 perfecte
1231 2623 1287 2679 δι
1324 2624 1729 2681 consummate
1768 2618 2081 2697 spiritualis
2122 2617 2474 2680 nominatur.

489 2714 586 2772 43.
665 2698 735 2755 In
774 2696 958 2774 priori
998 2709 1197 2758 autem
1236 2698 1340 2759 illo
1382 2708 1568 2776 statu,
1609 2699 1717 2759 etsi
1752 2698 2226 2779 corruptissimO,
2264 2698 2510 2774 aliquod
2549 2706 2746 2757 tamen
2783 2696 2844 2755 in
2879 2696 3122 2756 homine
3141 2696 3312 2757 liber-

408 2776 543 2836 tatis
580 2774 801 2851 arbitrij
840 2776 1147 2855 vestigium
1180 2797 1463 2857 apparere
1508 2782 1944 2840 confirmamus.
1988 2782 2058 2839 In
2099 2778 2436 2857 adiaphoris
2465 2776 2623 2836 enim
2654 2776 2900 2837 liberam
2917 2821 2934 2854 ,
2957 2779 3012 2837 δι
3031 2776 3110 2835 ad
3129 2778 3312 2836 multa

410 2856 841 2915 indifferentem
878 2857 1222 2918 remansisse
1260 2858 1577 2919 voluntatis
1613 2858 1970 2920 electionem
1984 2904 2002 2937 ,
2043 2878 2136 2919 res
2176 2858 2331 2937 ipsa,
2373 2860 2429 2917 &
2469 2855 2801 2917 communis
2842 2856 3105 2916 omnium
3141 2874 3312 2933 expe-

408 2934 613 3026 rientia
650 2944 911 2996 testatur.
972 2940 1040 2997 In
1080 2937 1257 2999 bonis
1298 2943 1437 2999 vero
1478 2940 1533 2998 &
1574 2938 1741 3000 malis
1794 2938 2102 3017 quomodo
2135 2958 2200 2999 se
2238 2939 2486 3016 habeat,
2523 2936 2698 2997 vnica
2729 2934 3107 2997 distinctione
3135 2936 3313 3014 expli·

412 3034 534 3075 cari
572 3033 697 3075 non
736 3026 951 3093 potest.

488 3114 584 3168 44.
663 3097 925 3157 Primum
984 3096 1159 3177 igitur
1216 3100 1546 3159 notandum
1605 3109 1694 3160 est
1708 3144 1725 3173 ,
1785 3100 2015 3160 bonum
2075 3100 2131 3157 &
2191 3098 2412 3157 malum
2463 3094 2732 3157 bifariam
2783 3094 3002 3174 accipi,
3043 3094 3316 3157 strictiori

408 3173 715 3253 nimirum,
776 3177 832 3234 &
890 3176 1086 3237 latiori
1144 3176 1589 3257 significatione.
1652 3178 1941 3239 Strictiori
2002 3178 2242 3256 quidem
2287 3195 2400 3255 pro
2453 3175 2786 3237 actionibus
2826 3191 2935 3235 suo
2977 3194 3219 3255 genere,
3260 3179 3316 3237 δι

410 3256 736 3315 secundum
796 3255 1182 3317 substantiam
1241 3258 1436 3337 operis
1497 3268 1585 3335 (vt
1629 3258 1981 3337 loquuntur)
2028 3258 2202 3319 bonis
2256 3260 2311 3317 δι
2350 3255 2549 3317 malis:
2590 3254 2786 3316 latiori
2825 3266 3022 3316 autem
3060 3275 3172 3333 pro
3214 3255 3282 3315 iis
3299 3300 3316 3333 ,

412 3350 565 3411 quae
606 3338 1041 3411 quoquomodo
1082 3338 1228 3397 taloe
1268 3349 1433 3419 sunt,
1475 3338 1599 3399 siue
1639 3358 1746 3416 per
1790 3357 1885 3417 se,
1927 3341 1984 3398 81
2021 3336 2231 3399 natura
2269 3336 2406 3415 sua,
2445 3335 2571 3397 siue
2611 3354 2720 3413 per
2758 3334 3033 3397 accidens
3049 3380 3066 3415 ,
3087 3336 3316 3395 ratione

408 3412 841 3475 adiunctorum.
900 3416 1201 3477 Adiuncta
1260 3428 1457 3479 autem
1514 3417 1815 3478 actionum
1873 3436 2032 3479 voco
2047 3464 2064 3495 ,
2117 3416 2468 3495 principium
2483 3462 2502 3496 ,
2555 3413 2998 3477 circunstantias
3013 3460 3030 3494 ‚
3093 3414 3316 3493 media,

410 3493 828 3571 obiectumque
886 3496 943 3553 δι
997 3497 1207 3575 finem3
1260 3515 1412 3575 quae
1464 3496 1705 3575 quidem
1756 3497 1989 3578 omnia,
2030 3498 2080 3558 si
2121 3498 2198 3559 ad
2238 3496 2534 3558 actionem
2573 3494 2841 3557 ordinate
2881 3494 3284 3556 concurrerint
3299 3540 3317 3573 ,

412 3575 576 3635 bona
618 3583 738 3651 est,
776 3574 828 3633 si
866 3575 1201 3636 inordinate
1216 3620 1235 3655 ,
1274 3578 1447 3637 mala.

491 3669 588 3730 45.
669 3652 847 3714 Circa
906 3658 1134 3717 bonum
1186 3676 1325 3734 ergo
1342 3702 1359 3735 ,
1410 3660 1466 3717 81
1517 3660 1737 3718 malum
1752 3703 1770 3736 ,
1810 3659 2136 3719 secundum
2175 3656 2430 3735 priorem
2471 3656 2877 3734 acceptionem
2917 3654 3284 3716 considerata
3298 3697 3317 3725 ‚

406 3750 530 3792 non
570 3737 811 3795 renatus
852 3734 1215 3811 aliquatenus
1253 3736 1402 3797 liber
1439 3746 1546 3798 est.
1597 3736 1883 3812 Quamuis
1923 3738 2084 3799 enim
2120 3756 2244 3798 non
2282 3736 2411 3830 pari
2446 3736 2674 3797 ratione
2713 3737 2795 3796 ad
2834 3745 3170 3813 vti-umque,
3209 3735 3316 3795 sed

406 3812 484 3872 ad
524 3813 643 3873 hoc
682 3813 909 3893 potiuS,
950 3818 1129 3891 quam
1168 3815 1249 3875 ad
1286 3815 1433 3876 illud
1471 3816 1787 3878 vitiositate
1824 3817 1956 3894 sua,
1997 3820 2244 3877 feratur:
2278 3837 2340 3876 m
2360 3815 2616 3894 politicis
2636 3826 2866 3893 tamen,
2889 3812 3316 3891 oeconomiciS,

407 3894 463 3951 &
506 3894 827 3954 moralibus
865 3895 1197 3955 actionibus
1212 3940 1229 3973 ,
1268 3902 1631 3975 caeterisque
1670 3914 1821 3973 quae
1863 3897 2128 3957 sensibus
2142 3942 2160 3975 ,
2193 3898 2250 3955 δι
2289 3895 2502 3957 rationi
2522 3893 2932 3973 subiiciuntur,
2953 3896 3314 3954 voluntatem

407 3972 745 4053 electiuam,
786 3991 895 4035 suo
936 3976 1122 4036 modo
1165 3974 1423 4036 iunctam
1462 3977 1682 4037 habere
1721 3976 2054 4039 libertatem
2094 3976 2313 4053 arbitrij
2357 3975 2753 4036 indubitanter
2791 3974 3118 4035 asserimus.

488 4053 587 4125 46.
665 4053 727 4113 Si
764 4058 908 4115 vero
949 4055 1177 4115 bonum
1217 4058 1273 4114 δι
1312 4058 1533 4116 malum
1572 4057 1631 4115 in
1670 4075 1885 4135 genere
1923 4066 2253 4135 sumantur,
2293 4057 2470 4133 longe
2509 4054 2742 4114 diuersa
2781 4054 2930 4114 ratio
2959 4064 3064 4115 est.
3104 4056 3316 4114 Neces-

406 4131 563 4192 sario
614 4132 771 4192 enim
808 4146 1017 4212 peccat
1054 4137 1239 4195 homo
1280 4154 1403 4195 non
1445 4145 1705 4215 renatus,
1746 4155 1859 4196 nec
1900 4136 2220 4213 quicquam
2261 4137 2413 4195 velle
2453 4145 2553 4194 aut
2589 4135 2788 4195 facere
2827 4144 3054 4213 potest,
3101 4135 3318 4209 (donec

405 4230 515 4289 per
566 4213 812 4287 gratiam
864 4214 1323 4293 regenerationis
1378 4214 1536 4275 aliud
1576 4217 1675 4276 fiat
1715 4216 1881 4293 quod
1918 4236 2041 4276 non
2084 4217 2157 4277 sit
2195 4215 2394 4293 aliquo
2436 4214 2579 4275 vitio
2620 4214 2986 4290 inquinatum
3001 4258 3018 4291 ,
3059 4214 3194 4289 quia
3228 4216 3322 4273 vel

412 4290 680 4368 tantum,
721 4294 884 4368 quod
922 4296 983 4354 in
1023 4314 1087 4355 se
1128 4297 1349 4355 malum
1389 4306 1509 4373 est,
1554 4298 1680 4356 vult
1716 4298 1771 4354 &
1812 4296 1984 4375 sacit3
2024 4298 2116 4357 vel
2155 4297 2384 4357 etiams(
2421 4296 2584 4356 bona
2621 4294 2681 4353 in
2723 4313 2785 4353 se
2806 4293 2977 4371 velit,
2997 4305 3098 4354 aut
3117 4292 3321 4368 saciat,

415 4372 899 4449 quandoquidem
940 4379 978 4434 a
1016 4378 1181 4437 bono
1220 4376 1509 4452 principio
1548 4395 1669 4436 non
1710 4386 1871 4456 sunt,
1910 4378 1966 4434 δι
2010 4396 2114 4455 per
2154 4380 2316 4439 bona
2359 4376 2552 4437 media
2589 4374 2668 4433 ad
2705 4375 2918 4435 iustum
2939 4374 3236 4513 obieffium
3259 4372 3316 4431 in

1857 4475 1928 4533 23
3139 4469 3320 4512 onum
