3923 4875
609 347 726 419 284
1568 361 1898 404 'triesas
1957 359 2607 404 'rusonoolcaaa

604 524 813 585 Marc.
864 542 962 599 3ο.
1020 521 1178 582 enim
1237 523 1270 580 ό
1311 523 1456 582 αἰὼν
1505 526 1537 582 ὁ
1577 523 1912 603 ἐρχόμενος,
1956 519 2122 601 quod
2160 523 2293 602 plus
2332 541 2460 583 esse
2499 520 2733 582 videtur
2772 537 2952 598 quarn
2994 517 3290 581 Hebraeis
3332 520 3550 578 helam

607 605 662 663 &
703 621 982 680 praesens
1025 603 1324 662 seculum.
1363 621 1506 664 nam
1541 605 1664 663 hoc
1703 621 1826 662 non
1867 603 2286 695 interruptam,
2327 603 2383 662 δε
2424 603 2823 664 continuatam
2843 599 3253 661 extensionem
3275 598 3356 659 ad
3376 599 3554 659 finem

610 681 893 760 denotat,
953 680 1099 742 illud
1161 687 1312 744 vero
1374 681 1500 744 sine
1561 684 1700 743 fine.
1757 683 1971 762 Neque
2024 702 2183 744 enlm
2236 681 2561 761 recipiendi
2602 691 2765 755 sunt,
2806 680 2909 758 qui
2948 679 3176 741 statutis
3216 681 3557 739 seculorum

613 761 939 822 interuallis
989 762 1352 822 alternantes
1406 762 1534 824 sine
1585 761 1914 824 cessatione
1955 773 2092 824 ante
2132 763 2291 824 diem
2330 761 2718 824 nouissimum
2760 760 3024 822 miserias
3060 763 3118 821 δι
3156 758 3557 820 beatitudines

609 851 951 903 autumant:
1011 860 1152 902 nam
1214 842 1492 921 quamuis
1551 841 1786 903 animae
1845 854 2035 905 terrea
2084 843 2237 904 haec
2288 860 2395 904 sua
2432 845 2669 904 vascula
2708 841 3089 920 corruptione
3128 839 3248 900 iam
3290 837 3556 900 obnoxia

609 921 944 1000 linquentes
961 967 979 1000 ,
1031 939 1228 982 rursus
1284 921 1493 984 eadem
1533 921 1800 984 secundo
1839 921 2059 986 Christi
2100 923 2360 984 aduentu
2397 923 2773 1001 incorruptae
2812 932 3055 981 naturae
3092 929 3274 998 atque
3312 919 3556 979 immor-

615 1001 754 1061 talia
815 999 1090 1081 induent,
1147 1020 1278 1063 non
1341 1001 1566 1064 idcirco
1625 1001 1877 1064 subinde
1929 1013 2146 1064 statum
2198 1013 2447 1064 mutant.
2506 1005 2630 1064 Itus
2670 1005 2811 1064 vero
2851 1012 2955 1062 aut
2992 998 3217 1060 reditus
3260 1001 3412 1060 tales
3452 997 3555 1076 qui

610 1091 872 1142 statuunt
885 1127 904 1156 ,
944 1082 1204 1144 humana
1247 1081 1653 1144 misericordia
1696 1081 1873 1163 moti,
1913 1101 2081 1144 suam
2120 1093 2349 1144 tantum
2390 1099 2631 1144 causam
2668 1090 2942 1161 agentes,
2980 1079 3153 1141 nimis
3186 1077 3556 1158 blasphemi,

609 1160 724 1222 Dei
765 1160 1126 1223 ineffabilem
1169 1161 1537 1224 maiestatem
1575 1181 1698 1223 non
1739 1181 1814 1222 ex
1853 1182 2049 1242 aequo
2092 1161 2480 1224 reformidant
2514 1172 2616 1223 aut
2653 1171 3011 1223 reuerentur.

698 1262 721 1301 1
739 1262 789 1302 1.
871 1240 1105 1303 Locum
1158 1241 1262 1319 qui
1315 1242 1432 1303 iam
1473 1241 1701 1304 animas
1755 1241 2075 1322 impiorum
2116 1241 2300 1320 capit,
2339 1241 2539 1303 itidem
2576 1262 2652 1304 ex
2690 1240 2965 1321 analogia
3002 1241 3319 1301 beatorum
3364 1239 3556 1313 sediS,

608 1339 682 1380 ex
723 1321 1016 1382 diametro
1057 1323 1376 1383 distantem
1418 1322 1768 1402 colligimus.
1810 1325 2007 1384 Lucas
2053 1325 2143 1384 16.
2187 1324 2331 1398 ἅδην
2370 1333 2577 1383 vocat:
2614 1323 2781 1382 Ioan.
2822 1321 2881 1382 in
2924 1321 3153 1398 apocal.
3202 1325 3418 1396 λίμνην
3459 1321 3571 1392 τήν,

606 1405 685 1480 τῷ
733 1402 873 1482 πυρὶ
915 1407 1014 1460 καὶ
1060 1403 1202 1481 θείῳ
1255 1403 1590 1479 καιομένηντ
1655 1401 1819 1463 Alibi
1860 1403 2169 1482 tenebrae,
2208 1421 2441 1478 carcer,
2483 1411 2803 1480 vocantur,
2844 1399 3063 1494 quibus
3100 1419 3228 1460 non
3268 1411 3397 1457 tarn
3436 1397 3559 1458 loci

609 1491 854 1540 notatur
911 1479 1058 1542 situs
1121 1484 1303 1558 quam
1363 1481 1632 1543 contenti
1690 1480 1782 1542 sui
1842 1484 2125 1576 qualitas:
2178 1491 2356 1558 atque
2401 1481 2502 1542 hic
2553 1480 2820 1544 omnium
2861 1478 3188 1541 infidelium
3228 1495 3559 1539 commune

603 1562 1065 1638 receptaculum.
1117 1561 1539 1622 determinatus
1587 1567 1732 1625 vero
1773 1564 2021 1640 quilibet
2058 1579 2433 1642 nequaquam
2473 1561 2535 1622 in
2573 1562 2633 1623 S.
2674 1560 2977 1640 Scriptura
3016 1559 3397 1638 proponitur.
3438 1559 3553 1618 suf·

607 1637 730 1700 ficit
793 1639 970 1701 nobis
1021 1638 1172 1701 scire
1227 1656 1615 1702 communem
1658 1641 1937 1704 omnibus
1978 1642 2118 1722 ipsis
2158 1640 2561 1703 conditionem
2604 1639 2877 1701 miseram
2920 1639 3057 1701 satis
3096 1659 3258 1719 esse,
3300 1655 3555 1718 quarum

607 1719 877 1781 conditio
918 1717 1096 1780 etiam
1140 1739 1294 1797 quae
1337 1719 1589 1782 minima
1623 1721 1698 1784 sit
1735 1721 2070 1784 infelicitate
2087 1769 2104 1800 ,
2144 1741 2267 1783 non
2306 1723 2461 1782 adeo
2502 1719 2577 1782 sit
2615 1719 2964 1799 expetibilis.

698 1817 790 1859 12.
870 1798 1158 1860 Actiones
1212 1800 1634 1862 damnatorum
1693 1803 1977 1894 graphice
2030 1801 2169 1865 satis
2223 1803 2425 1862 Lucae
2471 1820 2563 1862 11.
2602 1800 2971 1861 indicantur:
3013 1798 3301 1860 nimirum
3342 1817 3556 1876 vrgen-

613 1875 773 1938 tibus
832 1879 1190 1940 cruciatibus
1207 1924 1226 1960 ,
1283 1885 1616 1959 poenisque
1673 1882 1982 1945 vltncibus
2038 1879 2367 1960 exagitatos
2421 1880 2679 1942 concisis
2726 1879 2847 1940 iam
2889 1879 3165 1957 precibus
3180 1925 3198 1958 ,
3244 1877 3557 1955 sterilique

611 1956 980 2034 poenitentia
1019 1958 1322 2038 refrigeria
1357 1978 1635 2038 poscere,
1674 1961 2163 2040 immutabileque
2200 1969 2479 2021 statutum
2519 1959 2580 2020 in
2622 1970 2815 2021 morte
2836 1959 2954 2019 iam
2974 1957 3189 2020 misera
3208 1959 3342 2019 sine
3362 1967 3557 2017 morte

613 2036 771 2097 flecti
810 2049 957 2100 voto
999 2037 1165 2099 irrito
1207 2048 1512 2120 optantes,
1553 2041 1734 2119 idque
1773 2054 1983 2104 contra
2020 2060 2293 2103 normam
2334 2038 2570 2100 diuinae
2612 2038 2898 2118 iustitiae,
2938 2039 3159 2118 quippe
3198 2037 3305 2116 qui
3348 2038 3557 2098 volun-

613 2125 798 2208 tatem
859 2135 1025 2210 suam
1087 2136 1329 2196 prorsus
1386 2119 1447 2180 in
1507 2122 1785 2183 omnibus
1841 2121 1960 2184 Dei
2011 2120 2233 2200 placito
2284 2119 2595 2181 aduersam
2642 2119 2979 2181 necessario
3020 2117 3319 2196 sentiunt,
3360 2127 3557 2194 eoque

614 2214 806 2274 magis
847 2217 1143 2260 miseram.

699 2294 796 2354 13.
875 2277 1104 2339 Vltimo
1166 2287 1366 2338 autem
1429 2277 1543 2340 Dei
1587 2277 1809 2342 iudicio
1862 2279 2325 2342 vicissitudinem
2375 2279 2531 2356 fore,
2582 2288 2685 2339 aut
2721 2277 3027 2357 vtriusque
3066 2288 3287 2340 statum
3330 2287 3557 2338 sortem

609 2365 752 2416 tunc
809 2357 988 2418 aliam
1053 2355 1382 2419 subituram
1463 2357 1525 2418 in
1577 2361 1777 2421 futuro
1825 2363 2066 2422 saeculo
2106 2374 2421 2439 negamuS,
2463 2359 2571 2420 sed
2610 2359 2868 2420 eundem
2909 2369 3087 2436 atque
3128 2358 3249 2418 iam
3290 2358 3557 2434 habent,

605 2445 708 2496 aut
745 2437 944 2499 adhuc
983 2440 1293 2501 habebunt
1331 2401 1412 2499 aci
1448 2437 1597 2499 illud
1637 2450 1870 2519 tempus
1909 2441 2036 2503 sine
2077 2440 2427 2519 corporibus
2468 2437 2731 2517 animae,
2772 2440 2903 2501 sore
2942 2437 3281 2500 asserimus.
3346 2435 3551 2515 Papis-

608 2526 802 2576 tarum
856 2518 1056 2597 itaque
1105 2516 1393 2579 insulsum
1443 2516 1591 2579 illud
1630 2520 1852 2599 dogma
1891 2522 1969 2581 de
2008 2521 2146 2600 igne
2184 2518 2529 2598 purgatorio
2546 2563 2564 2597 ,
2605 2520 2770 2597 quod
2810 2538 2885 2579 ex
2922 2518 3177 2597 Virgilio
3217 2526 3325 2577 aut
3368 2519 3553 2594 Paga-

607 2594 800 2657 nismo
842 2600 1132 2659 conflasse
1170 2598 1480 2674 videntur,
1515 2598 1685 2660 facile
1723 2620 1828 2678 per
1867 2619 1931 2661 se
1972 2598 2305 2672 euanescit,
2346 2598 2609 2675 itemque
2648 2598 3040 2677 Pythagorica
3056 2602 3553 2674 μετεμψύχυσις,

608 2676 664 2734 &
706 2676 1013 2739 Platonica
1051 2676 1176 2739 siue
1217 2676 1628 2755 Empedoclea
1666 2684 2203 2757 μετενσωμὰτυσις.
2244 2678 2411 2739 Licet
2450 2678 2605 2737 enim
2646 2677 2876 2739 animae
2922 2675 3245 2738 subsistant
3267 2674 3400 2735 sine
3420 2692 3551 2735 cor-

609 2754 890 2835 poribus,
931 2776 1056 2819 non
1097 2766 1300 2817 tamen
1339 2755 1609 2835 protinus
1645 2756 2063 2837 ingerendum,
2103 2761 2190 2834 (vt
2230 2756 2343 2818 ‘sibi
2377 2760 2537 2818 recte
2580 2758 2663 2817 ob
2696 2760 3068 2818 saeculorum
3103 2754 3549 2815 reuolutionem

610 2834 922 2923 collegisse
965 2838 1238 2898 videntur
1251 2838 1295 2913 ,)
1355 2836 1624 2897 omnium
1663 2837 2224 2917 redintegrationem
2264 2836 2327 2897 in
2368 2836 2677 2915 pristinum
2718 2846 2936 2898 statum
2977 2837 3138 2914 sore,
3180 2834 3440 2913 perinde
3480 2852 3553 2893 ac

609 2932 660 2973 si
697 2927 837 2991 post
877 2916 1022 2978 illud
1063 2928 1296 2993 tempus
1337 2914 1546 2976 eadem
1586 2933 1828 2994 prorsus
1867 2927 2003 2995 post
2044 2928 2135 2978 tot
2170 2918 2407 2977 saecula
2443 2926 2693 2977 tractare
2734 2934 3116 2995 cogeremur:
3176 2914 3303 2973 Sed
3344 2912 3551 2993 potius

605 3001 824 3053 statum
885 2997 1209 3075 quemdam
1273 3013 1384 3072 pro
1445 3013 1552 3055 sua
1613 2994 1960 3058 conditione
2015 3016 2142 3058 non
2192 2995 2534 3057 variabilem
2585 3007 2937 3057 consecutas
2976 2995 3207 3056 animas
3250 2992 3439 3053 etiam
3484 2992 3547 3051 in

605 3070 821 3133 eodem
861 3094 1238 3153 permanere,
1279 3076 1418 3133 cum
1457 3092 1655 3137 rursus
1695 3075 2046 3154 corporibus
2084 3074 2435 3148 induentur,
2479 3075 2645 3152 quod
2686 3075 2982 3155 Platonis,
3021 3072 3331 3134 Labeonis
3348 3118 3366 3152 ,
3399 3074 3553 3131 Var-

599 3156 906 3233 ronisque,
971 3152 1353 3234 opinionibus
1405 3150 1454 3213 si
1505 3152 1564 3212 in
1615 3173 1792 3215 vnatn
1843 3155 2194 3217 sententiam
2234 3165 2479 3233 coeant,
2520 3154 2700 3215 astrui
2740 3155 2866 3215 sine
2906 3156 2967 3216 S.
3009 3152 3318 3230 Scriptura
3362 3170 3543 3230 posse

600 3227 833 3292 videtur
891 3233 1126 3295 ethnice
1141 3280 1160 3310 ,
1209 3234 1376 3294 Deus
1427 3232 1582 3293 vero*
1620 3254 1726 3311 per
1777 3234 2127 3313 scripturam
2166 3254 2396 3295 sacram
2436 3234 2675 3295 caelesti
2716 3236 2959 3295 oraculo
3001 3233 3064 3294 in
3109 3232 3218 3294 sua
3258 3231 3543 3293 Ecclesia

601 3311 1015 3394 confirmauit,
1054 3312 1154 3374 cui
1191 3315 1320 3373 laus
1360 3312 1417 3373 δι
1457 3312 1645 3392 gloria
1682 3312 1745 3374 in
1783 3314 2140 3393 sempiterna
2178 3316 2410 3375 saecula
2424 3360 2442 3393 ,
2486 3314 2701 3375 Amen.

767 3718 926 3777 LVI.
1008 3720 1146 3779 DE
1207 3720 1550 3781 STATV
1608 3723 1983 3783 ANIMAE
2042 3726 2099 3783 A
2156 3724 2664 3789 CORPORE
2724 3729 3367 3790 SEPARATAE

1662 3826 1923 3885 POST
1988 3828 2469 3890 MORTEM.

1833 4002 2161 4062 Tnnsrs
2220 4004 2267 4063 I.

682 4172 780 4231 Dn
821 4182 972 4233 statu
1013 4172 1245 4234 animae
1283 4177 1321 4234 a
1360 4194 1615 4253 corpore
1656 4186 1959 4254 separatae
2000 4188 2135 4253 post
2176 4186 2428 4239 mortem
2472 4180 2746 4261 dicturiS,
2789 4182 2899 4243 tria
2931 4182 3233 4246 axiomata
3256 4186 3383 4247 siue
3408 4208 3543 4265 pos-

607 4251 795 4312 tulata
835 4261 974 4312 ante
1013 4253 1216 4343 omnia
1239 4254 1427 4345 ‘statui
1469 4274 1711 4315 necesse
1753 4266 1874 4335 est,
1908 4273 2063 4331 quae
2096 4260 2231 4318 cum
2266 4268 2472 4319 natura
2496 4262 2825 4323 communis
2846 4266 2901 4323 δι
2922 4262 3237 4341 singularis
3256 4276 3541 4345 testatur,

608 4339 738 4389 tum
797 4331 1082 4392 reuelatro
1133 4334 1331 4393 diuma
1370 4352 1478 4413 per
1519 4334 1846 4414 Scripturas
1893 4334 2122 4397 Sacras.
2166 4340 2217 4399 Ι.
2258 4338 2552 4399 statutum
2594 4357 2725 4403 esse
2764 4335 3043 4405 omnibus
3082 4344 3435 4408 hominibus
3472 4365 3539 4413 vt

3340 4434 3537 4493 semel
