3923 4875
1508 0 1918 10 -v-v--v---v-
1975 0 2192 10 ------
2264 0 2304 8 -U
2391 5 2398 12 ι
3249 0 3362 24 ἡ-

34 153 63 214 ἐ
446 125 539 187 dis
590 129 647 188 δι
698 125 889 188 fulcra
930 121 1233 186 firmandis
1282 121 1353 186 iis
1404 123 1715 185 admoueri
1764 132 2100 203 oporteret,
2151 125 2206 186 δι
2269 125 2430 184 faces
2484 121 2866 190 illustrandi&
2921 125 3080 186 Nam
3137 123 3228 186 his
3267 123 3370 186 ab·

444 205 635 268 surdis
685 223 838 284 quae
892 223 969 266 ne
1018 223 1127 284 per
1176 203 1477 266 somnium
1529 204 1771 281 quidem
1832 203 1974 282 ipsis
2013 203 2076 264 in
2115 213 2377 266 mentem
2419 215 2734 280 venerunt,
2779 202 3054 264 iniuriam
3095 202 3208 265 sibi
3242 203 3370 265 fieri

445 285 765 348 clamitant.
818 285 1019 364 itaque
1058 287 1349 346 clamores
1389 285 1541 346 vltro
1582 283 1850 362 citroque
1888 283 2228 362 audiuntur,
2269 283 2562 362 conuicia,
2595 283 3012 364 contumeliae,
3034 284 3368 363 maledicta,

444 367 663 446 scripta
700 366 879 428 etiam
916 365 1356 445 profunduntur
1392 364 1485 426 his
1524 365 1701 426 rebus
1722 363 2002 426 omnibus
2022 363 2497 444 instructissima,
2531 364 2746 442 quibus
2765 363 2947 425 animi
2964 382 3086 443 qua
3104 365 3228 426 iure
3251 383 3372 443 qua

443 446 653 508 iniuria
693 447 1121 508 obfirmantur:
1163 447 1231 524 (s.
1274 447 1413 522 716)
1454 445 1561 506 sed
1600 443 1749 507 nihil
1788 445 1862 506 de
1900 462 2062 524 penu
2102 444 2432 518 charitatis,
2470 460 2660 524 pauca
2680 445 2757 506 de
2777 446 2944 507 fonte
2961 443 3224 508 veritatis
3239 489 3258 522 ,
3297 463 3372 506 ex

446 545 567 604 quo
605 527 669 588 in
705 525 1107 606 praeiudicata
1138 527 1215 588 de
1244 525 1510 605 personis
1524 571 1542 604 ,
1577 525 1872 588 mentibus
1885 571 1904 604 ,
1925 525 2326 605 sermonibus,
2347 525 2680 588 actionibus
2699 525 2962 604 ipsorum
2985 524 3368 588 traducimur.

446 609 579 669 Imo
621 607 813 686 (quod
850 609 1029 686 longe
1070 605 1503 684 grauissimum)
1544 604 1599 667 si
1632 606 1736 684 qui
1775 606 2020 667 veritate
2061 605 2201 667 victi
2240 605 2504 685 cogitent
2537 605 2662 668 sine
2681 605 3010 686 ignominia
3027 605 3276 667 transire
3294 607 3373 667 ad

447 687 754 750 veritatem
770 733 788 762 ,
827 686 1159 749 inuidemus
1199 687 1436 748 Christo
1478 686 1748 778 laudem,
1784 688 2062 748 volumus
2101 685 2338 766 vicisse,
2381 687 2437 746 δι
2477 697 2723 766 tropaea
2761 686 2998 748 illorum
3021 685 3196 748 nobis
3212 732 3231 766 ,
3248 703 3371 747 non

449 767 687 830 Christo
732 767 1032 846 cupimus:
1074 786 1198 860 quo
1240 767 1627 828 obfirmantur
1668 767 1864 828 miseri
1879 812 1897 844 ,
1937 785 2014 827 ne
2053 785 2161 845 per
2201 785 2313 828 nos
2355 765 2631 828 dicantur
2669 765 2974 846 pudefieri.
3039 768 3370 846 Quousque

448 849 693 910 tandem
706 893 725 928 ,
766 848 805 910 ὁ
846 850 1053 909 fratres
1092 867 1153 908 m
1198 847 1433 908 Christo
1475 846 1869 924 dilectissimi,
1909 863 2223 925 quousque
2262 849 2574 908 abutemur
2609 846 2894 926 patientia
2923 846 3042 910 Dei
3059 866 3172 908 nos
3192 847 3371 908 studi·

448 929 714 990 osissime
765 928 845 990 ad
891 927 1201 990 veritatem
1260 945 1427 988 suam
1486 927 1547 988 in
1611 927 1895 988 charitate
1955 929 2013 989 δι
2070 927 2400 988 humilitate
2459 927 2796 989 reuocantis
2849 930 2906 990 δι
2955 929 3036 990 ad
3088 927 3372 989 vnitatem

450 1009 755 1070 Ecclesiae
814 1003 993 1071 suae?
1040 1025 1351 1086 quousque
1402 1007 1948 1086 perturbationibus
1999 1006 2336 1068 animorum
2375 1020 2720 1070 nostrorum
2761 1007 3023 1070 sinemus
3069 1027 3182 1070 nos
3196 1053 3215 1087 ,
3256 1012 3376 1087 qua

448 1091 798 1169 prudentes,
839 1091 959 1168 qua
998 1087 1399 1167 imprudentes
1440 1084 1665 1166 abripi?
1706 1105 2020 1166 quousque
2060 1087 2334 1150 dabimus
2375 1107 2621 1167 operam
2661 1098 2726 1150 vt
2765 1089 2862 1166 alij
2904 1089 3034 1152 aliis
3063 1099 3374 1167 extorque-

450 1187 619 1232 amus
657 1172 911 1232 formam
950 1167 1113 1230 illam
1151 1179 1453 1231 externam
1469 1213 1488 1248 ,
1528 1186 1709 1246 quam
1744 1170 1909 1229 Deus
1946 1168 2265 1230 nobiscum
2306 1169 2564 1248 gratiose
2605 1169 2661 1228 δι
2701 1187 2839 1230 cum
2860 1169 3138 1231 fratribus
3160 1169 3376 1231 nostris

450 1245 891 1312 communicat?
949 1251 1079 1310 Iam
1139 1251 1272 1328 plus
1328 1247 1467 1310 satis
1516 1249 1707 1310 aliena
1758 1249 1922 1310 bona
1977 1248 2324 1327 minuimus,
2367 1251 2524 1310 mala
2562 1249 3082 1330 amplificauimus,
3110 1251 3179 1323 ,δι
3218 1267 3380 1311 noua

450 1329 689 1423 insuper
747 1329 1285 1408 accumulauimuS,
1349 1339 1414 1389 vt
1461 1328 1805 1406 deijciamus
1866 1345 2021 1408 quos
2059 1349 2133 1390 ex
2172 1329 2456 1390 mandato
2497 1329 2614 1391 Dei
2653 1349 2838 1410 opera
2878 1341 3084 1392 nostra
3115 1329 3380 1410 oportuit

454 1409 617 1489 erigi.
682 1409 843 1486 Quin
895 1409 1091 1488 potius
1143 1407 1521 1490 agnoscimus
1557 1408 1961 1472 testimonium
2001 1410 2260 1471 Iehouae
2298 1410 2459 1488 apud
2499 1409 2613 1471 hos
2650 1411 2707 1471 δι
2745 1411 2882 1472 illos
2921 1429 3084 1490 esse,
3123 1410 3184 1472 in
3226 1426 3380 1488 quos

452 1488 649 1552 infesti
686 1486 947 1552 ruimus?
987 1489 1146 1565 Quin
1188 1490 1460 1552 videmus
1501 1490 1779 1551 Israelem
1820 1509 1976 1561 esse,
2017 1505 2435 1568 quemcunque
2471 1491 2638 1550 Deus
2677 1491 2958 1553 informat
2993 1489 3057 1551 in
3097 1489 3190 1552 sui
3227 1489 3382 1551 illius

456 1570 774 1648 testimonii
828 1567 1404 1632 communicatione?
1465 1570 1629 1646 Quin
1685 1569 1981 1631 cernimus
2021 1569 2234 1631 eodem
2277 1569 2426 1631 alios
2466 1571 2829 1632 contendere
2869 1582 3050 1650 atque
3090 1588 3203 1632 nos
3243 1569 3380 1632 saci-

457 1667 616 1726 mus,
674 1671 749 1712 ac
802 1651 880 1711 de
934 1650 1352 1729 amplectendo
1389 1652 1651 1712 Iehouae
1692 1649 2033 1712 testimonio
2076 1650 2508 1728 retinendoque
2542 1646 2856 1712 laborare?
2915 1651 3079 1729 Quin
3119 1650 3381 1712 animad-

455 1730 741 1793 uertimus
778 1729 913 1792 illos
927 1775 947 1810 ,
986 1733 1213 1809 absque
1252 1729 1426 1792 nobis
1448 1741 1601 1792 esset
1620 1731 1723 1810 qui
1742 1731 2080 1808 importune
2099 1729 2255 1791 inter
2273 1749 2386 1792 nos
2407 1731 2803 1810 obstrepimus
2817 1777 2834 1808 ,
2853 1732 2933 1793 ad
2953 1731 3380 1793 celebrandum

458 1829 681 1872 nomen
734 1810 982 1872 Domini
1032 1809 1426 1872 concurrere?
1478 1811 1739 1872 sinamus
1778 1811 1975 1890 potius
2013 1809 2147 1871 illos
2161 1855 2180 1885 ,
2219 1829 2329 1890 per
2363 1812 2560 1874 Deum
2601 1811 3025 1892 immortalem,
3062 1811 3124 1874 in
3165 1810 3382 1873 sanctis

453 1891 545 1952 his
582 1890 791 1953 studiis
828 1891 1111 1970 occupari
1125 1937 1142 1968 ,
1184 1894 1239 1953 δι
1280 1893 1509 1953 bonum
1546 1891 1785 1952 illorum
1826 1890 2086 1952 studium
2129 1891 2464 1952 Christiana
2482 1891 2798 1970 prudentia
2817 1891 2973 1954 duce
2992 1890 3157 1954 omni
3177 1891 3376 1953 studio

454 1971 861 2049 industriaque
902 1971 1281 2032 adiuuemus:
1324 1989 1521 2050 neque
1558 1971 2031 2050 committamus,
2070 1980 2135 2032 vt
2174 1973 2334 2032 sacto
2374 1982 2582 2033 nostro
2622 1976 2660 2032 a
2707 1971 2884 2034 bonis
2925 1970 3197 2034 institutis
3237 1987 3376 2033 auo·

456 2063 697 2130 centur,
738 2063 919 2130 atque
958 2051 1037 2112 ad
1078 2053 1234 2112 mala
1272 2051 1675 2129 inardescant,
1716 2062 1895 2132 prout
1934 2052 1996 2112 in
2028 2050 2513 2113 contentionibus
2533 2051 2806 2113 humanis
2828 2052 3144 2130 plurimum
3165 2051 3380 2113 euenit.

455 2133 577 2194 Cur
616 2133 693 2194 de
731 2130 1183 2194 circumstantiis
1223 2149 1419 2192 rerum
1450 2151 1814 2212 magnopere
1831 2130 2170 2193 laboremus
2187 2177 2204 2211 ,
2225 2133 2280 2192 &
2303 2131 2602 2193 Ecclesias
2622 2132 3018 2210 imprudentia
3035 2131 3380 2212 grauissima

454 2213 605 2274 inter
664 2231 727 2274 se
782 2209 1259 2273 committamus?
1318 2213 1442 2274 Cur
1490 2213 1669 2274 etiam
1708 2222 1957 2291 propter
1996 2209 2263 2272 actiones
2300 2211 2489 2273 varias
2505 2258 2523 2291 ,
2565 2211 2616 2274 si
2654 2230 2802 2291 quas
2841 2211 3248 2292 improbamus
3264 2257 3282 2290 ,
3324 2212 3380 2270 ἃ

455 2293 649 2372 reipsa
686 2291 1117 2371 improbandae
1155 2303 1321 2372 sunt,
1358 2292 1606 2371 perinde
1649 2311 1927 2354 censores
1967 2309 2214 2370 agamus
2253 2291 2315 2352 in
2350 2295 2558 2354 fratres
2595 2303 2859 2373 nostros,
2895 2313 2966 2355 ac
3001 2291 3052 2354 si
3072 2301 3380 2354 momento

456 2393 493 2434 a
532 2373 617 2434 ud
655 2373 793 2435 illos
833 2382 959 2434 tota
1000 2372 1269 2433 Ecclesia
1306 2370 1698 2435 concidisset?
1738 2375 1837 2433 An
1877 2389 2022 2452 ergo
2063 2370 2465 2434 existimamus
2493 2371 2760 2434 actiones
2794 2373 3104 2435 hominum
3125 2375 3382 2434 formam

548 2454 763 2516 clesiae
805 2448 967 2515 csse?
1007 2454 1238 2515 Effecta
1276 2466 1412 2515 sunt
1454 2458 1509 2515 δι
1548 2452 1974 2531 consequentia
2011 2450 2190 2531 illius3
2233 2454 2289 2513 δι
2327 2453 2546 2532 quibus
2585 2453 2859 2515 homines
2891 2454 3136 2533 quidem
3173 2467 3386 2531 possu-

457 2553 589 2597 mus
646 2552 1015 2613 cognoscere
1076 2533 1367 2612 singulos:
1428 2534 1535 2595 sed
1594 2533 1643 2596 si
1694 2532 2026 2595 Ecclesiam
2082 2532 2412 2595 iudicamus
2455 2553 2628 2610 mox,
2669 2534 2747 2594 ad
2787 2552 2998 2596 eorum
3037 2544 3233 2595 castra
3273 2550 3388 2593 nos

458 2614 823 2707 transfugere
864 2613 1053 2691 (quod
1088 2613 1267 2691 absit)
1309 2624 1641 2693 oporteret,
1680 2614 1783 2691 qui
1820 2614 2049 2674 nullam
2090 2614 2420 2675 Ecclesiam
2459 2614 2524 2675 in
2555 2617 2670 2675 hac
2689 2614 2811 2676 vita
2830 2613 3098 2676 iudicant
3119 2610 3388 2674 existere.

460 2694 583 2755 Cur
622 2705 801 2757 etiam
840 2694 918 2755 de
956 2694 1223 2771 personis
1262 2698 1317 2755 δι
1358 2712 1561 2756 earum
1599 2693 1884 2773 dignitate
1899 2738 1917 2771 ,
1938 2692 2148 2755 ordine
2162 2738 2180 2771 ,
2201 2693 2552 2756 auctoritate
2570 2692 2825 2773 tuenda,
2844 2692 2927 2756 ita
2947 2694 3389 2770 contendimus,

459 2785 523 2835 vt
562 2773 613 2835 si
650 2784 818 2835 extra
846 2775 1006 2835 hunc
1047 2783 1149 2835 aut
1186 2774 1353 2835 illum
1390 2774 1692 2838 Ecclesiae
1726 2773 1978 2835 modum
2019 2792 2144 2833 non
2175 2786 2328 2835 esset
2345 2770 2649 2836 Ecclesia?
2691 2774 2988 2852 Equidem
3022 2792 3148 2835 non
3189 2774 3388 2852 probo

460 2854 538 2915 ab
588 2853 700 2915 illis
755 2853 1053 2915 Ecclesias
1092 2852 1310 2915 scindi:
1366 2854 1471 2915 sed
1524 2874 1602 2915 ne
1644 2858 1764 2916 hoc
1814 2852 2062 2931 quidem
2105 2856 2332 2934 probo,
2371 2865 2436 2915 vt
2493 2854 2599 2933 qui
2646 2853 2922 2915 scindunt
2973 2852 3282 2915 inscientia
3334 2852 3390 2911 δι

458 2931 793 2994 infirmitate
832 2950 967 3026 sua,
1008 2934 1046 3011 ij
1090 2934 1339 2995 scientia
1375 2937 1431 2995 ἃ
1472 2934 1818 2996 auctoritate
1846 2944 1949 2995 tua
1982 2952 2055 2994 ac
2090 2934 2286 3011 potius
2305 2930 2619 3013 tyrannide
2639 2932 2926 3027 (quisquis
2945 2942 3030 3011 es)
3073 2932 3156 2995 ita
3175 2930 3390 2994 rescin-

460 3012 693 3075 dantur.
756 3012 821 3074 Si
873 3032 1033 3076 emm
1080 3013 1442 3087 Ecclesiam,
1494 3013 1555 3075 in
1593 3033 1713 3093 qua
1752 3032 1957 3076 versor
1999 3032 2106 3092 per
2145 3012 2260 3075 Dei
2299 3014 2579 3094 gratiam,
2620 3013 2704 3075 illi
2743 3032 2868 3077 non
2909 3012 3290 3095 agnouerint:
3333 3022 3398 3072 at

460 3091 607 3155 mihi
644 3102 845 3155 tamen
883 3094 1003 3155 hoc
1040 3104 1309 3171 tempore
1349 3094 1489 3156 satis
1529 3094 1792 3158 futurum
1826 3104 1945 3167 est,
1986 3092 2034 3154 si
2071 3092 2276 3155 videro
2311 3094 2568 3173 aliquam
2591 3093 2812 3155 Christi
2833 3092 3164 3157 Ecclesiam
3183 3094 3262 3155 ab
3281 3090 3396 3153 illis

460 3173 736 3253 agnosci:
787 3182 851 3232 vt
898 3192 995 3235 me
1008 3216 1027 3252 ,
1070 3183 1133 3233 vt
1189 3175 1345 3235 hanc
1404 3185 1507 3235 aut
1543 3174 1706 3237 illam
1745 3172 2078 3235 Ecclesiam
2117 3185 2472 3253 agnoscant,
2506 3192 2628 3236 non
2667 3192 3030 3254 magnopere
3071 3174 3363 3235 laborabo
3379 3216 3396 3247 ,

462 3254 649 3315 modo
688 3264 1016 3333 agnoscant
1061 3252 1387 3316 Christum:
1430 3273 1541 3333 pro
1582 3266 1746 3317 certo
1788 3256 2042 3331 habens,
2082 3253 2132 3314 si
2193 3254 2258 3315 in
2299 3253 2538 3316 Christo
2593 3254 2877 3332 paulatim
2936 3256 3397 3329 confirmentur,

460 3335 591 3395 fore
622 3344 689 3395 vt
726 3334 1079 3394 confirmato
1118 3334 1331 3395 mentis
1372 3335 1551 3395 oculo
1590 3355 1689 3397 me
1729 3336 1784 3395 δι
1825 3334 1974 3395 alios
2014 3332 2214 3395 viuere
2247 3333 2307 3394 in
2333 3334 2571 3396 Christo
2595 3334 2835 3395 videant
2849 3379 2867 3412 ,
2907 3336 2964 3395 δι
2983 3334 3236 3413 amplius
3259 3350 3398 3401 cum

460 3425 640 3475 coetu
676 3412 911 3492 piorum
952 3414 1309 3475 coalescant.
1352 3414 1539 3491 Quocl
1578 3416 1629 3477 si
1659 3412 2076 3477 nitidissimum
2115 3412 2282 3474 illum
2323 3414 2662 3492 Scripturae
2682 3416 2910 3475 fontem
2931 3432 3172 3476 suarum
3192 3413 3396 3473 inuen-

462 3493 693 3555 tionum
733 3496 789 3555 &
829 3492 1213 3555 traditionum
1250 3512 1445 3557 coeno
1476 3494 1893 3573 coinquinant,
1936 3496 2131 3554 vtrum
2169 3512 2282 3556 nos
2324 3494 2600 3555 meliores
2632 3494 2892 3555 veritatis
2931 3494 3087 3556 illius
3127 3491 3398 3555 vindices

462 3584 735 3651 putamus
772 3573 936 3652 fore,
994 3575 1174 3651 quam
1215 3575 1379 3635 Deus
1416 3574 1543 3653 ipse
1586 3570 1694 3636 sit?
1753 3574 2266 3651 Conquiescamus
2307 3572 2484 3653 igitur
2523 3572 2583 3636 in
2627 3575 2927 3635 voluntate
2968 3574 3122 3635 illius
3139 3619 3156 3645 ‚
3201 3588 3399 3649 neque

463 3664 899 3717 anteuertamus
948 3672 1133 3731 opera
1172 3653 1641 3727 misericordiae,
1682 3664 1785 3715 aut
1822 3653 2041 3715 iudicia
2078 3652 2204 3715 eius
2243 3655 2460 3715 nostris
2481 3652 2743 3715 iudiciist
2786 3671 2940 3732 quos
2961 3662 3261 3732 expectat,
3305 3670 3402 3713 ex·

462 3744 769 3811 pectemus
808 3742 1123 3813 sequentes
1162 3732 1387 3812 ipsum:
1430 3752 1581 3813 quos
1622 3744 1829 3811 vocat,
1868 3734 1919 3795 si
1958 3752 2068 3813 per
2104 3752 2217 3795 nos
2261 3752 2477 3795 vocare
2518 3732 2833 3813 placuerit,
2876 3752 3162 3796 vocemus
3199 3733 3262 3794 in
3287 3732 3406 3792 fide

462 3816 519 3875 δι
558 3812 764 3891 spiritu
803 3814 1085 3875 lenitatis:
1128 3814 1175 3874 si
1216 3834 1324 3893 per
1358 3814 1536 3891 alios,
1580 3834 1659 3877 ne
1698 3814 2180 3891 interuertamu33
2241 3814 2348 3875 sed
2397 3814 2648 3895 gloriam
2684 3812 2794 3893 ipsi
2831 3812 3158 3876 tribuamus
3177 3862 3194 3893 ,
3237 3812 3404 3891 quod

464 3893 521 3953 &
560 3892 703 3973 alia,
760 3896 816 3954 ἃ
855 3896 1051 3973 plura,
1111 3905 1291 3972 atque
1328 3895 1489 3956 haud
1532 3894 1659 3955 scio
1698 3913 1777 3957 an
1816 3892 2234 3955 commodiora
2275 3895 2664 3956 instrumenta
2701 3896 2882 3973 quam
2925 3914 3038 3957 nos
3076 3894 3286 3973 simus,
3327 3891 3406 3953 ad

462 3988 615 4053 opus
651 3990 827 4036 suum
870 3974 1149 4055 dignetur
1190 3971 1493 4037 adhibere.
1526 3973 1719 4054 Ipsius
1758 3984 1844 4037 est
1876 3984 2176 4053 praestare
2195 3974 2427 4037 omniaz
2470 3984 2741 4036 nostrum
2763 3980 2908 4038 vero
2930 3976 3010 4037 ad
3028 3990 3334 4065 perpauca
3353 3973 3410 4033 &

1921 4052 1997 4131 56
3069 4051 3414 4117 tenuissima

34 498 42 541 vv·-

34 563 51 1581 q----.-v-w=-=-=-=-v--‘-=
