3923 4875
6 728 104 1020 ἓξὲξ
6 643 107 691 ἓ
6 545 109 608 Ξ.

3 2193 53 3283 ΠήμΓψ-ημιῆυῑωᾟ
3 1115 92 2086 ωἱὶἱέὲῖἱίὶῖἰ

1439 342 1772 387 ‘tunsus
1829 341 2482 392 Tntotoolcar..
3274 351 3387 410 203

547 531 606 588 9.
685 507 847 572 Fini·
901 506 1374 579 resurrectionis,
1429 503 1548 584 qui
1602 504 1904 597 Christum
1953 517 2211 586 spectat,
2267 510 2489 588 duplex
2527 520 2647 584 est,
2698 513 2895 586 Vnus,
2936 515 3249 574 commum's
3266 557 3285 588 ,
3331 525 3393 572 vt

465 601 654 652 totam
715 587 982 652 salutaris
1041 585 1198 650 iuius
1255 587 1478 666 operiS,
1532 586 1698 663 quod
1749 585 1860 664 ipsi
1898 597 2066 664 pater
2104 587 2498 668 imposuerat,
2540 591 2811 668 περίοδον
2850 591 3189 654 decurreret
3228 595 3285 653 δι
3326 613 3391 654 se

465 680 840 750 compararet
877 669 958 730 ad
995 676 1192 746 partes
1229 666 1516 746 gloriosas
1555 665 1895 728 mediatoris
1933 669 2307 732 subeundas:
2347 669 2465 748 qua
2504 667 2797 747 pontifex,
2837 669 2899 730 in
2918 671 3175 732 caeleste
3196 675 3385 733 taber·

465 753 744 812 naculum
801 747 1191 828 ingressurus,
1252 766 1455 808 coram
1515 750 1650 808 Deo
1712 755 1879 823 patre
1932 763 2042 808 suo
2090 751 2393 814 aeternum
2432 747 2864 826 compar-iturus
2881 794 2900 829 ,
2939 753 2995 811 δι
3036 751 3387 814 sacrificium

465 849 642 892 suum
692 828 804 908 ipsi
856 826 1242 890 exhibiturus,
1299 828 1532 888 Harum
1586 825 1743 888 enirn
1794 843 1992 886 rerum
2040 827 2307 890 omnium
2361 831 2810 891 fundamentum
2856 829 2917 889 in
2960 829 3389 892 resurrectione

465 909 648 990 ipsius
685 909 905 970 iactum
944 918 1062 985 est,
1101 915 1278 985 provt
1317 911 1371 968 &
1412 915 1615 966 nostra
1653 906 1832 983 fides,
1869 905 2159 975 ὖπόςασις
2181 926 2389 970 eorum
2410 927 2562 986 quae
2583 919 2922 988 sperantur,
2956 911 3185 988 absque
3206 929 3391 972 resur·

467 990 730 1052 rectione
773 987 962 1050 inanis
999 995 1090 1048 est
1126 990 1302 1064 (quae
1341 997 1656 1064 propterea
1695 987 1772 1047 ab
1813 987 2109 1063 Apostolo
2150 991 2424 1065 θομὸλιον
2463 997 2563 1066 τῆς
2584 993 2801 1057 “leswe
2820 991 3169 1069 appellatur,
3188 993 3386 1052 Hebr.

467 1072 525 1132 6.
574 1073 650 1146 1.)
689 1068 810 1148 qua
847 1069 1142 1146 Propheta
1156 1113 1176 1145 ,
1213 1065 1431 1145 Spiritu
1471 1083 1579 1127 suo
1620 1066 1677 1125 &
1717 1065 1903 1126 verbo
1925 1065 2256 1127 Ecclesiam
2274 1070 2646 1147 perfusurus:
2680 1085 2799 1144 qua
2818 1070 2951 1130 Rex
2970 1073 3115 1131 vero
3136 1072 3389 1132 eandem

469 1151 548 1212 ad
588 1149 866 1210 omnibus
903 1147 1022 1209 suis
1061 1145 1330 1208 hostibus
1372 1145 1744 1225 potentissi(f.
1795 1147 2091 1221 1678.)me
2129 1157 2485 1227 asserturus,
2528 1164 2713 1224 vsque
2746 1148 2891 1210 dum
2910 1149 3114 1211 omnia
3134 1151 3205 1212 sit
3224 1151 3389 1212 Deus

467 1229 528 1291 in
583 1227 880 1291 omnibus.
939 1229 1240 1308 Proprius
1291 1229 1462 1303 vero,
1515 1237 1577 1287 vt
1624 1245 1686 1286 se
1727 1223 2019 1286 victorem
2058 1225 2265 1288 mortis
2303 1230 2477 1306 plene
2516 1228 2875 1306 declararet,
2914 1232 2952 1289 a
2990 1248 3109 1306 qua
3145 1229 3389 1306 quidem

467 1309 915 1452 ἵέΡέῃξὲἛἘ
927 1305 1340 1447 ’ςεῗῑέἓιῖἷὶῐξ
1379 1301 1917 1464 &g'pssffizffi
1931 1306 2283 1448 nram}
2322 1307 2767 1449 &Rfiizpuffffl'
2810 1307 2948 1386 ‘¹³5³
2987 1309 3387 1389 ⁶⁶⁶'⁰⁰⁰''⁰⁶²

557 1491 649 1531 10.
729 1469 932 1545 Quum
991 1433 1186 1528 autem
1250 1484 1458 1526 omnes
1492 1465 1779 1558 ‘actiones
1840 1464 2059 1528 Christi
2100 1433 2498 1529 fideius’soriae
2536 1408 2704 1546 sint:¹
2723 1477 2789 1527 vt
2828 1466 2931 1560 qui
2969 1467 3173 1529 omnia
3214 1486 3393 1529 causa

467 1561 674 1612 nostra
731 1567 856 1610 non
911 1564 1016 1608 sua
1071 1546 1304 1625 fecerit,
1342 1557 1605 1623 seqmtur
1646 1557 1708 1608 vt
1749 1564 1928 1624 quem
1970 1549 2227 1608 fructum
2268 1546 2615 1610 resurrectio
2654 1545 2873 1610 Christi
2916 1547 3091 1610 nobis
3130 1547 3359 1608 adserat
3373 1594 3390 1627 ,

468 1649 654 1709 porro
703 1627 1026 1689 videamus·
1085 1629 1341 1688 Fructm
1389 1625 1565 1720 igitur
1611 1626 2053 1688 resurrectionis
2102 1639 2223 1719 est,
2274 1644 2455 1705 quem
2496 1627 2670 1688 nobis
2712 1626 2993 1688 describit
3030 1629 3389 1706 Apostolus,

469 1713 642 1772 Rom.
685 1731 742 1784 4.
787 1724 880 1786 25.
921 1717 1108 1768 nosm
1147 1707 1500 1768 iustificatio.
1541 1707 1696 1770 Cum
1735 1708 1892 1770 enim
1931 1708 2131 1770 salutis
2168 1718 2285 1768 smt
2322 1707 2477 1770 duae
2516 1717 2737 1786 partes,
2775 1706 3118 1769 vindicatio
3136 1711 3175 1768 a
3194 1709 3353 1770 malo
3368 1753 3389 1787 ,

469 1793 528 1852 δι
589 1789 792 1852 missio
849 1788 910 1848 in
969 1787 1404 1866 possessionem
1442 1787 1618 1866 boni3
1680 1786 1900 1850 Christi
1937 1798 2131 1850 morte
2170 1799 2481 1868 peccatum
2517 1787 2763 1881 quidem
2801 1788 3089 1850 abolitum
3131 1791 3187 1850 δι
3226 1805 3389 1850 mors

469 1869 728 1932 extincta
788 1879 905 1946 est,
945 1869 1002 1927 δι
1041 1885 1251 1928 omnes
1291 1883 1492 1928 sumus
1531 1866 1593 1927 in
1633 1867 1764 1946 ipso
1805 1867 2053 1928 mortui:
2092 1869 2200 1930 sed
2237 1878 2667 1930 resurrectione
2704 1865 2923 1928 iustitia
2960 1867 3039 1928 ad
3076 1867 3259 1928 vitam
3272 1913 3289 1946 ,
3331 1869 3388 1928 δι

469 1949 594 2012 vita
629 1947 840 2028 ipsius,
877 1947 1052 2010 nobis
1091 1945 1426 2008 viuentibus
1465 1958 1554 2008 est
1593 1947 1654 2008 in
1695 1948 1826 2027 ipso
1863 1947 2201 2026 impetrata:
2242 1947 2395 2010 adeo
2434 1959 2497 2009 vt
2540 1947 3046 2026 quemadmodum
3086 1946 3173 2008 ira
3204 1947 3390 2008 Patris

470 2030 532 2092 in
575 2039 766 2092 morte
806 2029 904 2104 filij
948 2027 1040 2090 sui
1078 2047 1142 2090 se
1181 2025 1471 2105 prodidit,
1515 2027 1595 2088 ita
1633 2027 1816 2106 ipsius
1857 2026 2275 2090 beneuolentia
2313 2028 2375 2090 in
2408 2027 2835 2090 resurrectione
2864 2027 3049 2106 ipsius
3066 2027 3391 2106 conspicua

469 2113 626 2172 facta
673 2119 790 2188 est,
831 2125 1016 2186 quum
1053 2110 1256 2186 aperte
1295 2108 1558 2168 declarat
1593 2128 1660 2169 se
1698 2108 1910 2170 iudicis
1943 2119 2140 2187 partes
2176 2109 2479 2187 deponere
2520 2109 2673 2168 velle
2687 2153 2703 2178 ,
2742 2115 2973 2185 nosque
3014 2106 3075 2168 in
3114 2106 3237 2168 filio
3278 2125 3388 2169 suo

470 2189 712 2267 intueri,
753 2187 857 2268 qui
895 2199 1098 2250 nostra
1137 2197 1382 2266 peccata
1421 2187 1480 2248 in
1523 2205 1776 2267 corpore
1809 2207 1918 2250 suo
1960 2189 2123 2268 tulit,
2164 2188 2557 2266 iustitiamque
2598 2187 2921 2250 indebitam
2940 2185 3117 2250 nobis
3133 2199 3197 2250 vt
3216 2188 3389 2250 nudis

471 2269 740 2332 contulit.
779 2270 982 2346 Atque
1019 2266 1118 2328 hic
1157 2269 1378 2330 fructus
1415 2268 1884 2348 resurrectionis,
1929 2279 2106 2346 provt
2142 2287 2281 2330 eum
2320 2268 2381 2328 in
2420 2267 2660 2330 Christo
2696 2267 3068 2346 obtinemus;
3106 2279 3387 2345 tanquam

470 2353 608 2412 fons
645 2360 734 2412 est
771 2347 1040 2410 omnium
1079 2347 1294 2410 deinde
1334 2348 1664 2429 bonorum,
1702 2367 1854 2428 quae
1893 2349 1955 2410 in
1995 2359 2125 2412 toto
2166 2348 2365 2411 salutis
2404 2347 2698 2409 curriculo
2734 2346 3153 2425 consequimur
3166 2391 3184 2424 ,
3217 2350 3387 2408 Patre

470 2451 584 2493 nos
627 2429 740 2493 sibi
778 2429 838 2491 in
882 2429 1118 2491 Christo
1158 2437 1438 2507 acceptos
1476 2429 1761 2499 habente,
1801 2433 1856 2493 δι
1898 2429 2075 2492 nobis
2115 2431 2189 2493 de
2229 2428 2595 2509 plenitudine
2613 2427 2795 2508 ipsius
2815 2427 3217 2491 haurientibus
3234 2472 3253 2507 ,
3283 2427 3386 2505 qui

471 2510 824 2573 resurrectio
861 2520 1042 2587 atque
1081 2508 1202 2569 vita
1241 2518 1444 2571 nostra
1484 2528 1612 2571 esse
1651 2510 1896 2589 dicitur,
1931 2512 2149 2571 Ioann.
2198 2530 2286 2571 ιι.
2333 2526 2425 2589 25.

557 2610 650 2653 ιι.
733 2592 824 2651 Ex
865 2591 984 2651 hoc
1026 2591 1192 2649 fonte
1232 2590 1352 2649 duo
1394 2589 1650 2651 maxime
1688 2592 1960 2668 beneficia
1999 2590 2061 2650 in
2100 2590 2365 2669 singulos
2392 2590 2597 2651 fideles
2614 2586 3057 2667 dispensantur,
3092 2586 3153 2647 in
3174 2586 3389 2664 quibus

470 2682 599 2735 tota
637 2670 902 2751 ipsorum
939 2686 1080 2731 cum
1118 2669 1310 2747 capite
1349 2686 1460 2731 suo
1500 2676 1916 2749 συμμύρςσωσις
1954 2682 2045 2733 est
2076 2670 2415 2733 constituta.
2454 2673 2503 2731 L
2524 2668 2865 2733 Secundum
2884 2666 3163 2745 Spiritum
3176 2712 3195 2741 ,
3223 2667 3391 2744 quod

471 2752 632 2815 idem
671 2750 770 2813 ille
811 2748 1058 2829 Spiritus
1098 2748 1202 2827 qui
1239 2748 1542 2811 Christum
1584 2750 1898 2811 viuificauit
1911 2796 1930 2831 ,
1970 2751 2224 2812 eandem
2262 2750 2443 2811 vitam
2482 2750 2544 2811 in
2584 2747 2759 2810 nobis
2798 2746 3043 2827 singulis
3082 2746 3183 2825 qui
3203 2746 3390 2809 credi-

473 2852 606 2893 mus
663 2841 972 2909 operatur,
1031 2840 1096 2889 vt
1153 2829 1238 2891 ita
1291 2828 1576 2909 paulatim
1634 2840 1885 2907 peccato
1946 2829 2099 2892 mori
2158 2830 2509 2909 incipiamus
2566 2830 2625 2889 &
2667 2827 2877 2889 virtute
2916 2826 3098 2907 ipsius
3136 2826 3197 2887 in
3239 2825 3389 2887 vitae

471 2912 798 2973 nouitatem
837 2908 1099 2971 suscitati
1112 2955 1128 2983 ,
1170 2928 1292 2970 non
1333 2909 1584 2987 amplius
1625 2908 1734 2987 ipsi
1777 2910 1951 2971 nobis
1966 2956 1983 2990 ,
2024 2912 2131 2971 sed
2169 2910 2293 2989 ipse
2332 2910 2393 2970 in
2432 2908 2607 2971 nobis
2649 2908 2834 2971 viuat:
2864 2926 3019 2986 quae
3038 2906 3389 2969 resurrectio

471 3004 674 3055 nostra
711 2988 1024 3071 spiritualis
1063 3000 1154 3051 est
1167 3034 1184 3067 ,
1225 2990 1552 3051 secundum
1591 3008 1772 3067 quam
1811 3008 1987 3051 verus
2026 2990 2089 3051 in
2125 2989 2299 3053 nobis
2339 2990 2525 3051 homo
2565 2988 2849 3067 paulatim
2886 2986 3134 3051 moritur
3174 3006 3247 3047 ac
3266 2996 3391 3047 tan-

473 3074 612 3134 dem
651 3070 878 3149 interit,
917 3088 1112 3131 nouus
1149 3078 1346 3131 autem
1387 3068 1638 3148 resurgit
1703 3072 1758 3130 8ι
1801 3070 1880 3131 ad
1899 3068 2327 3148 perfectionem
2348 3089 2517 3131 suam
2536 3067 2781 3130 feliciter
2798 3067 3049 3149 assurgit
3068 3068 3129 3127 in
3149 3066 3391 3128 Christo

471 3155 626 3213 Iesu.
686 3154 766 3213 11.
826 3152 1150 3213 secundum
1203 3168 1451 3227 corpus,
1500 3114 1668 3227 quod
1719 3153 1756 3211 a
1812 3149 2007 3227 priore
2060 3150 2163 3211 illo
2216 3148 2387 3227 quasi
2428 3148 2673 3211 trahitur
2721 3152 2923 3226 (provt
2961 3166 3123 3209 mors
3160 3146 3392 3209 animae

473 3225 3396 3309 mmamfflummmmwmmmmoeqwdfflmsskffiffimnwstwmfifflmmg

475 3314 744 3373 membra
787 3310 965 3373 etiam
1005 3310 1340 3371 conformia
1379 3309 1558 3388 capiti
1599 3326 1708 3371 suo
1750 3310 1991 3389 reddet,
2033 3313 2088 3372 δι
2130 3328 2387 3389 corpora
2426 3320 2658 3385 nostra,
2700 3307 2801 3369 vbi
2840 3306 2901 3367 in
2944 3307 3207 3371 cinerem
3226 3326 3397 3369 versa

473 3394 528 3453 δι
567 3392 648 3453 ab
685 3391 852 3455 omni
890 3390 1232 3452 inhaerente
1272 3391 1409 3451 labe
1446 3389 1614 3468 quasi
1653 3400 1976 3468 expurgata
2014 3389 2263 3470 fuerint,
2302 3406 2535 3451 rursum
2570 3387 2881 3450 animabus
2918 3388 3037 3449 suis
3076 3386 3362 3449 advnabit
3376 3431 3394 3467 ,

475 3472 852 3551 integrosque
909 3490 1024 3531 nos
1063 3470 1182 3531 vita
1217 3469 1318 3531 illa
1356 3480 1598 3531 aeterna
1635 3469 1912 3549 donabit,
1953 3488 2137 3548 quam
2178 3475 2234 3532 δι
2274 3470 2401 3549 ipse
2438 3468 2557 3531 iam
2596 3469 2808 3546 habet,
2846 3470 2901 3529 δι
2943 3487 3057 3531 nos
3093 3488 3199 3546 spe
3236 3476 3401 3529 certa

475 3553 534 3612 in
595 3552 698 3613 illo
754 3550 1076 3630 repositam
1115 3549 1288 3613 nobis
1325 3550 1652 3628 credimus,
1693 3554 1748 3611 δι
1789 3550 1908 3611 fide
1945 3560 2107 3613 certa
2146 3550 2205 3611 in
2247 3550 2351 3611 illo
2388 3548 2507 3611 iam
2545 3547 2915 3621 obtinemus,
2956 3548 3019 3609 in
3058 3565 3183 3626 quo
3222 3562 3400 3625 supra

474 3650 654 3710 quam
715 3632 966 3693 victores
1019 3646 1253 3707 sumus,
1291 3630 1574 3697 haeredes
1613 3629 1856 3708 quidem
1895 3630 2042 3710 Dei,
2082 3631 2447 3691 cohaeredes
2484 3640 2685 3691 autem
2724 3628 2969 3707 Christi,
3010 3639 3187 3706 atque
3226 3626 3401 3687 huius

476 3712 560 3772 rei
599 3711 762 3773 testis
803 3710 976 3771 nobis
1019 3720 1138 3785 est,
1176 3728 1302 3771 non
1342 3713 1572 3771 tantum
1614 3709 1832 3772 Christi
1870 3709 2081 3789 capitis
2118 3709 2307 3771 nostri
2330 3708 2713 3787 resurrectio,
2742 3708 2851 3769 sed
2876 3708 3056 3769 etiarn
3078 3710 3401 3769 multorum

475 3804 852 3869 sanctourm,
885 3792 1128 3851 fratrum
1163 3800 1534 3867 nostrorum,
1563 3789 1668 3868 qui
1701 3802 1829 3868 post
1847 3790 2205 3853 Christume
2225 3789 2551 3869 sepulchris
2571 3789 2897 3851 exiuerunt.
2933 3790 3159 3851 Matth.
3184 3804 3277 3863 ²7·
3313 3806 3403 3847 ιε.

561 3892 651 3933 12.
733 3872 930 3933 Huius
985 3880 1184 3933 autem
1241 3869 1686 3933 resurrectionis
1745 3870 1927 3931 virtus
1966 3890 2093 3931 non
2131 3871 2209 3931 ad
2250 3888 2461 3933 omnes
2500 3868 2807 3961 pertingit,
2845 3868 2951 3945 qui
2988 3878 3296 3946 resurgent
3339 3865 3401 3927 in

477 3952 804 4015 nouissimo
857 3949 1098 4028 mundi,
1139 3952 1350 4028 (quum
1390 3949 1504 4011 illis
1541 3950 1688 4011 nihil
1727 3968 2042 4013 commune
2082 3950 2159 4011 sit
2193 3970 2332 4011 cum
2374 3952 2612 4012 Christo
2627 3994 2643 4027 ,
2682 3948 2787 4026 qui
2824 3960 2961 4009 sunt
3000 3958 3169 4009 extra
3205 3946 3402 4011 Chris·

475 4044 638 4111 tum,
677 4034 733 4093 δι
773 4030 990 4109 impios
1028 4032 1108 4093 ad
1149 4050 1360 4093 vocem
1400 4030 1650 4109 Christi,
1693 4031 1833 4092 licet
1869 4048 1996 4091 non
2033 4030 2093 4091 in
2136 4030 2373 4092 Christo
2389 4076 2408 4109 ,
2440 4040 2868 4091 resurrecturos
2890 4028 2948 4089 S.
2972 4028 3273 4107 Scriptura
3291 4046 3405 4089 nos

475 4114 720 4191 doceat,
779 4114 998 4175 Ioann.
1053 4128 1110 4189 5.
1165 4114 1286 4186 28.)
1323 4110 1433 4173 sed
1469 4110 1550 4171 ad
1585 4130 1692 4173 eos
1731 4112 1958 4173 tantum
2000 4110 2105 4187 qui
2142 4109 2412 4189 palmites
2452 4108 2605 4171 illius
2645 4108 2912 4171 salutaris
2954 4107 3087 4171 vitis
3127 4120 3264 4169 sunt
3300 4126 3407 4185 per

475 4192 780 4255 vinarium
819 4190 1068 4269 Spiritus
1081 4234 1102 4269 ,
1139 4196 1504 4269 succumque
1541 4189 1696 4252 vitae
1735 4189 2051 4269 spiritualis
2090 4209 2197 4268 per
2234 4208 2437 4251 veram
2476 4192 2533 4251 δι
2578 4188 2773 4249 viuam
2816 4188 2993 4249 fidem
3034 4208 3109 4250 ex
3146 4187 3248 4249 illo
3267 4188 3405 4248 hau·

477 4272 652 4335 riunt.
693 4274 894 4350 Atque
939 4273 1088 4335 haec
1125 4289 1302 4333 causa
1339 4282 1430 4331 est
1469 4288 1575 4331 cur
1613 4268 1725 4331 soli
1759 4270 1963 4333 fideles
1996 4270 2097 4349 filij
2121 4268 2568 4333 resurrectionis
2587 4270 2985 4348 appellantur,
3020 4272 3163 4330 Luc.
3191 4288 3283 4329 20.
3307 4270 3404 4345 36.

477 4356 618 4415 cum
659 4350 780 4415 vita
819 4352 920 4413 illa
955 4351 1276 4431 impiorum
1287 4394 1308 4425 ,
1351 4369 1514 4415 mors
1551 4350 1750 4429 potius
1787 4362 2061 4431 aeterna,
2101 4354 2283 4429 quam
2318 4350 2438 4413 vita
2456 4352 2811 4429 appelletur:
2846 4348 2961 4411 soli
2980 4360 3181 4411 autem
3200 4348 3409 4409 fideles

3228 4444 3405 4487 vnum
