3923 4875
369 4335 493 4365 μ

575 223 688 285 288
1507 235 1834 282 ‘russas
1894 233 2546 280 Τιιιιοιοιιιοιιι.

645 414 704 472 3.
785 393 1160 456 Coadunatio
1191 393 1329 476 ista,
1369 397 1425 456 δι
1465 413 1645 458 causa
1683 395 2009 472 efficiente,
2052 396 2107 456 &
2144 397 2336 458 fonna
2355 395 2575 488 etiam,
2616 398 2655 456 a
2672 393 2865 474 prima
2884 395 2985 460 illa
3004 395 3455 488 combinatione
3476 441 3500 476 ,

566 475 810 554 quando
861 473 1060 536 anima
1119 494 1337 555 corpus
1394 476 1746 556 ingreditur,
1804 478 2031 538 differt:
2090 495 2215 536 non
2274 475 2435 538 enim
2494 495 2601 554 per
2654 485 2927 538 naturam
2978 475 3105 538 siue
3159 478 3495 538 naturalem

569 573 835 634 causam,
875 565 1118 617 naturae
1157 556 1396 647 ordine,
1459 576 1564 636 per
1603 557 1864 618 calidum
1903 559 1961 618 &
2002 556 2315 618 humidum
2354 555 2623 618 natiuum
2660 555 2850 634 (quod
2892 562 3138 634 vocant)
3176 575 3319 618 cum
3362 576 3493 618 cor-

567 655 715 716 pore
741 599 1004 698 manebit
1043 635 1322 728 colligata
1361 636 1472 714 (sic
1513 637 1672 698 enim
1709 637 2072 698 coadunatio
2113 655 2239 698 non
2278 647 2431 698 esset
2470 649 2743 715 aeterna,
2785 648 2993 714 vtpote
3042 639 3183 698 cum
3230 637 3489 698 calidum

567 717 758 778 indies
797 717 876 778 ab
917 714 1166 777 humido
1213 717 1508 796 minuatur
1548 721 1604 780 &
1643 717 1885 778 tandem
1923 719 2282 778 suffocetur:
2323 716 2635 778 humidum
2666 720 2807 778 νειὸ
2842 721 2880 776 a
2908 717 3108 780 calido
3146 717 3491 790 exsiccetur,

567 800 624 858 δι
665 795 908 858 tandem
939 785 1356 887 disperdatur,
1397 797 1555 860 vnde
1593 797 1722 876 ipsa
1760 799 2030 876 corporis
2069 800 2256 872 mors)
2288 797 2397 858 sed
2438 799 2775 859 coadunata
2806 797 3195 876 personaliter
3225 797 3489 864 haerebit

568 895 680 940 suo
715 875 984 956 corpori,
1025 877 1468 956 omnipotentis
1505 897 1686 940 manu
1699 923 1718 957 ,
1760 878 1946 940 modo
1986 877 2269 970 peculiari
2306 880 2364 940 &
2403 877 2580 942 nobis
2621 877 3245 958 incomprehensibili,
3286 875 3347 940 id
3372 889 3489 956 est,

567 960 743 1036 plane
785 957 1212 1035 supernaturali
1251 968 1434 1036 atque
1473 957 1678 1019 diuino
1721 977 1827 1037 per
1865 960 2137 1038 gratiam.

643 1057 703 1112 4.
778 1039 1002 1098 Iterum
1053 1038 1388 1099 coadunata
1427 1039 1624 1100 futura
1672 1049 1762 1100 est
1801 1056 1926 1099 ιιοιι
1968 1057 2223 1116 corpore
2260 1037 2489 1117 alieno,
2528 1041 2584 1099 δι
2628 1038 2971 1100 immediate
3014 1040 3053 1098 a
3091 1039 3228 1099 Deo
3260 1049 3492 1115 creatu,

561 1118 670 1179 sed
709 1134 847 1178 cum
885 1118 1142 1195 ipsomet
1179 1137 1436 1196 corpore
1469 1118 1531 1178 in
1573 1118 1742 1196 quod
1769 1129 1935 1179 ortus
1966 1118 2057 1180 sui
2092 1130 2363 1196 ternpore
2395 1118 2685 1197 ingressa,
2728 1122 2786 1180 &
2818 1138 2925 1196 per
2966 1130 3223 1180 mortem
3258 1138 3491 1196 egressa

563 1209 691 1260 est:
731 1197 900 1276 quod
939 1215 1158 1276 corpus
1197 1217 1321 1260 non
1360 1197 1684 1290 creabitur,
1725 1217 1864 1260 nam
1907 1199 2130 1261 creatio
2162 1209 2254 1260 est
2281 1198 2601 1276 productio
2632 1198 2717 1260 rei
2748 1219 2822 1259 ex
2854 1198 3060 1260 nihilo.
3098 1199 3270 1258 Istud
3290 1210 3489 1258 autem

563 1295 782 1357 corpus
821 1298 896 1339 ex
935 1281 1176 1358 puluere
1217 1290 1407 1340 terrae
1445 1278 1858 1340 suscitabitur:
1913 1299 2038 1342 non
2080 1299 2155 1340 ex
2192 1279 2605 1358 generatione,
2646 1281 2843 1340 nullus
2886 1278 3047 1340 enim
3088 1278 3489 1358 generationis

563 1357 842 1420 naturalis
883 1360 1099 1420 modus
1145 1357 1386 1438 corpori
1419 1359 1512 1420 isti
1533 1377 1672 1422 cum
1691 1360 1889 1422 anima
1909 1369 2161 1422 suatum
2184 1359 2611 1438 coniungendo
2633 1357 2954 1437 competit:
2980 1359 3086 1420 sed
3106 1369 3486 1420 conuertetur

565 1459 640 1500 ex
689 1439 888 1500 cinere
941 1449 1224 1516 tanquam
1277 1438 1519 1501 materia
1563 1457 1669 1500 sua
1707 1439 1898 1518 prima
1935 1440 1998 1502 in
2038 1459 2295 1520 corpus;
2354 1441 2413 1500 δι
2453 1440 2533 1500 ita
2571 1439 2843 1518 corporis
2886 1437 3051 1500 istius
3096 1438 3449 1500 resurrectio
3469 1483 3489 1516 ,

567 1519 862 1596 reuersi0‚
903 1537 1008 1580 seu
1046 1518 1502 1598 redintegratiO,
1546 1531 1638 1580 est
1678 1519 1956 1582 dicenda.

648 1615 703 1678 5.
783 1601 954 1660 Finis
1000 1599 1165 1660 istius
1205 1598 1664 1661 combinationis
1704 1601 1980 1661 definitur
2018 1600 2241 1679 gloriae
2282 1599 2401 1661 Dei
2438 1599 2771 1661 illustratio.
2810 1609 2877 1660 vt
2918 1609 3117 1660 autem
3160 1597 3353 1691 gloria
3380 1597 3489 1658 Dei

562 1678 884 1740 illustratur
923 1679 1060 1740 cum
1089 1699 1197 1758 per
1229 1679 1411 1758 ipsius
1444 1679 1939 1753 misericordiam
1982 1692 2107 1742 tum
2137 1680 2317 1742 etiam
2348 1699 2455 1759 per
2488 1679 2802 1742 iustitiam:
2844 1680 2931 1742 sic
2959 1677 3223 1739 fidelium
3258 1678 3487 1740 animae

564 1778 702 1820 cum
743 1758 1097 1850 corporibus
1137 1759 1256 1821 suis
1296 1760 1510 1822 iterum
1551 1759 2021 1840 coniungentur,
2074 1771 2139 1822 vt
2174 1761 2555 1824 inexhaustae
2596 1759 3039 1822 misericordiae
3080 1761 3387 1820 thesaurus
3428 1758 3489 1818 in

564 1840 793 1931 integra
831 1837 1011 1917 ipsius
1051 1840 1239 1901 fidelis
1281 1859 1570 1932 persona,
1611 1841 1798 1920 gratia
1835 1844 1892 1902 &
1933 1806 2123 1920 gloria
2160 1840 2592 1933 supernaturali
2633 1851 2872 1918 ornata,
2914 1841 2975 1900 in
3018 1859 3263 1901 omnem
3304 1851 3487 1900 aeter·

563 1918 808 2010 nitate-m
846 1921 1046 1980 celebr
1021 1929 1210 1982 vetur:
1272 1920 1602 1982 infidelium
1644 1933 1845 1982 autem
1885 1921 2117 1982 animae
2160 1920 2402 1999 corpori
2444 1938 2553 1982 suo
2592 1919 3030 1999 coniungentur
3043 1965 3061 1996 ,
3130 1931 3196 1980 vt
3234 1939 3489 1997 corpore

563 2003 620 2060 &
659 1997 888 2079 anima,
930 2017 1053 2077 quo
1094 1999 1154 2061 in
1195 2002 1422 2080 Deum,
1465 1999 1746 2080 Spiritum
1786 2000 2079 2062 infinitum
2122 2003 2179 2062 &
2218 2005 2447 2062 summe
2486 2000 2705 2063 iustum
2747 2012 3099 2078 peccarunt,
3142 1999 3399 2061 infinitas
3430 2002 3485 2060 δι

566 2097 829 2140 summas
887 2098 1112 2158 poenas
1173 2081 1391 2141 luendo
1451 2081 1532 2140 ad
1593 2091 1825 2159 tempus
1887 2080 2018 2158 in(f.
2048 2081 2494 2161 1751)finitum,
2542 2081 2822 2143 iustitiam
2862 2080 2977 2142 Dei
3017 2079 3479 2142 vindicationem

566 2158 856 2221 illustrent
895 2169 1052 2220 statu
1091 2159 1326 2223 infelice
1367 2177 1497 2222 suo.

647 2243 704 2301 6.
786 2243 1056 2302 Actiones
1095 2240 1331 2302 animae
1370 2239 1431 2302 in
1470 2240 1645 2302 tertio
1687 2239 1799 2303 isto
1841 2249 1997 2302 statu
2036 2251 2173 2302 sunt
2210 2259 2589 2320 communes,
2626 2252 2731 2302 aut
2762 2240 3054 2320 propriae.
3112 2240 3451 2301 Communes
3464 2284 3483 2316 ,

569 2339 633 2382 se
686 2339 892 2382 coram
951 2320 1188 2384 Christo
1247 2338 1482 2383 summo
1541 2320 1737 2382 iudice
1795 2319 2051 2382 vniuersi
2104 2321 2335 2400 generis
2392 2321 2639 2382 humani
2692 2323 2894 2384 sistere
2910 2367 2927 2401 ,
2986 2330 3295 2382 anteactae
3338 2319 3489 2378 vitae

569 2399 858 2463 rationem
895 2400 1178 2482 reddere,
1217 2403 1275 2463 &
1314 2401 1666 2463 sententiam
1705 2403 1784 2463 ab
1822 2401 1927 2463 illo
1966 2403 2145 2463 latam
2184 2402 2478 2483 accipere.

649 2498 704 2557 7.
782 2482 1085 2559 Propriae
1133 2495 1270 2544 sunt
1327 2480 1560 2543 animae
1619 2482 1813 2545 fidelis
1873 2493 1977 2542 aut
2036 2481 2320 2563 infidelis3
2379 2502 2544 2561 eaeq.
2587 2480 2906 2561 organicae
2944 2493 3048 2543 aut
3088 2480 3489 2559 inorganicae.

571 2560 940 2639 organicae,
980 2562 1246 2641 pervisus
1285 2580 1576 2641 organum
1617 2562 1892 2625 coelestis
1932 2561 2087 2623 illius
2126 2530 2503 2624 Hierusalem
2541 2562 2792 2641 gloriam
2834 2562 3075 2623 videre:
3116 2580 3225 2639 per
3257 2560 3491 2639 linguae

564 2642 1020 2705 instrumentum
1079 2644 1194 2705 Dei
1253 2642 1580 2705 bonitatem
1639 2640 1883 2705 coelesti
1933 2641 2037 2703 illo
2092 2644 2347 2721 hymn0‚
2408 2645 2687 2722 SanctuS,
2752 2644 3037 2721 Sanctus,
3100 2642 3352 2703 Sanctus
3394 2660 3457 2699 es
3474 2684 3491 2717 ,

567 2722 608 2783 ὃ
647 2724 912 2803 Iehoua,
953 2724 1289 2785 celebrare.
1333 2722 1490 2783 auris
1531 2722 1708 2785 etiam
1749 2722 2073 2784 ministerio
2114 2723 2349 2785 cantica
2386 2740 2541 2801 quae
2584 2726 2719 2785 Deo
2758 2727 2797 2783 a
2840 2722 3236 2784 confratribus
3278 2722 3489 2783 decan·

569 2804 880 2881 tabuntur,
941 2802 1174 2883 audire,
1232 2805 1344 2864 ὅτε.
1425 2803 1716 2879 Quamuis
1777 2802 1933 2863 enim
1996 2804 2213 2867 modus
2270 2804 2379 2864 iste
2440 2802 2501 2863 in
2554 2802 2798 2865 coelesti
2837 2804 2939 2863 illa
2985 2802 3106 2863 vita
3144 2799 3490 2863 celebrandi

569 2884 769 2943 Deum
810 2894 900 2944 est
939 2900 1118 2961 supra
1147 2884 1477 2943 naturalem
1517 2882 1792 2962 corporis
1826 2900 2107 2944 sensuum
2148 2884 2428 2945 modum:
2492 2894 2693 2945 tamen
2741 2884 2839 2944 vix
2880 2903 2952 2942 ac
2992 2902 3067 2943 ne
3108 2882 3209 2942 vix
3248 2880 3490 2959 quidem

569 2962 854 3023 credibile
904 2967 961 3025 &
1021 2980 1298 3056 corpus
1305 2964 1436 3024 fore
1495 2964 1791 3025 otiosumt
1855 2965 1963 3023 sed
2022 2963 2220 3041 potius
2278 2964 2658 3025 statuendum
2715 2962 2975 3023 animam
3022 2961 3345 3054 gloriosam
3384 2979 3493 3038 per

569 3042 866 3120 gloriosos
905 3062 1174 3121 corporis
1211 3042 1302 3104 sui
1332 3042 1534 3136 (quod
1570 3043 1920 3123 organicum
1959 3048 2076 3121 est)
2115 3062 2351 3122 sensus,
2392 3044 2579 3105 modo
2622 3044 2735 3122 ipsi
2780 3041 3145 3122 competenti
3178 3061 3303 3104 non
3334 3039 3487 3101 desi·

569 3136 764 3183 turam
805 3142 980 3203 agere
994 3168 1014 3203 ,
1053 3127 1110 3185 &
1149 3124 1382 3202 operari
1421 3124 1685 3185 actiones
1725 3125 1782 3184 &
1825 3124 2203 3203 operationes
2244 3124 2556 3217 gloriosas.

649 3206 708 3265 8.
787 3205 1187 3281 lnorganicae
1225 3204 1455 3265 animae
1493 3204 1762 3267 actiones
1801 3216 2005 3282 erunt,
2048 3206 2359 3265 essentiam
2402 3204 2553 3281 Dei,
2592 3204 2841 3282 gloriam
2880 3206 2937 3264 δι
2962 3201 3329 3294 maiestatem
3348 3246 3365 3277 ,
3385 3218 3492 3279 per

569 3284 818 3345 modum
877 3283 1436 3346 communicationis
1485 3285 1779 3363 gratiosae
1817 3296 1878 3345 et
1927 3283 2225 3363 gloriosae
2263 3284 2501 3364 videre,
2560 3284 2661 3344 illa
2700 3288 2989 3375 perpetuo
3029 3283 3175 3362 frui3
3237 3282 3299 3341 in
3332 3280 3491 3341 illius

567 3362 962 3456 inspectione,
1023 3364 1530 3457 contemplatione
1567 3385 1641 3425 ac
1679 3366 1874 3425 fructu
1917 3382 2047 3425 sese
2087 3366 2425 3442 oblectare3
2484 3329 2762 3425 vniuersa
2802 3363 3004 3425 salutis
3045 3361 3323 3439 mysteria
3365 3380 3491 3454 per·

571 3447 724 3505 fecte
761 3443 1120 3536 intelligere,
1160 3444 1244 3505 nil
1273 3443 1385 3505 nisi
1411 3448 1672 3523 bonum,
1715 3454 2017 3521 sanctum,
2058 3444 2276 3507 iustum
2308 3446 2503 3505 velle:
2544 3444 2627 3505 nil
2658 3444 2771 3505 nisi
2804 3443 3087 3505 ineffabili
3119 3442 3203 3503 illi
3234 3439 3495 3505 felicitati

567 3523 930 3586 conueniens
974 3490 1238 3603 diligere.
1289 3526 1380 3585 Ita
1417 3491 1748 3586 intellectus
1787 3528 1843 3586 δι
1883 3524 2203 3587 voluntatis
2240 3525 2505 3585 actiones
2548 3536 2719 3585 erunt
2760 3526 2967 3601 quales
3000 3526 3399 3601 Angelorum,
3428 3520 3492 3580 id

573 3616 696 3684 est,
735 3606 912 3681 plane
951 3609 1008 3667 δι
1041 3608 1215 3697 plene
1245 3624 1350 3685 per
1356 3607 1578 3699 fectae²
1619 3606 1805 3667 iustae
1819 3650 1838 3681 ,
1878 3616 2138 3666 sanctae.

651 3706 707 3765 9.
788 3686 1052 3745 Infidelis
1087 3684 1286 3747 anima
1323 3696 1461 3765 aget
1499 3697 1677 3747 etiam
1707 3688 1762 3747 δι
1803 3686 2057 3764 patietur
2095 3697 2196 3745 aut
2228 3704 2335 3763 per
2370 3704 2594 3763 organa
2624 3683 2929 3763 corporiS,
2960 3694 3065 3745 aut
3085 3685 3211 3745 sine
3232 3700 3489 3773 organo:

571 3785 684 3857 per
719 3784 990 3845 organon
1029 3765 1194 3827 vocis
1234 3770 1290 3827 δι
1330 3766 1566 3858 linguae
1598 3767 1844 3828 eiulatus
1884 3769 1941 3827 δι
1982 3768 2277 3827 clamores
2318 3766 2649 3827 horrendos
2690 3765 2749 3825 in
2790 3776 3005 3843 stagno
3046 3764 3150 3825 illo
3190 3760 3488 3853 sulphuris

569 3844 833 3907 emittet·
819 3891 836 3926 ,
877 3865 982 3924 per
1023 3856 1248 3907 tactum
1287 3845 1462 3907 etiam
1503 3847 1770 3925 corporis
1809 3846 2207 3908 intolerabiles
2252 3846 2465 3906 inferni
2504 3846 2799 3907 cruciatus
2838 3844 3085 3906 sentiet:
3150 3864 3258 3922 per
3302 3840 3493 3903 visum

569 3924 874 4016 horrebit3
933 3946 1041 4005 per
1101 3944 1388 4005 organum
1449 3927 1684 3989 auditus
1743 3926 1922 3989 etiam
1984 3926 2165 3987 totius
2226 3924 2523 3987 infernalis
2578 3928 2859 4003 consorti]
2916 3926 3187 4003 querelas
3242 3925 3299 3983 &
3339 3919 3497 3983 voci·

573 4003 892 4068 ferationes
933 4006 1241 4086 percipiet.

657 4103 750 4176 ιο.
831 4088 1243 4166 Perpessiones
1283 4086 1517 4149 animae
1536 4104 1729 4182 suae,
1771 4088 1896 4149 siue
1928 4085 2197 4164 corporis
2226 4105 2489 4178 organo,
2529 4089 2759 4147 futurae
2792 4096 2955 4164 sunt,
2998 4083 3214 4146 vermis
3255 4084 3355 4145 ille
3390 4081 3495 4163 qui

576 4162 834 4229 animam
871 4168 1098 4229 interne
1134 4170 1190 4229 &
1225 4168 1650 4231 conscientiam
1671 4168 1877 4230 rodet:
1913 4166 2355 4245 inexplicabiles
2375 4154 2845 4259 ἰιιςὶιὶειιιᾱίιιε5,
2866 4166 3140 4237 dolores,
3164 4175 3495 4243 tormenta,

577 4260 730 4318 quae
767 4246 829 4307 in
871 4268 934 4310 se
973 4254 1010 4309 a
1048 4248 1250 4310 diuina
1285 4246 1504 4311 iustitia
1541 4250 1933 4327 perpetietur·
1998 4264 2207 4309 eorum
2259 4248 2451 4325 quisq.
2502 4212 2845 4310 intellectus
2887 4245 2971 4307 nil
3023 4226 3140 4305 nisi
3178 4243 3400 4384 flagitial.
3440 4245 3496 4305 δι

3278 4344 3379 4385 sce
3403 4343 3503 4385 era
