3923 4875
1363 1144 1897 1221 FRANCISCI
1938 1144 2185 1242 JUN11
2238 1142 2511 1218 VITA.

1713 1467 2101 1477 ——-—.-—

542 1722 1006 1782 Mrsnaxrronsss
1065 1719 1312 1782 Domini
1369 1721 1626 1782 narrabo
1642 1765 1660 1798 ,
1720 1737 1905 1799 quum
1966 1718 2226 1781 rationes
2284 1720 2541 1781 narrabo
2601 1719 2849 1781 miserae
2886 1718 3044 1781 vitae
3084 1737 3283 1799 meae,
3326 1730 3389 1780 vt

461 1802 820 1881 glorificetur
859 1801 1156 1863 Dominus
1194 1800 1256 1862 in
1295 1820 1393 1862 me
1407 1847 1426 1881 .,
1484 1799 1588 1879 qui
1627 1800 1768 1861 fecit
1807 1819 1923 1861 me.
2006 1803 2103 1862 Tu
2138 1810 2335 1862 autem
2349 1845 2367 1880 ,
2426 1799 2687 1861 Domine
2702 1846 2721 1880 ‚
2761 1800 2924 1879 aperi
2946 1800 3106 1861 labia
3126 1819 3291 1874 mea,
3324 1810 3390 1860 vt

463 1901 534 1943 os
575 1900 774 1943 meum
814 1881 1135 1943 annunciet
1171 1882 1410 1942 laudem
1453 1892 1647 1941 tuam:
1700 1880 1889 1960 dirige
1928 1879 2200 1959 spiritum
2241 1897 2470 1961 meum,
2511 1891 2576 1942 vt
2614 1878 2714 1940 hic
2754 1882 2811 1940 &
2850 1880 2911 1941 in
2946 1890 3073 1941 tota
3106 1879 3227 1941 vita
3256 1900 3391 1941 mea

461 1972 733 2023 testatam
792 1962 1006 2023 faciam
1064 1961 1246 2022 fidem
1306 1962 1362 2021 δι
1422 1960 1728 2022 veritatem
1767 1972 1954 2023 tuam.
2033 1963 2128 2022 De
2168 1980 2266 2021 me
2308 1960 2535 2041 dicam,
2595 1959 2857 2022 Domine
2872 2006 2889 2040 ,
2941 1979 3146 2022 coram
3188 1970 3280 2041 te;
3318 1979 3391 2020 ac

463 2041 662 2119 potius
702 2043 778 2103 de
818 2052 877 2103 te
915 2040 1111 2103 dicam
1127 2086 1144 2121 ,
1204 2040 1491 2121 Domine.
1533 2050 1749 2120 agente
1789 2041 1852 2101 in
1893 2060 1991 2102 me
2005 2087 2023 2121 ‚
2064 2042 2121 2101 &
2159 2040 2493 2103 enunciabo
2524 2040 2831 2101 veritatem
2846 2086 2865 2121 ,
2896 2058 3078 2119 quam
3111 2038 3393 2117 singulari

463 2121 893 2200 gubernatione
927 2132 1028 2182 tua
1065 2119 1306 2183 voluisti
1343 2122 1697 2200 explicatam
1737 2121 1798 2182 in
1839 2140 1936 2183 me
1976 2141 2087 2200 pro
2130 2119 2538 2183 misericordia
2576 2120 2805 2182 infinita
2845 2132 2949 2182 tua
2962 2167 2981 2200 .,
3020 2130 3085 2181 vt
3124 2121 3180 2180 δι
3219 2119 3397 2181 amici
3426 2122 3455 2139 ⁹

464 2212 742 2280 rogantes
801 2202 1040 2263 videant
1053 2246 1071 2282 ,
1132 2202 1189 2261 δε
1243 2199 1413 2261 liberi
1472 2218 1626 2279 quos
1667 2200 1881 2262 dedisti
1922 2200 2069 2262 mihi
2106 2201 2496 2263 recordentur
2534 2200 2874 2279 praestitam
2912 2201 3075 2262 illam
3115 2220 3257 2279 erga
3294 2219 3393 2261 me

469 2281 770 2343 veritatem
826 2291 990 2343 tuam
1004 2328 1021 2359 ‚
1083 2282 1138 2341 δι
1199 2299 1408 2343 omnes
1480 2281 1559 2360 pij
1602 2280 1993 2360 implorantes
2040 2281 2201 2342 illam
2242 2281 2714 2342 misericordiam
2753 2292 2951 2373 tuam²
2991 2298 3111 2359 qua
3148 2279 3396 2341 affecisti

469 2381 566 2423 me
579 2407 598 2441 ‚
653 2361 1021 2423 deducantur
1077 2377 1315 2421 mecum
1374 2360 1436 2421 in
1476 2362 1657 2439 adyta
1695 2360 1956 2424 veritatis
1992 2374 2149 2424 tuae.
2228 2364 2537 2422 Pertexam
2576 2362 2716 2423 inde
2755 2364 2793 2421 a
2832 2363 3155 2421 maioribus
3194 2371 3393 2421 ortum

464 2441 620 2504 vitae
659 2461 856 2502 meae:
898 2443 954 2502 δι
995 2442 1074 2502 ad
1113 2452 1342 2502 stamen
1374 2457 1556 2522 vsque
1589 2443 1912 2521 praesentis
1946 2445 2131 2505 horae
2166 2441 2532 2504 continuabo
2564 2453 2817 2503 tramam
2847 2442 3001 2503 illius
3017 2487 3034 2522 ,
3068 2451 3129 2502 te
3154 2440 3391 2502 vidente

472 2522 576 2600 qui
615 2522 817 2583 omnia
855 2521 1021 2584 vides
1035 2567 1052 2602 ,
1091 2531 1158 2582 vt
1196 2521 1490 2602 singuiare
1528 2523 1689 2602 apud
1729 2522 1880 2584 filios
1922 2533 2059 2584 tuos
2080 2533 2269 2584 exstet
2296 2525 2335 2584 ὲ,
2366 2543 2464 2584 me
2496 2522 2875 2603 benignitatis
2905 2524 2961 2582 &
2996 2521 3221 2601 gloriae
3255 2531 3393 2582 tuae

472 2612 904 2681 argumentum.
2064 2667 2071 2672 ,

549 2686 716 2744 Auus
774 2682 918 2744 mihi
979 2681 1086 2743 fuit
1140 2680 1512 2744 Guilhelmus
1567 2681 1808 2743 Ioannis
1867 2684 1936 2744 F.
1998 2681 2326 2744 Guilhelmi
2342 2681 2346 2686 “
2362 2686 2441 2745 Ν.
2479 2683 2775 2746 Dominus
2814 2680 3275 2743 Boffardineriae
3315 2681 3395 2741 ad

471 2764 912 2824 Vxellodunum
951 2762 1358 2841 (Issoldunum
1399 2763 1735 2842 Sigebertus
1769 2773 1979 2841 vocat,
2005 2764 2511 2840 quemadmodum
2545 2765 2602 2824 &
2633 2765 2869 2844 vulgus)
2897 2762 3001 2841 qui
3029 2761 3090 2822 in
3124 2760 3396 2821 custodia

468 2843 525 2902 δε
584 2842 762 2921 equili
815 2840 1300 2907 christianissimi
1337 2845 1703 2904 Francorum
1743 2842 1926 2921 Regis
1966 2843 2263 2905 Ludouici
2302 2861 2413 2906 x11.
2452 2843 2832 2921 ministrauit,
2873 2843 2930 2902 δε
2968 2843 3130 2903 bello
3171 2842 3397 2901 Nauar-

469 2941 616 2984 reno
675 2933 814 2984 ante
870 2941 1061 2984 annos
1121 2936 1333 2982 Lxxxx.
1389 2923 1618 2984 nauiter
1656 2941 1902 3001 operam
1942 2922 2140 3002 dedit,
2179 2940 2365 3001 quum
2404 2924 2813 2985 Ferdinandus
2852 2920 3182 3000 Hispaniae
3220 2923 3359 2980 Rex
3375 2966 3392 3000 ,

471 3005 651 3064 fretus
691 3005 1063 3064 anathemate
1105 3001 1330 3080 publici
1359 3000 1514 3064 illius
1547 3002 1887 3079 incendiarij
1920 3001 2051 3079 Iulij
2079 3005 2157 3063 11.
2198 3002 2499 3064 Pontificis
2532 3014 2797 3082 ereptam
2830 3001 3043 3062 Ioanni
3062 3003 3395 3062 Albretano

475 3081 764 3145 ditionem
822 3081 1206 3144 Nauarricam
1258 3082 1418 3144 bona
1458 3103 1534 3145 ex
1570 3092 1738 3161 parte
1776 3093 2156 3160 occupasset:
2198 3100 2454 3161 quorum
2494 3083 2827 3145 officiorum
2864 3081 3108 3143 nomine
3148 3083 3399 3142 collatus

475 3165 510 3221 a
568 3166 736 3243 Rege
793 3162 854 3225 in
914 3181 1094 3224 avum
1154 3161 1551 3242 familiamque
1613 3161 1794 3241 ipsius
1853 3161 2177 3224 nobilitatis
2217 3165 2433 3225 honor.
2512 3163 2727 3224 Auitae
2767 3174 2963 3224 autem
3005 3159 3397 3240 expeditionis

473 3242 628 3304 illius
686 3259 834 3322 puer
893 3243 1089 3304 adhuc
1151 3243 1516 3304 monimenta
1573 3242 1722 3322 vidi,
1775 3241 1972 3320 posita
2031 3241 2093 3302 in
2154 3261 2391 3305 summo
2430 3244 2905 3305 Vxellodunensi
2941 3243 3168 3321 templo
3210 3241 3398 3319 (quod

478 3324 540 3384 S.
600 3324 744 3401 Cyri
799 3324 1130 3396 nominant)
1193 3323 1458 3384 donaria.
1539 3325 1689 3383 Tres
1747 3321 1888 3382 huic
1939 3323 2175 3382 fuerunt
2212 3325 2313 3401 filij
2332 3369 2349 3404 ,
2389 3325 2445 3383 &
2486 3322 2639 3385 filiae
2680 3325 2852 3387 duae.
2931 3321 3218 3384 Filiorum
3258 3329 3401 3380 natu

482 3402 774 3465 maximus
789 3449 807 3484 ‚
863 3407 1119 3464 Ioannes
1131 3447 1152 3494 2
1202 3401 1356 3464 vitae
1397 3401 1666 3482 militari,
1705 3419 1886 3480 quam
1924 3420 2051 3462 non
2080 3402 2327 3464 feliciter
2369 3404 2696 3464 admodum
2740 3403 3039 3464 exercuit:
3085 3399 3377 3464 secundus
3390 3445 3407 3479 ,

480 3483 858 3563 FranciscuS‚
916 3483 1399 3544 Ecclesiastioee:
1461 3482 1668 3544 tertius
1681 3528 1698 3562 ,
1756 3481 2079 3560 Dionysius
2138 3483 2458 3544 litterarum
2531 3483 2739 3545 studiis
2778 3483 3134 3562 politiaeque
3173 3480 3403 3541 dicatus

481 3573 596 3624 est:
656 3563 1164 3642 quemadmodum
1221 3582 1328 3641 per
1381 3563 1526 3623 illud
1563 3571 1796 3641 tempus
1835 3561 1898 3623 in
1937 3561 2151 3641 amplis
2189 3563 2421 3626 familiis
2460 3563 2715 3625 maiores
2752 3563 2887 3626 filiis
2926 3563 3045 3626 suis
3084 3559 3399 3641 plurimum

482 3644 757 3706 solebant
796 3645 1125 3705 consulere.
1201 3642 1525 3720 Dionysius
1565 3643 1711 3703 mihi
1747 3652 1913 3721 pater
1950 3642 2091 3704 fuit:
2131 3643 2235 3721 qui
2281 3663 2389 3722 per
2431 3643 2715 3705 celebreis
2748 3645 2979 3705 Galliae
3011 3639 3369 3703 Academias
3383 3683 3402 3717 ‚

483 3723 842 3804 Biturigibus
857 3770 875 3804 ‚
931 3721 1206 3800 PictauiJ,
1265 3724 1568 3784 Tholosae
1627 3721 1778 3783 Iuris
1836 3722 2034 3784 studio
2094 3742 2337 3801 operam
2396 3725 2578 3786 dabat
2591 3770 2609 3805 ,
2668 3723 2921 3786 libenter
2978 3721 3220 3802 quidem
3235 3765 3254 3799 ‚
3293 3719 3402 3779 sed

484 3803 856 3883 indiligenter
893 3814 1128 3881 tamen,
1166 3801 1358 3863 aliena
1398 3805 1592 3881 culpa.
1672 3805 1828 3863 Nam
1860 3812 1926 3862 vt
1956 3805 2143 3865 homo
2176 3814 2302 3866 erat
2332 3802 2586 3865 inuictus
2614 3803 2815 3872 animo
2830 3851 2847 3884 ‚
2882 3821 3137 3881 corpore
3168 3802 3401 3876 firmuS,

484 3901 663 3944 manu
721 3881 1193 3963 promptissimus
1208 3927 1225 3961 ,
1283 3882 1382 3943 vix
1443 3885 1562 3944 vlla
1621 3892 1746 3943 erat
1806 3881 1958 3943 inter
2018 3881 2261 3945 iuuenes
2301 3882 2710 3946 controuersia
2725 3929 2743 3964 .‚
2780 3889 2901 3962 quo
2942 3902 3067 3944 non
3101 3888 3404 3960 raperetur

487 3963 832 4041 imprudens
845 4011 864 4045 ‚
924 3973 1027 4025 aut
1065 3961 1244 4024 etiam
1282 3962 1530 4056 inuitus}
1586 3979 1769 4042 quum
1809 3963 1995 4024 modo
2036 3962 2095 4024 hi
2111 4008 2129 4044 ,
2170 3966 2355 4025 modo
2395 3963 2480 4025 illi
2517 3963 2746 4025 socium
2785 3963 2951 4024 illum
2984 3962 3097 4024 sibi
3139 3962 3217 4022 ad
3269 3976 3404 4019 suas

489 4061 718 4122 pugnas
743 4045 1157 4123 adiungerent:
1197 4059 1315 4120 qua
1342 4043 1420 4105 de
1451 4043 1659 4104 iniuria
1680 4063 1856 4122 saepe
1876 4042 2247 4122 grauiterque
2267 4043 2467 4105 audiui
2486 4053 2832 4123 querentem
2850 4054 3103 4122 patrem.
3142 4040 3307 4102 Hinc
3327 4039 3405 4099 ab

486 4141 603 4185 auo
663 4125 922 4188 solennis
969 4124 1294 4185 litterarum
1309 4169 1328 4203 ‚
1386 4141 1534 4201 quas
1585 4123 1877 4202 Dionysio
1927 4123 2050 4184 filio
2104 4123 2403 4203 mittebat,
2453 4126 2509 4184 &
2549 4124 2701 4184 salsa
2738 4123 3074 4204 inscriptio,
3115 4121 3407 4189 Dionysio

493 4205 694 4265 ddecto
740 4209 882 4284 filio
898 4250 916 4285 ‚
977 4207 1151 4265 misso
1210 4206 1295 4264 ad
1345 4206 1711 4284 studendum,
1771 4208 1895 4282 pro'
1941 4222 2017 4264 eo
2034 4249 2053 4282 ‚
2112 4205 2279 4283 quod
2336 4204 2429 4281 alij
2492 4204 2673 4282 vulgo
2733 4203 3063 4266 inscribunt
3077 4250 3095 4283 ,
3139 4200 3407 4263 studenti.

490 4285 764 4347 Tandem
783 4285 1084 4347 Licentiae
1105 4286 1193 4362 (vt
1219 4288 1460 4360 vocant)
1490 4285 1742 4364 gradum
1773 4284 2078 4344 Tholosae
2110 4285 2359 4364 adeptus
2392 4293 2589 4363 pater,
2623 4283 2725 4344 vbi
2758 4284 3092 4346 reuertisset
3122 4284 3372 4344 domum
3390 4322 3407 4355 ,

485 4365 563 4424 ad
623 4365 846 4427 ciuileis
903 4367 1164 4427 honores
1223 4363 1564 4442 imprudens
1578 4409 1596 4440 ,
1655 4365 1762 4426 sed
1819 4363 2195 4442 prouidentia
2254 4364 2368 4426 Dei
2408 4364 2915 4428 mirificentissima
2952 4366 3259 4506 traductus
3299 4367 3409 4418 est·

1363 4461 1368 4466 ·
1931 4461 1963 4500 2
3076 4455 3409 4504 ccasionem
