3923 4875
680 294 791 356 154
1661 292 1986 337 ΤΗΕΒῑΒ
2044 290 2694 337 Tutotooican.

674 454 1069 523 indicamur
1112 452 1364 518 decreti
1416 453 1555 518 Dei
1598 453 1863 518 aeterna·
1905 453 2200 518 nonn‘ne:
2241 453 2324 516 de
2369 475 2497 536 quo
2541 463 2684 517 tum
2737 453 3172 518 eommrmiter
3189 503 3204 528 ‚
3253 465 3588 536 quatenus

671 547 891 610 omnia
952 553 1178 608 creata
1196 565 1219 605 .·
1284 553 1423 606 tum
1481 545 1935 627 singulariter
1950 594 1966 620 ,
2013 553 2339 627 quatenus
2383 545 2724 607 hominum
2761 543 2974 628 finem
3015 546 3360 608 concernit
3375 595 3391 621 ,
3444 549 3584 610 sin-

663 636 855 719 gulis
906 633 1479 716 disputationibus
1520 645 1743 698 actum
1786 645 1892 698 est
1906 657 1930 698 .·
1979 645 2347 718 sequuntur
2391 645 2670 698 externa
2721 633 2860 697 Dei
2903 644 3104 716 opera
3123 683 3138 709 ,
3179 653 3349 716 quae
3371 638 3584 700 etiam

670 726 977 808 duplicia
1046 734 1231 800 sunt,
1304 735 1595 789 naturae
1656 725 1913 789 scilicet
1966 725 2035 790 ἐν
2083 725 2376 807 gratiae.
2426 725 2524 787 ad
2549 726 2854 808 primum
2899 723 3192 788 ordinem
3227 728 3588 807 pertinent

666 830 859 900 opera
903 817 1263 879 creationis
1310 818 1379 880 &
1424 815 1949 880 conseruationis
1987 815 2237 879 mundi.
2283 836 2400 878 nos
2440 815 2549 878 leic
2581 815 2662 878 de
2683 815 3013 878 creatione
3034 815 3294 880 dicturi
3313 837 3583 894 summ,

668 909 880 972 secuti
926 927 1225 971 normam
1274 907 1465 970 verbi
1501 907 1653 972 Dei.
1696 907 1998 988 primam
2043 915 2262 970 autem
2308 928 2538 970 vocum
2582 905 3088 987 ambiguitatem
3135 903 3462 972 tollemus.

1884 1141 2212 1202 Tussis
2267 1139 2319 1200 1.

744 1354 793 1394 ι.
874 1335 1141 1396 Verbum
1200 1353 1434 1408 creare,
1498 1334 1664 1410 quod
1724 1332 1784 1396 in
1836 1333 1990 1393 libro
2025 1335 2250 1393 Genes.
2287 1351 2394 1408 per
2433 1351 2648 1392 vocem
2687 1334 2842 1392 bara
2879 1331 3252 1410 exprimitur,
3292 1331 3579 1392 trifariam

659 1413 1031 1491 potissimum
1090 1413 1283 1492 accipi
1336 1424 1532 1491 potest
1588 1419 1679 1488 (vt
1736 1417 1792 1474 &
1853 1413 2099 1474 Basilius
2159 1413 2216 1472 in
2281 1411 2414 1489 Epi.
2461 1413 2790 1487 annotauit)
2829 1429 2867 1472 1.
2909 1431 3020 1489 pro
3057 1413 3452 1489 productione
3491 1412 3580 1471 rei

658 1493 901 1556 alicuius
958 1513 1033 1554 ex
1092 1495 1255 1554 nulla
1308 1493 1735 1570 praeexistente
1780 1493 2042 1554 materia.
2114 1497 2261 1552 (ren.
2311 1511 2358 1550 1.
2409 1511 2459 1550 1.
2507 1511 2558 1550 2.
2599 1511 2711 1570 pro
2752 1491 2834 1552 rei
2875 1491 3255 1552 innouatione
3295 1494 3352 1552 δι
3391 1502 3578 1550 muta-

656 1573 821 1632 tione
882 1571 941 1632 in
990 1583 1209 1632 statum
1262 1573 1586 1634 meliorem.
1628 1575 1796 1634 Psal.
1841 1589 1935 1648 51.
1986 1591 2074 1632 12.
2117 1591 2172 1646 3.
2215 1589 2324 1647 pro
2361 1571 2785 1643 viuificatione‚
2827 1573 2882 1632 δι
2923 1572 3088 1648 quasi
3127 1571 3577 1632 resuscitatione

656 1672 730 1712 ex
772 1651 1052 1729 mortuiS,
1088 1654 1195 1712 Ps.
1242 1671 1370 1724 104.
1413 1671 1510 1728 30.
1570 1654 1662 1710 Te
1706 1650 2010 1712 emittente
2051 1652 2314 1728 spiritum
2354 1661 2520 1710 tuum
2561 1663 2916 1711 recreantur.
2957 1650 3144 1727 prima
3182 1651 3450 1728 acceptio
3485 1662 3576 1710 est

660 1731 827 1791 huius
868 1731 1005 1790 loci.
1062 1730 1321 1790 Mundus
1360 1731 1537 1790 etiam
1579 1730 1639 1790 in
1682 1733 1740 1790 S.
1784 1729 1966 1791 literis
2003 1731 2114 1790 tn‘a
2153 1730 2462 1807 praecipua
2501 1742 2698 1808 notat,
2739 1747 2779 1790 1.
2819 1731 3188 1808 compagem
3227 1729 3410 1790 totius
3447 1729 3574 1789 vni-

662 1811 841 1885 uersi,
882 1809 945 1870 id
983 1821 1073 1870 >est
1112 1811 1378 1886 eoelum,
1418 1821 1665 1887 terram,
1706 1813 1763 1871 δι
1800 1827 1955 1888 quae
1996 1810 2056 1870 in
2093 1810 2179 1870 eis
2219 1820 2383 1885 sunt,
2425 1811 2598 1870 loan.
2649 1831 2697 1870 r.
2741 1830 2830 1869 10.
2869 1811 3029 1887 Eph.
3071 1829 3118 1868 r.
3141 1829 3198 1882 4.
3225 1829 3277 1869 2.
3302 1809 3570 1868 vitiosam

659 1908 793 1950 eam
826 1890 882 1950 δι
925 1888 1195 1950 miseram
1224 1889 1631 1950 conditionem
1652 1889 2090 1968 complectitur,
2108 1907 2264 1966 quae
2279 1909 2356 1949 ex
2377 1889 2631 1949 hominis
2651 1901 2896 1967 peccato
2917 1889 3194 1950 omnibus
3213 1889 3372 1948 hisee
3394 1889 3572 1948 rebus

658 1968 745 2042 (in
788 1967 1000 2044 quibus
1036 1967 1342 2028 manifesta
1379 1969 1595 2033 ἀταξία
1631 1972 1687 2030 δε
1726 1969 2114 2048 perturbatio)
2155 1968 2447 2045 inhaeret,
2487 1985 2529 2028 1.
2575 1971 2704 2030 loa.
2749 1988 2800 2028 2.
2853 1971 2941 2028 16.
2981 1971 3038 2029 ἃ
3083 1984 3140 2046 5.
3185 1986 3276 2045 19.
3309 1987 3564 2043 3.vnam

662 2047 961 2123 quandam
1018 2057 1243 2122 partem
1298 2065 1547 2124 eamque
1602 2048 2030 2110 nobilissimam
2069 2052 2126 2109 δι
2165 2047 2718 2126 praestantissimam
2759 2049 2911 2108 inter
2949 2049 3258 2126 inferiora,
3295 2047 3570 2108 nimirum

663 2125 932 2188 homines
972 2137 1231 2204 tantum,
1270 2145 1494 2205 eosque
1534 2131 1629 2187 vel
1671 2147 1881 2190 omnes
1917 2128 1976 2189 in
2020 2147 2238 2206 genere
2275 2129 2579 2201 vniuerse,
2619 2131 2794 2188 Rom.
2819 2143 2876 2204 5.
2911 2147 3001 2187 12.
3041 2139 3142 2188 aut
3162 2127 3572 2204 communiter,

660 2207 833 2266 loan.
885 2222 975 2278 17.
1020 2225 1112 2266 21.
1186 2227 1233 2266 r.
1274 2209 1447 2266 Ioan.
1502 2227 1556 2268 a.
1614 2228 1670 2268 a.
1720 2211 1815 2270 vel
1868 2207 1929 2268 in
1971 2209 2166 2286 spem'e
2205 2208 2494 2302 reppbos
2532 2211 2588 2268 &
2626 2207 2922 2268 infideles:
2981 2208 3154 2268 Ioan.
3203 2227 3292 2280 14.
3341 2223 3430 2280 17.
3473 2227 3570 2264 aa.

662 2287 839 2424 [gau.
889 2301 979 2360 17.
1020 2305 1078 2363 9.
1136 2285 1335 2364 primo
1385 2288 1570 2348 modo
1622 2287 1682 2348 in
1724 2287 2106 2365 sequentibus
2145 2286 2390 2364 intelligi
2431 2289 2705 2348 volumus
2741 2296 2962 2348 tamna
3003 2288 3072 2346 de
3108 2289 3368 2364 vocibus,
3405 2303 3570 2345 nunc

660 2384 697 2422 a
781 2383 908 2424 rem
949 2365 1321 2428 accedamus,

739 2464 795 2506 s.
874 2446 1134 2507 Mundus
1194 2445 1292 2507 hic
1350 2466 1427 2505 an
1479 2458 1715 2509 creatus
1776 2446 1882 2524 sit,
1944 2446 2137 2525 primo
2189 2445 2514 2524 quaeritur:
2553 2464 2691 2507 eum
2729 2457 2925 2507 autem
2965 2457 3229 2506 creatum
3269 2464 3397 2505 esse
3439 2456 3568 2504 tum

664 2524 960 2602 Scriptura
994 2543 1299 2603 expressa,
1338 2536 1465 2587 tum
1506 2539 1849 2603 argumenta
1888 2528 2002 2587 alia
2041 2527 2347 2587 innumera
2385 2525 2684 2588 euincunt.
2727 2526 3026 2603 Scriptura
3063 2526 3219 2585 enim
3261 2524 3412 2585 illius
3445 2544 3569 2585 cre-

658 2602 921 2666 ationem
962 2604 1023 2665 in
1062 2603 1355 2683 principio
1394 2606 1484 2683 (id
1523 2616 1642 2679 est,
1680 2606 1870 2683 primo
1912 2606 2196 2683 temporis
2236 2604 2513 2680 termino)
2553 2608 2769 2667 {actam
2789 2638 2794 2643 ·
2815 2624 2944 2667 esse
2973 2609 3118 2665 Gen.
3167 2624 3220 2664 1.
3257 2604 3570 2682 proponit,

658 2686 713 2745 ἃ
746 2682 962 2760 passim
1003 2684 1243 2761 repetit:
1285 2688 1471 2747 Pron.
1510 2688 1571 2747 8.
1611 2686 1717 2746 Ps.
1765 2705 1893 2747 roa.
1940 2705 2071 2759 ¹04·
2119 2704 2141 2743 r
2153 2704 2250 2761 34.
2291 2687 2400 2745 διο.
2441 2686 2555 2745 alia
2595 2691 2737 2747 vero
2778 2696 3120 2762 argumenta
3158 2696 3292 2744 sunt
3329 2694 3454 2743 tum
3491 2703 3570 2744 ex

658 2762 990 2841 Scriptura,
1051 2777 1177 2823 tum
1238 2784 1309 2823 ex
1366 2774 1577 2825 natura
1630 2765 1830 2842 petita.
1882 2784 1958 2825 ex
2013 2765 2342 2843 Scriptura,
2384 2763 2440 2823 in
2481 2784 2599 2841 qua
2637 2766 2777 2825 anni
2816 2769 2854 2824 a
2895 2764 3140 2825 condito
3181 2764 3406 2825 mundo
3439 2762 3570 2823 dili·

656 2854 859 2919 genter
904 2847 942 2902 a
992 2844 1167 2903 Mose
1206 2842 1452 2919 aliisque
1492 2843 1739 2921 Spiritus
1778 2846 1839 2905 S.
1879 2846 2276 2905 instrumentis
2315 2857 2728 2921 supputantur:
2771 2864 2845 2904 ex
2887 2859 3095 2905 namra
3135 2854 3360 2921 autem,
3401 2845 3566 2919 quod

654 2922 717 2980 in
770 2940 845 2981 eo
894 2939 1239 2984 caussarum
1292 2926 1349 2983 δι
1390 2924 1707 2985 effectuum
1750 2943 2092 3003 progressus
2133 2943 2254 2984 non
2296 2936 2384 2985 est
2423 2924 2714 3001 infinitus,
2753 2926 2808 2985 δι
2847 2923 3104 2983 mundus
3143 2923 3318 2983 etiam
3357 2936 3568 2982 natura

658 3018 765 3063 sua
804 3000 1060 3065 interitui
1098 3000 1361 3065 subiacet
1375 3046 1393 3078 ,
1436 3005 1601 3079 quod
1643 3003 1719 3064 de
1756 3004 2020 3065 increato
2059 3003 2178 3064 dici
2217 3004 2444 3081 nequit:
2488 3022 2668 3081 quare
2697 3003 3030 3065 Aristotelis
3058 3004 3133 3062 de
3155 3002 3361 3062 mundi
3381 3014 3565 3062 aeter-

658 3080 837 3139 nitate
896 3080 1102 3158 opinio
1162 3082 1319 3155 (Lib.
1377 3083 1431 3143 8.
1472 3084 1625 3151 Phr.
1676 3084 1772 3145 lib.
1824 3104 1875 3145 1.
1914 3087 1971 3145 &
2016 3103 2069 3144 2.
2107 3086 2179 3143 de
2215 3086 2367 3143 coelo
2407 3089 2484 3147 &-
2526 3086 2758 3157 nmndo)
2801 3083 2858 3143 in
2901 3081 3232 3160 Theologia
3271 3081 3566 3143 audienda

660 3178 780 3218 non
824 3170 931 3221 est.
972 3162 1100 3221 Nec
1142 3160 1281 3220 hinc
1322 3161 1617 3239 sequitur,
1654 3165 1852 3223 Deum
1886 3174 2023 3224 ante
2053 3162 2258 3223 mundi
2275 3162 2636 3224 creationem
2661 3162 2930 3225 ociosum
2951 3162 3160 3244 fuisse,
3178 3180 3317 3221 nam
3336 3175 3570 3238 praeter

660 3238 959 3299 actionem
998 3240 1149 3301 hane
1190 3250 1492 3301 externam
1532 3252 1711 3319 atque
1748 3252 2176 3320 transeuntem,
2217 3252 2304 3301 est
2341 3242 2397 3301 δι
2435 3242 2592 3303 aliud
2631 3260 2816 3320 genus
2851 3241 3152 3303 actionum
3173 3240 3530 3303 internarum
3545 3286 3566 3317 ,

658 3318 1129 3395 permanentium
1190 3318 1497 3398 videlieet,
1561 3340 1711 3399 quae
1764 3324 1897 3382 Deo
1950 3320 2367 3383 terminantur:
2409 3336 2660 3398 suntque
2700 3323 2796 3382 vel
2837 3321 3172 3383 essentiales
3210 3337 3560 3381 communes

658 3396 847 3457 tribus
890 3398 1159 3475 personis
1172 3442 1189 3475 ,
1232 3409 1295 3457 vt
1334 3400 1637 3461 decretum
1678 3412 2012 3461 aeternum:
2033 3404 2128 3461 vel
2146 3403 2516 3479 personales,
2535 3402 2802 3481 personis
2820 3401 3094 3461 distincte
3113 3400 3562 3462 conuenientes:

656 3488 720 3535 vt
760 3476 981 3555 PatriS,
1020 3476 1235 3539 Filium
1275 3476 1547 3557 gignere,
1588 3483 1643 3542 δι
1682 3482 2027 3557 amborum,
2067 3483 2290 3559 spirare
2331 3480 2612 3559 Spiritum
2652 3483 2949 3541 Sanctum.
2996 3484 3134 3541 Hoc
3173 3480 3558 3558 posito,Cre-

658 3557 919 3619 ationem
978 3556 1317 3631 definimus,
1378 3558 1625 3635 primam
1688 3563 1742 3620 δι
1793 3560 2217 3621 nobilissimam
2259 3560 2373 3621 Dei
2412 3561 2708 3621 actionem
2735 3574 3066 3632 externam,
3107 3578 3225 3639 qua
3263 3561 3424 3620 solus
3463 3560 3561 3620 ille

656 3634 914 3713 α’μέσας,
964 3655 1072 3713 per
1116 3654 1212 3712 se,
1260 3638 1579 3715 mundum,
1624 3640 1949 3701 secundnm
1993 3640 2295 3701 decretum
2333 3658 2539 3717 suum,
2580 3638 2910 3716 liberrime,
2947 3644 3082 3701 solo
3119 3651 3292 3716 num,
3331 3640 3561 3716 absque

654 3716 1102 3794 defatigatione,
1144 3717 1243 3777 Ps.
1284 3735 1382 3793 33.
1422 3737 1478 3794 9.
1519 3720 1670 3778 Esa.
1713 3739 1809 3792 40.
1862 3723 1953 3779 28.
1994 3719 2053 3779 in
2093 3720 2384 3797 principio
2425 3720 2707 3798 temporis
2744 3720 3055 3797 produxit,
3095 3723 3152 3781 &
3190 3740 3292 3782 sex
3329 3718 3557 3779 dierum

653 3794 842 3882 spatio
908 3794 1229 3873 disposuit,
1291 3795 1469 3873 idque
1522 3808 1625 3857 aut
1678 3799 1836 3857 nulla
1880 3800 2308 3876 praeexistente
2347 3800 2591 3860 materia
2630 3800 2974 3876 efficiendO,
3015 3811 3117 3860 aut
3154 3798 3213 3859 in
3254 3798 3556 3859 materiam

652 3874 1023 3953 1nducend0,
1064 3876 1142 3935 ad
1183 3893 1503 3935 commune
1541 3878 1798 3957 bonum,
1841 3880 1897 3937 δι
1935 3878 2185 3955 gloriam
2225 3896 2410 3940 suam.

731 3970 787 4026 3.
867 3956 938 4013 In
990 3956 1104 4014 hac
1144 3954 1487 4019 definitione
1533 3975 1769 4021 caussas
1810 3960 1866 4018 δι
1904 3958 2115 4018 effecta
2149 3961 2190 4017 a
2229 3958 2544 4035 Theologo
2581 3956 2837 4019 maxime
2877 3957 3306 4018 consideranda
3344 3975 3556 4035 expen-

651 4030 877 4120 demus.
939 4033 1195 4094 Caussae
1253 4046 1388 4094 sunt
1430 4038 1525 4095 vel
1568 4048 1873 4110 externae,
1914 4038 2008 4097 vel
2047 4038 2334 4113 internae,
2375 4050 2552 4115 prout
2591 4038 2736 4098 aliae
2775 4048 2938 4113 sunt,
2977 4036 3136 4096 intus
3173 4037 3230 4096 in
3275 4057 3368 4113 re,
3409 4036 3556 4097 aliae

646 4109 817 4199 forts:
859 4122 1133 4173 externae
1170 4124 1333 4191 sunt,
1380 4114 1641 4176 efficiens
1680 4120 1735 4177 δε
1778 4118 1925 4177 finiS.
1965 4118 2256 4193 Efficiens
2295 4134 2500 4176 caussa
2541 4118 2712 4195 igitur
2751 4127 2838 4177 est
2877 4118 3039 4175 Deus
3060 4116 3329 4193 Elohim,
3351 4118 3554 4194 Pater,

648 4188 833 4265 filius,
872 4192 927 4249 &
972 4192 1217 4269 Spiritus
1257 4194 1316 4253 S.
1368 4202 1513 4253 Gen.
1568 4216 1614 4255 1.
1672 4218 1713 4255 ι.
1762 4199 1856 4256 26.
1897 4197 1998 4257 Ps.
2049 4216 2176 4255 102.
2222 4197 2313 4254 26.
2357 4198 2434 4255 ὁ·
2481 4217 2608 4270 ¹24·
2647 4200 2706 4257 8.
2747 4198 2868 4254 &a
2909 4196 3029 4258 col.
3062 4212 3114 4257 ι.
3156 4199 3244 4256 16.
3287 4200 3416 4255 Act.
3465 4212 3551 4270 17.

652 4286 744 4339 24.
816 4289 863 4328 ι.
926 4274 1040 4328 Pet.
1084 4290 1141 4343 4.
1203 4290 1291 4348 19.
1338 4272 1543 4350 (idque
1580 4276 1758 4335 etiam
1801 4292 2022 4334 nomen
2063 4276 2288 4352 plurale
2331 4276 2514 4334 verbo
2553 4276 2827 4353 singulari
2865 4276 3165 4354 iunctum,
3211 4280 3358 4415 (135⁵.
3403 4293 3551 4413 'im-¹⁸

3309 4372 3423 4414 eno
3515 4372 3550 4413 e
