3923 4875
590 263 699 342 136
1520 279 1847 326 russas
1910 280 2562 327 ruroroorcat.

658 443 755 532 3⁶:
834 442 1067 502 Effecta
1103 439 1409 502 electionis
1445 439 1623 504 trium
1662 451 1799 502 sunt
1836 459 2141 533 generum.
2182 441 2440 502 Primum
2481 453 2596 520 est,
2627 459 2808 504 causa
2827 439 3102 504 omnium
3120 445 3494 521 sequentium

578 519 849 598 proxima
902 523 961 582 81
998 520 1313 582 meritoria.
1354 521 1526 596 Quae
1562 519 1809 582 secundi
1847 520 2102 600 generis,
2146 520 2443 598 pertinent
2478 522 2557 582 ad
2597 521 2784 588 viam.
2823 542 2930 602 per
2971 540 3150 600 quam
3187 525 3495 586 ambulare

574 601 859 662 debemus
919 599 979 660 in
1038 602 1155 660 hoc
1216 603 1463 661 mund0.
1523 599 1819 679 Tertium,
1876 611 1967 662 est
2025 600 2261 664 termini
2317 618 2498 680 quem
2544 621 2656 663 nos
2709 602 3078 680 assequuturi
3119 620 3320 664 sumus
3359 615 3496 683 post

583 697 887 742 emensum
927 679 1055 740 iter.

659 777 757 837 37.
839 758 1097 820 Primum
1156 758 1296 836 itaq.
1342 761 1619 821 effectum
1658 771 1747 822 est
1768 759 2084 852 Christus,
2125 778 2303 839 quem
2343 761 2516 821 Pater
2557 761 2743 840 misit.
2788 772 2851 822 vt
2889 762 2990 839 qui
3033 761 3274 824 credit
3256 782 3318 822 ιιι
3358 781 3494 824 eum

574 858 699 900 non
750 855 981 917 pereat,
1035 841 1170 900 Ioh.
1220 860 1276 915 3.
1334 842 1421 899 16.
1476 859 1653 918 quem
1704 839 1859 900 misit
1912 843 2164 914 ἴλισμον
2213 859 2324 918 pro
2379 841 2640 918 peccatis
2679 823 2916 902 nostris.
2966 843 3198 916 Iolz.4.
3250 861 3340 902 10.
3401 845 3494 904 Ex

578 920 793 998 quibus
841 918 991 979 locis
1040 919 1190 995 du0,
1241 937 1393 1011 quae
1439 921 1516 980 ad
1568 919 1893 980 institutum
1944 921 2197 980 maxime
2238 920 2490 996 faciunt,
2533 920 2908 1000 colliguntur.
2959 941 3008 982 1.
3050 923 3328 1002 Donum,
3368 941 3492 1000 quo

578 999 755 1061 nobis
814 999 1059 1059 donauit
1120 997 1420 1059 Christum
1481 1001 1675 1076 Deus,
1734 1019 1861 1061 esse
1918 999 2198 1060 effectum
2251 1001 2586 1074 electioniS,
2644 1019 2764 1078 qua
2814 1019 2926 1062 nos
3009 1021 3077 1092 ιο
3117 966 3492 1080 beneplacito

579 1079 899 1140 voluntatis
962 1097 1105 1140 suae
1164 1079 1339 1157 elegit
1398 1089 1533 1139 ante
1591 1081 1805 1140 secula.
1870 1100 1924 1140 2.
1975 1078 2274 1140 Christum
2313 1079 2488 1140 nobis
2529 1079 2914 1159 promeritum
2981 1080 3134 1142 uisse
3175 1081 3494 1160 beneficia,

587 1179 741 1237 quae
778 1157 837 1218 in
878 1159 1284 1236 sequentibus.
1326 1158 1476 1218 inter
1516 1159 1726 1220 effecta
1764 1158 2072 1220 electionis
2111 1170 2508 1220 recensentur.

666 1243 760 1314 38.
842 1239 1071 1298 Effecta
1128 1237 1227 1298 illa
1276 1256 1428 1316 quae
1467 1237 1761 1316 pertinent
1797 1239 1879 1300 ad
1915 1237 2102 1315 viam,
2143 1241 2200 1300 δι
2235 1240 2317 1301 ad
2357 1239 2674 1300 terminum
2715 1240 2869 1319 viae,
2909 1242 3234 1317 Apostolus
3275 1242 3492 1302 Paulus

584 1317 795 1379 ordine
834 1330 1102 1378 recenset
1140 1319 1219 1378 ad
1257 1321 1436 1379 Rom.
1478 1329 1605 1397 cap.
1650 1322 1705 1378 8.
1746 1339 1869 1380 ver.
1915 1339 2008 1396 29.
2049 1337 2164 1378 nos
2203 1319 2328 1379 eius
2368 1318 2640 1380 ordinem
2683 1336 3014 1397 sequemur.

665 1417 759 1491 39.
840 1399 1177 1459 Secundum
1216 1398 1356 1477 itaq.
1398 1397 1703 1459 electionis
1741 1399 2019 1458 effectum
2059 1409 2146 1458 est
2190 1399 2426 1460 vocatio
2467 1400 2705 1477 efficax,
2746 1399 2864 1477 qua
2905 1400 3069 1460 Deus
3101 1400 3226 1460 siue
3258 1417 3367 1477 per
3388 1400 3492 1476 Sp.

583 1479 644 1539 S.
696 1479 923 1538 interne
978 1480 1205 1557 solum,
1252 1497 1356 1539 seu
1403 1497 1511 1556 per
1563 1477 1871 1556 Spiritum,
1926 1481 1982 1538 δι
2030 1481 2276 1540 verbum
2315 1479 2814 1540 reconciliationis
2851 1478 3054 1556 simul,
3091 1481 3382 1556 quosdam
3423 1499 3498 1542 ex

583 1557 923 1619 hominibus
976 1559 1055 1618 ad
1100 1577 1162 1618 se
1206 1571 1417 1637 vocat,
1455 1558 1509 1616 &
1550 1557 1627 1618 ad
1666 1575 1915 1635 regnum
1953 1557 2056 1633 filij
2096 1558 2216 1636 sui,
2255 1570 2322 1620 vt
2361 1559 2599 1618 Christo
2639 1557 3002 1637 inserantur,
3031 1559 3277 1619 credant
3297 1559 3492 1618 Euan-
3565 1587 3574 1596 ·

584 1638 771 1716 gelio,
813 1636 1017 1714 illudq.
1058 1649 1181 1697 tam
1220 1657 1325 1698 ore
1363 1641 1542 1713 quam
1581 1637 1767 1698 corde
1806 1638 2215 1715 profiteantur.

662 1737 760 1790 40.
841 1717 1107 1777 Tertium
1166 1728 1255 1777 est
1313 1716 1673 1792 iustificatio,
1732 1717 1860 1808 qua
1906 1716 2137 1777 vocatis
2190 1719 2353 1778 Deus
2399 1719 2572 1778 Pater
2607 1734 2736 1777 non
2773 1717 3026 1794 imputat
3063 1729 3350 1808 peccata,
3387 1717 3494 1778 sed

582 1795 833 1875 imputat
892 1796 1071 1874 gratis
1109 1797 1165 1856 δι
1204 1797 1330 1856 sine
1368 1799 1645 1874 operibus
1684 1796 1961 1857 iustitiam
2002 1795 2102 1872 filij
2144 1797 2263 1872 sui,
2303 1809 2586 1889 tanquam
2625 1797 2812 1864 iustos
2849 1799 3030 1858 habet
3069 1798 3132 1856 in
3170 1808 3496 1887 conspectu

584 1893 726 1952 su0,
787 1883 1009 1953 eosque
1069 1877 1255 1935 donat
1313 1885 1454 1936 vera
1512 1877 1568 1936 δι
1627 1875 1763 1937 vina
1822 1877 1972 1954 fide,
2033 1895 2152 1953 qua
2209 1877 2485 1938 iustitiam
2548 1879 2703 1936 hanc
2741 1876 2960 1938 Christi
2995 1877 3344 1955 imputatam
3383 1875 3496 1938 sibi

585 1955 882 2034 applicare
920 1955 1165 2032 possint.
1226 1959 1397 2016 Rom.
1440 1975 1495 2032 3.
1537 1957 1615 2015 ἃ·
1655 1976 1693 2030 4
1730 1965 1858 2032 cap.
1928 1959 2066 2016 Gal.
2115 1977 2166 2016 2.
2212 1959 2290 2016 ὁ*
2327 1976 2363 2032 3
2405 1965 2530 2034 cap.

663 2054 759 2108 41.
842 2035 1135 2110 Quartum
1172 2037 1364 2112 (quod
1400 2037 1725 2114 Apostolus
1764 2055 1889 2095 non
1934 2035 2240 2126 exprimit,
2281 2037 2387 2098 sed
2426 2053 2578 2096 voce
2617 2034 3046 2097 iustificationis
3065 2035 3496 2128 conprehendit

583 2127 827 2193 propter
866 2115 1236 2175 indiuiduum
1276 2133 1477 2176 earum
1520 2117 1764 2188 nexum)
1808 2124 1896 2175 est
1934 2081 2350 2192 sanctificatio3
2391 2133 2511 2193 qua
2548 2116 2716 2175 Deus
2753 2115 2817 2175 in
2855 2115 2926 2176 iis
2956 2134 3108 2193 quos
3129 2115 3494 2206 iustificauit,

584 2195 899 2255 mortificat
952 2206 1209 2255 veterem
1247 2194 1589 2270 hominem,
1626 2205 1691 2254 vt
1733 2194 2033 2272 Scriptura
2071 2194 2366 2274 loquitur,
2409 2198 2464 2256 &
2500 2193 2756 2256 viuificat
2807 2212 3062 2274 nouum,
3097 2193 3461 2274 pedetentim
3474 2237 3495 2274 ,

582 2277 639 2334 δι
682 2293 787 2352 per
827 2287 1129 2366 momenta
1168 2293 1355 2354 Vsque
1394 2275 1473 2334 ad
1514 2273 1719 2336 mortis
1760 2285 2146 2336 momentum.
2195 2277 2344 2336 haec
2382 2276 2460 2335 de
2501 2273 2714 2336 adultis
2755 2271 2999 2354 intelligi
3033 2276 3282 2355 debent,
3312 2276 3495 2335 infan-

582 2355 731 2414 tium
771 2353 929 2414 enim
968 2353 1446 2414 sanctificationis
1484 2353 1629 2414 alius
1669 2365 1757 2414 est
1796 2353 2031 2415 moduS.

664 2455 757 2509 42.
840 2434 1127 2496 Vltimum
1168 2435 1335 2512 quod
1376 2445 1573 2513 potest
1610 2432 1729 2495 dici
1768 2433 2054 2495 terminus
2095 2433 2173 2495 ad
2213 2452 2428 2512 quem,
2469 2446 2561 2495 est
2578 2433 2960 2515 glorificatio3
2991 2436 3113 2502 hoc
3135 2433 3491 2497 beneficium

582 2515 754 2576 nobis
814 2518 1045 2575 confert
1106 2517 1300 2607 Deus,
1352 2516 1593 2605 quando
1635 2514 1907 2590 deposita
1946 2532 2124 2574 carne
2141 2560 2158 2591 ,
2200 2532 2354 2591 quae
2393 2525 2482 2574 est
2519 2526 2815 2575 terrenum
2855 2514 3152 2593 tugurium
3191 2526 3458 2578 nostrum
3475 2560 3493 2593 ,

581 2597 805 2655 animas
860 2606 1089 2655 nostras
1126 2592 1187 2655 in
1226 2593 1589 2655 domicilium
1631 2612 1753 2653 non
1794 2612 1974 2653 manu
2011 2595 2232 2654 factum
2271 2593 2500 2671 euehit,
2547 2614 2596 2654 1.
2645 2594 2784 2655 Cor.
2825 2609 2878 2671 5.
2929 2614 2979 2653 ι.
3021 2596 3078 2654 &
3116 2594 3492 2657 beatitudinis

580 2674 879 2766 gloriosae
933 2674 1071 2735 facit
1127 2684 1461 2751 consortes,
1517 2675 1714 2734 donec
1754 2690 1949 2735 rursus
1991 2674 2206 2734 eodem
2247 2692 2493 2751 corpere
2533 2672 2768 2733 vestitas
2809 2674 3035 2749 plenius
3074 2675 3389 2755 glorificet,
3431 2686 3492 2735 vt

582 2772 717 2814 eum
759 2753 937 2814 etiam
976 2756 1151 2831 plene
1189 2758 1245 2815 δι
1284 2756 1543 2832 perfecte
1580 2751 1778 2812 anima
1816 2756 1871 2813 &
1912 2772 2186 2845 corpore
2207 2752 2269 2813 in
2307 2764 2611 2843 aeternum
2647 2752 3064 2830 glorificemus.
3105 2756 3172 2831 (f.
3220 2756 3412 2830 1620.)

662 2853 757 2909 43.
838 2836 1067 2894 Effecta
1103 2834 1253 2894 haec
1266 2878 1283 2911 ,
1325 2852 1477 2911 quae
1516 2845 1653 2893 sunt
1691 2832 1821 2893 viae
1860 2836 1917 2893 δι
1958 2832 2216 2901 termini..
2257 2831 2446 2892 varias
2475 2831 2794 2893 sortiuntur
2812 2833 3269 2925 appellationes3
3289 2833 3492 2895 dicun-

580 2924 675 2973 tur
711 2913 869 2975 enim
910 2912 1107 2973 media
1145 2912 1325 2990 idque
1364 2925 1489 2973 tum
1526 2923 1797 2991 respectu
1836 2911 1925 2973 sui
1965 2912 2114 2972 inter
2154 2931 2250 2991 se,
2291 2922 2578 2989 quatenus
2612 2930 2792 2972 vnum
2812 2913 2890 2973 ad
2909 2912 3071 2975 aliud
3089 2925 3178 2975 est
3199 2880 3492 3005 medium,

580 3004 646 3053 vt
704 2992 937 3054 vocatio
998 2994 1077 3053 ad
1132 2993 1635 3069 iustificationem,
1688 3002 1815 3053 tum
1875 3003 2146 3083 respectu
2187 2991 2320 3053 finis
2358 2991 2572 3051 summi
2617 2992 2730 3053 Dei
2768 2992 3022 3071 gloriae:
3065 2992 3293 3055 ratione
3333 2993 3490 3053 enim

582 3072 761 3151 illius,
802 3072 1150 3151 glorificatio
1191 3074 1367 3137 etiam
1407 3084 1497 3133 est
1536 3090 1675 3133 cum
1717 3070 2063 3149 vocatione,
2104 3073 2214 3132 διο.
2259 3072 2519 3133 medium
2557 3071 2637 3131 ad
2678 3074 2875 3132 finem.

660 3171 758 3225 44.
838 3152 1129 3212 Dicuntur
1166 3153 1343 3213 etiam
1386 3154 1531 3213 fines
1600 3171 1722 3211 non
1765 3150 2037 3229 proprie,
2077 3153 2184 3212 sed
2223 3152 2448 3211 tantum
2490 3163 2760 3242 respectu
2799 3153 2925 3213 eius
2965 3153 3058 3213 vel
3097 3170 3305 3213 eorum
3339 3170 3492 3229 quae

581 3232 961 3323 praecedunt.
1004 3244 1067 3291 vt
1106 3252 1275 3293 exem
1278 3232 1361 3310 pli
1398 3171 1605 3309 cauti,
1645 3230 1976 3292 iustificatio
2019 3230 2232 3291 dicitur
2269 3230 2402 3291 finis
2424 3230 2778 3309 vocationiS,
2797 3232 2936 3324 quia
2954 3230 3285 3294 iustificatio
3305 3230 3492 3309 sequi-

582 3324 677 3371 tur
735 3310 1074 3373 immediate
1135 3313 1541 3385 vocationem3
1604 3312 1686 3370 ob
1736 3311 1990 3370 eandem
2047 3311 2334 3371 rationem
2385 3321 2696 3387 sequentes
2750 3311 2900 3393 aliae
2937 3313 3182 3373 aliarum
3221 3312 3494 3373 dicuntur

581 3408 825 3470 causae3
865 3392 1033 3468 quod
1071 3393 1508 3469 καταχρηςικῶς
1545 3390 1811 3463 effertur,
1851 3390 1901 3449 si
1936 3390 2018 3451 ad
2057 3389 2407 3452 efficientem
2448 3389 2758 3468 respicias·
2801 3392 2851 3451 si
2893 3410 3034 3453 vero
3055 3409 3264 3453 causae
3287 3390 3488 3451 dicun-

582 3482 677 3531 tur
720 3490 829 3549 pro
872 3490 945 3531 eo
984 3472 1150 3555 quod
1188 3468 1599 3530 antecedentia
1638 3468 1759 3528 dici
1797 3469 2112 3545 deberent,
2153 3472 2248 3531 vel
2286 3468 2336 3529 si
2375 3487 2584 3529 causae
2623 3470 2752 3532 sine
2792 3470 3006 3548 quibus
3043 3491 3202 3550 non,
3243 3490 3347 3549 per
3377 3489 3488 3530 nos

582 3550 785 3611 liceat.
826 3550 929 3628 qui
968 3553 1005 3609 a
1038 3553 1422 3639 λογομαχίαις
1464 3550 1869 3609 abhorremus

664 3650 757 3709 45.
841 3629 955 3690 His
1018 3628 1227 3689 mediis
1280 3630 1357 3685 ad
1396 3628 1595 3688 salutis
1632 3640 1869 3689 nostrae
1906 3627 2278 3705 ἀποτέλεσμα
2316 3626 2623 3705 dupliciter
2664 3629 2841 3689 vtitur
2880 3632 3074 3709 Deus3
3107 3648 3246 3691 nam
3295 3650 3341 3689 ι.
3385 3648 3490 3707 per

582 3730 685 3788 ea,
734 3730 943 3771 omnes
984 3710 1040 3769 δι
1080 3708 1342 3785 singulos
1380 3710 1607 3769 electos
1644 3710 1722 3767 ad
1761 3710 1940 3768 finem
1981 3724 2276 3767 summum
2316 3707 2587 3785 deducit,
2625 3709 2876 3785 gloriam
2907 3728 3120 3788 suam3
3128 3724 3492 3787 quapropter

582 3792 639 3850 δι
677 3790 955 3851 electioni
994 3802 1297 3866 tamquam
1325 3788 1474 3878 fini,
1513 3790 1569 3848 &
1611 3784 1762 3848 inter
1800 3806 1865 3847 se
1903 3787 1986 3847 ita
2024 3788 2377 3861 cohaerent,
2420 3798 2483 3847 vt
2521 3790 2685 3847 nullo
2729 3791 2914 3850 modo
2954 3808 3066 3849 nec
3106 3792 3144 3848 a
3167 3788 3489 3867 principie,

580 3888 691 3929 nec
730 3875 769 3929 a
808 3873 952 3947 fine,
994 3888 1106 3929 nec
1144 3871 1182 3927 ὲ.
1220 3888 1282 3928 se
1322 3865 1576 3928 inuicem
1616 3866 1877 3945 separari
1914 3879 2163 3944 queant:
2205 3866 2286 3926 ita
2327 3876 2387 3925 vt
2425 3866 2784 3957 quicumque
2825 3880 2914 3929 est
2953 3870 3203 3947 electus,
3244 3879 3489 3929 vocetur

582 3950 787 4008 saltem
826 3948 1055 4010 interne
1094 3968 1201 4027 per
1240 3946 1517 4027 Spiritum
1530 3992 1547 4025 ,
1588 3946 1931 4008 iustificetur
1970 3946 2222 4008 remissis
2263 3945 2555 4025 peccatis,
2595 3950 2806 4009 saltem
2825 3948 3121 4027 originali,
3141 3959 3205 4009 vt
3225 3948 3284 4008 in
3307 3948 3487 4008 infan-

578 4026 763 4103 tibus,
802 4030 1198 4089 sanctificetur
1234 4031 1271 4087 a
1310 4028 1585 4089 sordibus
1624 4026 1775 4088 suis.
1817 4020 1990 4087 Ioan.
2034 4045 2090 4102 3.
2133 4044 2188 4101 3.
2233 4042 2288 4103 5.
2329 4026 2688 4104 glorificetur
2721 4032 2758 4087 a
2785 4030 2918 4089 Deo
2930 3993 3258 4107 ,glorificet
3274 4030 3486 4087 Deum.

658 4108 753 4179 46.
839 4110 929 4168 Ne
970 4106 1101 4185 quis
1144 4120 1339 4169 tamen
1382 4117 1544 4186 putet
1581 4126 1693 4168 nos
1732 4106 2140 4168 necessitatem
2181 4115 2494 4196 cogentem
2534 4110 2684 4167 velle
2725 4118 2978 4168 statuere
3007 4108 3064 4167 in
3088 4110 3254 4185 Deo,
3279 4105 3487 4169 mediis

579 4202 715 4244 eum
755 4188 1149 4279 adstringere,
1187 4188 1521 4250 libertatem
1560 4186 1739 4264 ipsius
1780 4188 2020 4257 tollere,
2059 4186 2116 4245 δι
2155 4184 2239 4245 sic
2278 4185 2401 4245 fato
2445 4186 2646 4247 Stoico
2689 4186 3070 4264 patrocinari,
3111 4190 3306 4248 Deum
3329 4187 3485 4247 enim

580 4263 833 4326 liberum
882 4266 1224 4346 asserimus,
1273 4271 1330 4328 &
1368 4268 1575 4327 sedere
1618 4286 1755 4326 eum
1792 4266 1853 4325 in
1895 4264 2110 4343 coelis,
2151 4264 2248 4325 vbi
2288 4282 2676 4342 quaecunque
2716 4268 2838 4326 vult
2878 4266 3043 4344 facit,
3083 4287 3156 4327 ex
3191 4266 3487 4344 Scriptura

3117 4358 3485 4423 compertum
3569 4391 3590 4411 ,
