3923 4875
14 970 41 1012 Π
14 809 43 930 ΙῈΊἎΊ
14 727 45 766 Β
14 544 48 684 ern*

14 1461 31 1580 Πυ-

1214 353 1316 400 ιιιι
1377 353 1799 402 Ροιιτιιιιι
1858 350 2111 402 uosls
2172 351 2460 402 onsntt.
2802 405 2808 412 ,
3179 353 3293 420 375

375 539 541 582 reum
584 517 839 582 dicimus
882 522 1173 580 communi
1205 523 1369 578 inre:
1406 517 1704 580 Posterior
1746 528 2019 598 respectu
2057 517 2312 596 ordinis,
2346 535 2482 578 cum
2515 517 2822 579 adiicimus
2843 537 3007 578 reum
3029 521 3297 579 ciuiliter.

377 605 711 679 Vtrumque
766 611 959 660 autem
1002 611 1091 660 est
1130 599 1551 660 necessarium:
1594 601 1733 676 quia
1774 619 1847 660 ex
1886 600 2016 677 lege
2056 599 2244 660 Mosis
2286 600 2625 692 quicunque
2664 601 2746 659 rei
2785 601 3020 659 suerunt
3060 600 3300 691 mortis,

380 701 505 744 non
561 699 771 741 omnes
824 683 1059 742 suerunt
1107 679 1357 740 ciuiliter
1396 679 1508 755 rei,
1546 699 1659 740 nec
1698 698 1907 740 omnes
1948 680 2252 740 communi
2291 679 2442 753 iure3
2485 680 2590 739 sed
2630 678 2724 755 alij
2767 680 2894 740 iure
2933 679 3300 757 particulari,

378 766 434 823 δι
474 761 802 822 secundum
842 760 1108 820 diuinum
1149 759 1419 820 ordinem
1460 779 1533 818 ac
1573 759 2032 820 ceremonialem
2075 761 2372 851 quendam
2415 761 2650 819 fuerunt
2689 759 2804 836 rei,
2845 757 2940 835 alij
2963 759 3300 836 communi,

380 855 561 920 atque
600 840 865 902 ciuiliter.
910 841 1346 917 Quaecumque
1384 851 1583 900 autem
1624 841 1785 918 leges
1824 839 1884 900 in
1926 843 2100 900 Mose
2143 838 2436 900 eiusmodi
2475 849 2641 914 sunt,
2675 848 2738 898 vt
2757 857 2830 898 ex
2850 839 2973 900 iure
2996 839 3300 899 communi

380 926 543 982 velut
594 921 986 980 fundamento
1040 931 1358 998 perpetue,
1412 922 1467 980 &
1520 919 1769 980 ciuiliter
1806 921 2136 980 secundum
2177 919 2444 982 ordinem
2489 883 2791 996 publicum
2835 917 2986 978 inter
3027 920 3300 980 homines

380 1011 723 1079 receptum,
763 1001 1064 1060 hominem
1109 1000 1388 1060 addicant
1430 999 1608 1059 morti
1649 1010 1889 1077 propter
1916 999 2306 1090 maleficium'
2289 999 2498 1078 ipsiusg
2534 999 2776 1058 eaedem
2797 1001 2958 1057 certe
2978 1018 3050 1059 ex
3073 1000 3302 1059 ratione

381 1085 435 1142 δι
478 1082 603 1142 iure
643 1079 949 1141 communi
990 1079 1239 1140 ciuiliter
1278 1079 1549 1140 homines
1586 1080 1881 1158 obligant,
1922 1091 1986 1139 vt
2026 1100 2100 1140 ex
2140 1079 2224 1140 eis
2262 1079 2486 1140 iudices
2521 1079 2867 1140 sententiam
2893 1079 3109 1154 ferant,
3142 1079 3302 1140 &rei

382 1161 715 1222 iudicentur
757 1160 1093 1238 iudiciaque
1134 1163 1253 1220 lata
1292 1161 1575 1220 subeant·
1616 1160 1753 1237 quia
1794 1161 1893 1220 illa
1930 1159 2210 1220 virtutum
2251 1159 2514 1221 omnium
2551 1177 2752 1236 regma
2771 1157 2990 1218 iustina
3008 1125 3126 1218 boi:
3149 1171 3305 1218 vtro-

381 1259 501 1320 que
534 1259 673 1302 casu
706 1251 1097 1301 concurrente
1117 1250 1209 1300 est
1226 1239 1637 1316 immutabilis
1670 1243 1725 1300 δι
1746 1239 2190 1300 immutabiliter
2208 1242 2286 1300 ab
2305 1239 2584 1300 omnibus
2604 1239 2993 1298 obseruanda.
3015 1240 3305 1329 Exempli

379 1340 587 1398 causa,
652 1323 790 1381 cum
831 1323 926 1380 lex
967 1319 1323 1398 pronunciat
1362 1319 1423 1380 in
1465 1319 1824 1380 homicidam
1866 1321 2017 1380 haec
2056 1321 2269 1392 verba,
2329 1319 2480 1380 Cum
2523 1319 2653 1395 quis
2692 1317 3059 1396 arrogauerit
3095 1333 3304 1379 contra

382 1401 719 1478 proximum
770 1419 943 1460 suum
990 1399 1271 1460 occidere
1322 1417 1462 1460 eum
1516 1410 1674 1472 astu,
1728 1400 1907 1459 etiam
1963 1402 2042 1459 ab
2095 1367 2269 1460 altari
2305 1419 2441 1460 meo
2486 1399 2678 1476 rapito
2718 1415 2854 1459 eum
2897 1399 2976 1458 ad
3014 1411 3300 1459 mortem:

382 1485 533 1542 Item
588 1480 692 1558 qui
743 1482 997 1558 percutit
1048 1491 1276 1557 patrem
1334 1496 1507 1540 suum
1559 1491 1660 1540 aut
1702 1490 1950 1540 matrem
1993 1497 2192 1555 suam,
2232 1479 2478 1540 omnino
2519 1490 2712 1539 morte
2755 1477 3054 1571 plectitor:
3117 1481 3268 1539 Item
3289 1524 3307 1555 ,

381 1561 729 1639 PlagiariuS,
792 1560 915 1622 siue
976 1559 1306 1621 vendiderit
1344 1558 1681 1651 hominem,
1721 1559 1847 1621 siue
1885 1560 2288 1637 deprehensus
2329 1559 2503 1619 suerit
2541 1560 2601 1618 in
2643 1575 2820 1618 manu
2860 1558 3018 1636 eiuS,
3059 1559 3304 1620 omnino

383 1652 579 1702 morte
624 1640 929 1732 plectitor.
971 1643 1120 1700 Item
1162 1639 1266 1718 qui
1303 1638 1603 1700 maledicit
1638 1640 1789 1717 patri
1828 1656 1937 1700 suo
1977 1651 2080 1699 aut
2121 1639 2291 1699 matri
2326 1657 2498 1713 suae,
2531 1639 2777 1699 omnino
2800 1650 2992 1698 morte
3008 1639 3304 1715 plectitor

383 1723 441 1780 δι
484 1719 724 1780 similia:
768 1719 890 1780 Hic
932 1723 1093 1780 certe
1134 1718 1435 1781 concurrit
1474 1729 1719 1797 vtraque
1758 1719 1939 1798 ratio,
1980 1737 2160 1812 quam
2201 1719 2432 1780 disertis
2467 1719 2658 1779 verbis
2680 1719 2950 1779 iubemus
2969 1719 3302 1778 obseruari·
3289 1765 3305 1794 ,

384 1813 527 1880 puta
564 1801 729 1878 quod
768 1799 861 1861 isti
902 1799 1172 1860 homines
1216 1799 1302 1860 rei
1342 1799 1548 1859 mortis
1585 1811 1750 1876 sunt,
1792 1819 1915 1860 non
1954 1799 2295 1876 simpliciter
2335 1819 2408 1859 ex
2448 1799 2578 1877 lege
2618 1799 2834 1876 Mosis,
2871 1799 3012 1858 sed‘
2996 1815 3120 1858 iure
3143 1819 3305 1859 com-

386 1881 553 1940 muni
614 1891 736 1940 tam
789 1881 867 1940 ad
920 1879 1069 1940 alios
1110 1898 1319 1941 omnes
1354 1879 1652 1956 homines,
1692 1883 1875 1956 quam
1916 1881 1996 1939 ad
2035 1899 2142 1939 eos
2183 1881 2397 1956 quibus
2435 1881 2531 1938 lex
2570 1880 2669 1939 illa
2709 1879 2848 1938 data
2889 1879 2952 1952 (f.
3001 1882 3177 1957 1518)
3219 1893 3307 1940 est

384 1961 743 2052 pertinente
782 1959 963 2038 idque
1003 1959 1275 2034 ciuiliter,
1316 1979 1439 2019 non
1480 1969 1678 2020 autem
1712 1959 2133 2020 Ecclesiastico
2153 1963 2250 2020 vel
2270 1958 2648 2020 ceremoniali
2667 1957 2953 2020 instituto.
2994 1961 3147 2019 Nam
3170 1962 3305 2019 cum

385 2061 457 2101 ea
497 2039 700 2100 omnia
738 2040 877 2100 iuris
916 2039 1251 2100 communis
1292 2039 1438 2115 sint,
1481 2057 1635 2115 quae
1675 2050 1839 2100 recta
1874 2039 2024 2100 ratio
2058 2039 2392 2100 communis
2413 2041 2620 2100 docet:
2658 2042 2712 2099 &
2733 2037 2890 2098 ciuili
2893 2051 2982 2099 ter
2999 2038 3305 2099 obtineant

384 2120 587 2181 omnia
626 2137 779 2197 quae
820 2119 1147 2181 secundum
1188 2119 1460 2181 ordinem
1500 2119 1734 2180 ciuilem
1776 2119 1853 2180 ad
1880 2119 2226 2180 societatem
2248 2118 2554 2180 hominum
2578 2118 2902 2196 pertinent·
2939 2120 3085 2178 haec
3106 2130 3303 2179 autem

384 2202 655 2278 exempla
696 2199 897 2260 omnia
932 2199 1048 2262 sint
1086 2199 1251 2261 istius
1291 2197 1549 2278 generis.
1594 2219 1716 2259 non
1755 2211 2005 2278 possunt
2044 2199 2146 2277 qui
2185 2199 2346 2260 aliud
2387 2199 2677 2271 sentiunt,
2711 2210 3030 2277 vtcumque
3069 2219 3212 2278 prae
3233 2219 3298 2260 se

387 2284 577 2340 serant
616 2279 991 2340 humanitatis
1033 2281 1089 2339 &
1128 2279 1475 2341 clementiae
1512 2280 1800 2358 speciem,
1834 2281 1976 2357 quin
1997 2291 2220 2340 rectam
2241 2279 2531 2340 rationem
2553 2283 2608 2340 δι
2629 2297 3008 2338 communem
3030 2278 3304 2339 ordinem

388 2361 795 2453 imprudentes
832 2361 1215 2439 labefactent,
1254 2359 1366 2419 nisi
1408 2358 1467 2418 in
1509 2361 1669 2419 hunc
1712 2361 1959 2420 modum
2002 2359 2264 2420 iudicare
2306 2359 2634 2420 didicerint.
2677 2358 2942 2419 salutaris
2969 2362 3116 2419 haec
3141 2376 3306 2419 seue-

386 2441 555 2519 ritaS,
596 2459 777 2519 quam
818 2442 1001 2501 dictat
1040 2440 1376 2502 communis
1418 2440 1597 2519 ratio,
1639 2442 1695 2501 &
1736 2442 1888 2501 ordo
1929 2442 2202 2519 publicus
2243 2442 2500 2518 postulat
2533 2446 2622 2518 (vt
2642 2440 2835 2499 verbis
2855 2452 3087 2499 vtamur
3105 2440 3307 2517 Tullij)

388 2522 579 2613 Epist.
622 2542 677 2581 ε.
716 2522 795 2581 ad
833 2522 1098 2582 Brutum.
1140 2520 1321 2581 vincit
1358 2520 1596 2581 inanem
1638 2521 1898 2613 speciem
1932 2520 2303 2582 clementiae.
2345 2521 2526 2596 Quod
2547 2531 2745 2580 autem
2765 2522 2878 2580 hae
2898 2522 3057 2598 leges
3076 2523 3113 2579 a
3133 2522 3306 2581 Mose

386 2599 645 2678 scriptae
704 2612 869 2677 sunt,
931 2600 993 2661 id
1047 2605 1207 2661 certe
1256 2598 1500 2661 minime
1539 2602 1719 2661 efficit
1759 2612 1820 2661 vt
1858 2600 1998 2661 iuris
2039 2600 2370 2661 communis
2412 2620 2541 2660 esse
2578 2598 2876 2679 desinant,
2918 2612 3020 2659 aut
3058 2599 3307 2661 ciuiliter

388 2681 687 2760 obligare.
727 2680 993 2759 alioquin
1036 2690 1337 2761 oporteret
1373 2682 1607 2741 Mosem
1648 2683 1726 2742 ab
1767 2680 1931 2741 omni
1972 2680 2095 2741 iure
2137 2680 2442 2741 communi
2461 2679 2843 2755 abstinuisse,
2879 2682 2934 2740 &
2956 2684 2992 2739 a
3011 2680 3306 2741 ciuilitatis

388 2762 919 2839 contemplatione:
960 2778 1139 2840 quam
1181 2780 1309 2821 rem
1348 2763 1443 2821 vel
1482 2759 1766 2853 cogitare·
1782 2763 1860 2821 de
1892 2764 2096 2840 Mose,
2133 2763 2226 2820 vel
2247 2763 2381 2821 Deo
2402 2762 2658 2820 tribuere
2678 2760 2806 2838 (qui
2825 2759 2985 2821 Mosi
3004 2763 3060 2821 δι
3077 2763 3304 2839 populo

391 2860 501 2902 suo
561 2844 753 2933 legem
814 2841 1147 2919 imperauit)
1205 2853 1295 2903 est
1354 2846 1585 2901 summe
1624 2839 1871 2919 impium
1914 2844 1969 2901 δι
2010 2844 2088 2901 ab
2129 2840 2293 2900 omni
2331 2840 2560 2901 ratione
2599 2839 3040 2901 alienissimum.
3097 2842 3306 2918 Itaque

391 2919 695 2982 homicida
743 2921 795 2981 si
840 2922 919 2981 ad
970 2932 1226 2982 mortem
1276 2920 1529 2998 rapitur,
1569 2923 1637 2981 fit
1674 2921 2101 2982 conuenienter
2140 2920 2256 2999 legi
2295 2920 2515 2981 MosiS.
2557 2922 2664 2981 sed
2705 2939 2778 2981 ex
2817 2920 3045 2981 ratione
3085 2922 3140 2981 &
3181 2920 3306 2981 iure

390 3000 724 3078 communi,
763 3013 941 3079 atque
979 3000 1258 3063 ciuiliter:
1302 3002 1468 3061 cuius
1506 3001 1807 3078 vti-iusque
1848 3000 1931 3062 rei
1973 3004 2310 3093 exemplum
2351 2999 2856 3061 absolutissimum
2895 3010 3052 3061 extat
3091 3000 3152 3059 in
3172 3002 3305 3079 lege

390 3080 597 3142 Mosis.
658 3082 719 3141 Si
780 3093 1007 3159 patrem
1048 3094 1149 3141 aut
1186 3093 1436 3143 matrem
1480 3080 1633 3142 filius
1669 3079 2052 3159 percusserit:
2096 3079 2145 3141 si
2183 3081 2330 3141 alter
2368 3082 2614 3141 alterum
2655 3081 2832 3141 fuerit
2870 3081 3182 3140 suffuratus
3219 3081 3301 3140 in-

390 3162 574 3240 digno
636 3162 867 3239 plagio:
922 3160 971 3223 si
1009 3160 1143 3239 quis
1180 3160 1523 3240 parentibus
1564 3160 1958 3231 maledixerit,
1999 3162 2206 3222 eadem
2248 3161 2400 3221 ratio
2439 3160 2578 3220 iuris
2618 3160 2954 3221 communis
2993 3170 3113 3239 est,
3153 3178 3306 3238 quae

391 3260 651 3319 poenam
690 3241 1003 3319 capitalem
1043 3241 1244 3302 statuit
1284 3240 1562 3302 ciuiliter:
1602 3241 1749 3301 nihil
1793 3259 2006 3302 causae
2047 3240 2264 3301 adferri
2302 3251 2500 3318 potest
2539 3260 2614 3301 ex
2633 3241 2859 3301 ratione
2879 3241 3182 3301 communi
3207 3251 3308 3300 aut

388 3323 653 3381 humano
714 3322 958 3395 ordine,
1002 3339 1108 3382 cur
1146 3321 1305 3383 istud
1344 3320 1699 3414 supplicium
1740 3340 1860 3382 non
1904 3321 1980 3381 sit
2019 3320 2078 3381 in
2119 3339 2256 3381 reos
2295 3320 2542 3382 istorum
2583 3322 2871 3382 scelerum
2911 3322 3306 3381 statuendum.

388 3412 599 3461 contra
638 3402 831 3477 enim,
870 3402 989 3461 hoc
1029 3402 1215 3463 modo
1256 3400 1369 3461 nisi
1406 3402 1705 3481 statuitur,
1743 3404 1797 3463 &
1838 3412 2034 3462 rectae
2075 3400 2288 3461 rationi
2327 3401 2438 3477 illi,
2479 3404 2536 3461 δι
2575 3400 2686 3460 iuri
2706 3400 3042 3475 communi,
3074 3401 3129 3459 δι
3149 3400 3308 3460 ciuili

388 3480 587 3541 ordini
648 3482 946 3541 teterrima
1005 3482 1070 3542 fit
1128 3480 1362 3541 iniuria.
1406 3482 1621 3574 quibus
1656 3482 1934 3543 omnibus
1977 3484 2302 3542 secundum
2345 3491 2645 3541 aeternam
2687 3481 2844 3541 illam
2887 3481 3208 3559 rationem,
3250 3482 3305 3541 &

391 3562 717 3621 naturalem
772 3560 1103 3654 diuinamq.
1163 3564 1357 3639 legem
1417 3562 1539 3621 vita
1590 3562 1899 3621 hominum
1940 3564 1996 3623 δι
2037 3562 2305 3640 libertas,
2343 3565 2398 3622 &
2437 3572 2777 3653 parentum·
2791 3563 2986 3622 honor
3025 3563 3102 3621 ab
3145 3560 3306 3621 omni

385 3640 596 3701 iniuria
636 3640 967 3701 vindicatur
1006 3641 1475 3719 diligentissime,
1514 3640 1571 3701 ὅτ
1614 3641 1886 3721 indignus
1927 3642 2048 3702 vita
2081 3643 2524 3719 pronunciatur,
2546 3640 2808 3720 quisquis
2827 3639 3166 3732 proximum
3189 3640 3308 3701 vita

390 3732 491 3781 aut
530 3720 798 3783 libertate
839 3726 1019 3813 (quae
1058 3738 1197 3781 cum
1234 3720 1355 3781 vita
1394 3725 1515 3783 fere
1554 3725 1956 3799 comparatur)
1998 3723 2053 3781 &
2093 3733 2362 3800 parentes
2403 3720 2558 3782 iusto
2599 3725 2830 3783 honore
2850 3719 3140 3799 spoliauit.
3181 3722 3308 3781 Stat

388 3800 565 3878 igitur
604 3802 839 3861 firmum
881 3800 1025 3862 illud
1065 3802 1229 3879 prius
1269 3800 1579 3861 axiomatis
1618 3802 2020 3863 antecedentis
2060 3802 2422 3880 membrum,
2464 3820 2569 3863 eos
2608 3802 2710 3879 qui
2748 3802 2806 3861 in
2849 3804 2977 3880 lege
3017 3798 3204 3861 Mosis
3225 3802 3311 3861 rei

390 3880 596 3941 mortis
636 3882 1011 3958 pronunciati
1062 3892 1199 3941 sunt
1238 3901 1313 3941 ex
1354 3880 1480 3942 iure
1521 3882 1827 3943 communi
1867 3882 2137 3959 ciuiliter,
2172 3883 2290 3942 hoc
2332 3899 2576 3961 quoque
2615 3894 2887 3959 tempore
2926 3900 3058 3941 reos
3101 3880 3310 3941 mortis

387 3959 592 4021 haberi
632 3972 935 4039 oportere.

468 4041 587 4101 Sed
649 4040 709 4101 in
750 4044 941 4102 altero
984 4043 1222 4120 regulae
1260 4040 1415 4101 illius
1454 4042 1729 4102 membro
1768 4040 1881 4102 alia
1922 4042 2072 4101 ratio
2113 4053 2216 4101 est.
2279 4043 2437 4102 Nam
2478 4040 2585 4102 etsi
2625 4060 2698 4101 ex
2737 4040 2964 4103 ratione
3004 4039 3310 4101 communi

384 4120 602 4182 iudicia
664 4122 813 4183 fiunt
872 4123 952 4181 de
1008 4120 1295 4182 maleficis
1354 4120 1514 4182 ciuili
1572 4122 1815 4198 ordine,
1876 4140 1986 4200 per
2043 4122 2599 4183 determinationem
2659 4121 3020 4213 simplicem,
3059 4132 3162 4181 aut
3201 4140 3309 4214 per

386 4199 789 4279 analogicam,
828 4200 889 4261 in
932 4198 1385 4263 circumstantiis
1424 4212 1623 4261 tamen
1664 4202 1954 4263 rationem
1999 4202 2291 4261 diuersam
2332 4218 2486 4295 opus
2527 4212 2616 4263 est
2655 4200 2989 4263 obseruari:
3039 4200 3179 4279 quia
3217 4201 3308 4261 ius

386 4298 709 4341 commune
770 4282 1099 4342 secundum
1168 4282 1457 4343 rationem
1518 4292 1740 4343 rectam
1801 4283 1877 4343 de
1930 4282 2108 4341 rebus
2160 4282 2477 4359 propositis
2516 4282 2738 4343 iudicat
2777 4280 3141 4360 simpliciter,
3181 4300 3304 4341 non

391 4360 739 4421 examinatis
779 4366 833 4422 δι
876 4360 1151 4438 expensis
1192 4361 1648 4423 circumstantiis
1686 4362 2166 4440 particularibus,
2207 4380 2360 4439 quae
2401 4364 2694 4424 interdum
2735 4363 2812 4423 ad
2855 4362 2938 4423 rei
2963 4362 3308 4440 grauitatem

2883 4443 3308 4520 lenitatemque
