3923 4875
556 136 709 198 quos
748 121 915 182 Deus
958 117 1293 196 profligauit
1332 115 1392 178 in
1436 117 1671 180 deserto
1690 163 1708 196 ,
1748 119 1805 183 &
1844 117 2183 198 quicunque
2213 120 2426 184 auditis
2447 107 2936 200 promissionitlus
2955 141 3078 184 non
3101 135 3498 202 perceperunt

556 218 894 260 sermonem
955 199 1073 260 fide
1126 207 1642 277 contemperatum
1694 195 1754 258 in
1802 217 1867 260 se
1908 196 2078 278 ipsis,
2121 211 2184 260 vt
2222 201 2547 280 Apostolus
2583 201 2877 280 loquitur,
2921 198 2984 262 id
3024 214 3150 280 est,
3191 203 3498 265 Israelitae

556 281 820 341 carnales
884 281 940 340 δι
1003 276 1222 356 impiis
1260 279 1453 338 Hebr.
1506 299 1562 351 4.
1610 299 1664 338 2.
1717 279 2057 342 Secundum
2096 278 2386 342 internam
2425 300 2540 344 nos
2577 281 2874 350 Israelitae
2913 299 3143 360 sumus,
3185 287 3242 346 δι
3281 303 3492 346 semen

556 360 871 436 Abrahae,
912 369 973 420 vt
1013 357 1215 420 scribit
1253 359 1580 438 Apostolus
1618 357 1698 420 ad
1738 357 2008 420 Galatas:
2053 379 2162 422 nos
2201 359 2304 441 qui
2339 363 2378 420 a
2415 361 2584 422 litera
2621 365 2678 426 δι
2718 361 3239 424 obseruationibus
3275 381 3494 442 corpo·

556 438 775 500 talibus
814 437 1045 500 liberati
1083 457 1283 500 sumus
1323 439 1384 498 in
1425 437 1661 500 Christo
1702 439 1852 500 Iesu.
1895 439 2031 500 Gal.
2071 459 2128 517 3.
2177 460 2267 520 19.
2309 441 2366 502 δι
2405 443 2462 502 6.
2506 458 2596 519 15.
2637 442 2980 504 Secundum
3003 453 3312 522 vtramque
3335 443 3486 506 dicti

558 522 793 580 fuerunt
829 521 1011 580 Israel
1054 516 1114 580 in
1154 517 1423 580 Ecclesia
1462 515 1573 596 illi,
1614 517 1716 595 qui
1754 519 2082 580 secundum
2119 539 2360 582 carnem
2404 541 2478 582 ex
2515 523 2730 584 Israele
2769 522 3200 584 descendentes
3241 521 3490 602 vestigia

560 599 697 660 fidei
756 599 911 660 illius
966 597 1155 660 secuti
1204 609 1358 660 sunt.
1420 601 1491 660 In
1532 599 1689 660 hunc
1732 597 2009 676 modum,
2043 601 2340 678 Propheta
2377 603 2660 680 loquutus
2699 611 2820 680 est,
2862 603 3002 663 cum
3042 603 3488 667 uniuersitatem

560 679 863 740 Ecclesiae
877 723 895 756 ,
934 678 1169 740 Israelis
1210 677 1451 740 nomine
1493 677 1855 756 designaret:
1899 677 1998 739 cui
2038 678 2398 742 vniuersitati
2439 682 2646 743 datum
2685 692 2773 742 est
2811 685 2850 742 a
2889 683 3022 742 Deo
3057 681 3206 744 illud
3225 683 3486 744 testimo-

560 758 743 820 nium.
806 758 962 820 Nam
1023 757 1385 820 vniuersitati
1441 757 1526 819 illi
1583 756 1916 836 promiscue
1977 759 2200 820 credita
2257 771 2394 821 sunt
2441 763 2676 838 eloquia
2727 763 2868 839 Dei,
2909 763 3090 822 Rom.
3133 781 3191 840 3.
3239 783 3291 822 2.
3335 780 3488 840 quae

560 839 802 918 singulis
853 838 967 900 illis
1019 838 1330 900 hominum
1382 839 1696 917 generibus
1736 837 2077 900 testimonio
2119 851 2345 902 essent:
2387 839 2457 902 iis
2495 841 2740 919 quidem
2780 841 2884 919 qui
2923 843 3119 903 solum
3161 841 3490 904 secundum

560 939 801 982 carnem
860 921 1097 980 fuerunt
1154 919 1449 980 Israelitae
1470 964 1485 992 ,
1546 919 1625 980 ad
1690 917 2045 980 euictionem
2105 921 2162 980 δι
2221 919 2506 982 iudicium
2566 920 2861 1000 ipsorum:
2917 921 3158 1000 reliquis
3195 927 3372 1001 vero,
3411 923 3489 984 ad

559 997 1039 1062 informationem
1082 1001 1138 1060 &
1177 999 1427 1060 salutem
1468 997 1730 1078 ipsorum
1772 998 1905 1058 Deo
1944 998 2291 1076 gloriosam.

643 1080 829 1156 Quod
870 1089 1069 1140 autem
1107 1078 1203 1140 illa
1242 1079 1635 1142 Israelitarum
1672 1076 2015 1138 vniuersitas
2055 1077 2114 1139 in
2157 1079 2344 1142 tribus
2383 1079 2658 1142 distincta
2697 1079 2836 1158 fuit,
2874 1079 2938 1142 id
2971 1079 3185 1159 partim
3206 1080 3394 1144 ciuilis
3411 1101 3488 1144 ex

560 1170 802 1221 naturae
854 1156 1157 1237 principiis
1198 1158 1446 1236 petitae,
1490 1165 1823 1238 partimque
1867 1159 2278 1220 ceremonialis
2319 1160 2428 1220 fuit
2463 1159 2896 1222 obseruationis
2929 1181 3004 1221 ex
3043 1160 3320 1222 institutis
3359 1181 3488 1241 gra-

562 1241 693 1302 tiae.
756 1239 1117 1317 Principium
1156 1249 1399 1300 naturae
1442 1251 1563 1315 est,
1604 1239 1769 1316 quod
1809 1239 2140 1298 secundum
2180 1251 2377 1300 ortum
2413 1239 2764 1301 familiarum
2798 1239 3240 1320 distinguuntur
3271 1241 3486 1302 tribus:

566 1341 639 1382 ex
699 1337 775 1381 eo
834 1317 1129 1398 principio
1189 1321 1348 1396 leges
1402 1317 1633 1397 ciuiles,
1672 1317 1748 1378 de
1790 1317 2052 1378 tribuum
2091 1318 2472 1382 distinctione
2513 1321 2572 1380 in
2611 1323 2827 1381 Israele
2867 1321 3244 1382 obseruanda
3279 1323 3318 1380 a
3357 1323 3490 1382 Deo

567 1401 872 1478 profectae
912 1409 1078 1460 sunt:
1121 1417 1272 1476 quae
1305 1400 1466 1478 leges
1508 1398 1836 1462 secundum
1876 1397 2166 1459 rationem
2205 1411 2332 1460 tum
2369 1399 2640 1476 beneficii
2681 1404 2720 1460 a
2753 1401 2886 1461 Deo
2907 1399 3139 1478 collati,
3163 1411 3289 1462 tum
3309 1403 3489 1469 Israe-

566 1481 799 1540 litarum
844 1489 1127 1556 tanquam
1168 1481 1678 1558 emphyteutamm
1733 1476 1856 1538 siue
1903 1479 2328 1556 perpetuorum
2371 1483 2457 1556 (vt
2497 1483 2741 1556 vocant)
2781 1481 3138 1542 colonorum
3175 1480 3321 1557 Dei,
3363 1492 3488 1542 tum

565 1558 823 1636 denique
863 1558 1118 1638 regionis
1162 1557 1345 1636 ipsius
1384 1561 1537 1618 latae
1578 1568 1746 1628 sunt,
1788 1558 1925 1617 cum
1967 1556 2028 1618 in
2069 1558 2192 1618 eius
2230 1561 2662 1638 possessionem
2681 1564 2718 1620 a
2739 1563 2873 1620 Deo
2895 1559 3295 1621 mittebantur.
3339 1561 3485 1621 Gra-

566 1640 681 1700 tiae
739 1640 908 1716 vero,
957 1657 1135 1718 quam
1188 1641 1350 1700 Deus
1390 1638 1754 1700 seecundum
1793 1648 2000 1714 typum
2039 1639 2096 1697 ὅτ
2137 1639 2445 1700 veritatem
2487 1639 2688 1702 Israeli
2725 1639 3006 1715 contulit,
3046 1651 3364 1720 praecepta
3402 1639 3489 1700 sic

568 1723 803 1780 suerunt
836 1719 967 1810 lege
1002 1729 1352 1798 temperata,
1373 1729 1438 1778 vt
1456 1715 1948 1779 ceremonialibus
1969 1717 2324 1795 quibusdam
2344 1719 2552 1782 ritibus
2571 1739 2644 1780 ac
2661 1719 3136 1780 distinctionibus
3157 1719 3493 1780 instruxerit

566 1800 851 1877 populum
893 1799 1058 1860 illum
1100 1808 1361 1859 veterem
1400 1797 1479 1858 ad
1518 1797 1738 1878 gratiae
1780 1815 1919 1858 suae
1958 1799 2558 1862 commendationem.
2603 1797 2700 1860 Sic
2739 1800 3016 1862 omnibus
3045 1800 3221 1860 rebus
3240 1797 3366 1860 istis
3389 1817 3495 1878 per

566 1878 921 1957 singularem
976 1877 1091 1939 Dei
1140 1879 1575 1956 prouidentiam
1614 1877 1676 1938 in
1716 1878 2075 1939 Iudaeorum
2117 1880 2341 1956 populo
2383 1879 2684 1956 adunatis,
2727 1897 2867 1940 suus
2905 1879 3058 1940 ordo
3099 1879 3347 1958 singulis
3386 1878 3494 1940 fuit

562 1959 905 2020 attributus:
949 1957 1117 2018 Ordo
1158 1970 1357 2019 autem
1396 1957 1612 2036 partim
1652 1961 1690 2018 a
1726 1968 1961 2035 natura,
2009 1965 2343 2036 partimque
2383 1961 2460 2020 ab
2500 1959 2794 2036 institut0,
2839 1969 2898 2020 vt
2939 1957 3001 2020 in
3041 1959 3282 2038 optimis
3317 1959 3494 2020 rebus

565 2037 816 2131 publicis
854 2039 1006 2100 solet
1044 2037 1361 2100 obseruari.
1404 2041 1560 2100 Nam
1600 2037 1709 2100 fuit
1746 2037 1899 2099 ordo
1936 2035 1998 2096 in
2027 2039 2130 2098 illa
2162 2037 2562 2118 vniuersitate,
2603 2039 2860 2117 primilm
2896 2036 3144 2116 quidem
3183 2038 3488 2100 Ecclesiae

568 2119 748 2197 1psius
782 2120 860 2179 ad
895 2119 959 2195 (s.
986 2123 1123 2196 712)
1155 2121 1381 2196 Deum,
1422 2118 1637 2180 deinde
1670 2119 2076 2178 membrorum
2117 2119 2491 2196 partiumque
2532 2117 2714 2197 ipsius
2754 2119 2905 2180 inter
2936 2137 3034 2194 se,
3067 2129 3197 2180 tum
3217 2136 3488 2178 commu-

568 2198 731 2260 nium
752 2244 772 2278 ,
813 2217 961 2276 quas
1000 2201 1177 2277 vulgo
1220 2198 1516 2260 Ecclesias
1548 2197 1927 2276 particulares
1967 2200 2362 2276 appellamuS,
2403 2210 2530 2261 tum
2572 2205 2714 2268 vero
2737 2198 3140 2278 singularium.
3162 2201 3234 2258 In
3257 2197 3484 2258 vniuer·

570 2279 739 2340 sitate
784 2278 847 2339 id
887 2277 995 2338 fuit
1035 2278 1289 2356 ordinis,
1331 2279 1497 2356 quod
1537 2288 1663 2340 tota
1705 2276 1975 2339 Ecclesia
2007 2279 2062 2338 δι
2096 2278 2426 2356 respublica
2455 2279 2854 2358 sequebantur
2888 2277 3118 2356 Deum,
3139 2279 3486 2338 haerebant-

568 2379 684 2437 que
747 2361 880 2419 Deo
940 2359 1269 2420 secundum
1310 2357 1736 2421 institutionem
1786 2355 1927 2432 Dei,
1972 2355 2074 2433 qui
2111 2359 2312 2418 locum
2351 2358 2904 2436 Hierosolymorum
2941 2359 3199 2436 elegerat
3252 2357 3314 2420 in
3363 2377 3489 2435 quo

567 2440 888 2517 habitaret,
928 2443 1214 2517 suamque
1254 2440 1641 2517 praesentiam
1686 2449 1957 2501 testatam
1997 2440 2242 2516 faceret,
2277 2442 2333 2500 δι
2366 2441 2445 2502 ad
2477 2437 2626 2501 illud
2643 2442 2803 2501 velut
2823 2437 3136 2501 consilium
3157 2456 3486 2515 summum,

568 2520 667 2581 cui
705 2517 1027 2581 certissime
1068 2530 1333 2599 praeerat
1371 2518 1661 2581 Dominus
1674 2564 1693 2597 ,
1734 2522 1789 2579 δι
1828 2518 1907 2579 ad
1946 2536 2230 2596 responsa
2271 2518 2734 2581 extraordinaria
2773 2520 2952 2599 ipsius
2991 2518 3054 2579 in
3089 2521 3266 2581 rebus
3287 2520 3492 2580 Eccle-

568 2598 813 2661 siasticis
842 2603 1032 2677 aeque
1064 2620 1135 2661 ac
1178 2598 1430 2677 politicis
1472 2599 1547 2679 (si
1588 2617 1741 2677 quae
1780 2598 2082 2677 grauiores
2123 2601 2276 2660 sorte
2309 2600 2720 2677 obtingebant)
2743 2598 2918 2661 solita
2937 2610 3024 2661 est
3041 2618 3376 2660 accurrere.
3417 2602 3488 2659 In

569 2680 833 2759 partibus
892 2678 1279 2741 vniuersitatis
1340 2680 1492 2741 illius
1541 2677 1921 2739 consimiliter
1979 2678 2059 2741 ad
2109 2680 2382 2741 ordinem
2433 2679 2795 2759 pertinebat,
2837 2680 3000 2757 quod
3035 2678 3151 2740 alia
3183 2678 3371 2740 tribus
3412 2680 3494 2739 ad

568 2780 661 2822 res
714 2780 909 2821 sacras
962 2760 1017 2819 δι
1062 2758 1504 2821 Ecclesiasticas
1518 2806 1535 2837 ,
1590 2758 1705 2820 alia
1742 2758 1820 2817 ad
1861 2760 2150 2819 humanas
2191 2770 2370 2837 atque
2404 2758 2676 2838 politicas
2711 2777 2855 2839 'cum
2894 2757 3242 2820 auctoritate
3281 2776 3492 2819 curan-

570 2842 677 2901 das
724 2842 763 2899 a
811 2842 944 2900 Deo
992 2854 1117 2900 erat
1156 2839 1469 2919 disposita,
1510 2841 1657 2901 dum
1698 2837 1845 2899 aliae
1892 2840 2200 2901 subessent
2260 2840 2492 2901 illarum
2537 2838 3044 2903 administrationi.
3107 2840 3179 2899 In
3219 2838 3490 2916 personis

568 2922 711 2981 vero
750 2919 1141 2998 singularibus
1181 2919 1241 2979 id
1280 2938 1521 2999 quoque
1542 2920 1649 2981 fuit
1666 2916 1889 2979 ordinis
1904 2964 1920 2995 ,
1942 2918 2108 2995 quod
2131 2932 2360 2997 praeter
2381 2938 2764 2981 communem
2787 2919 3162 2981 vocationem
3183 2917 3486 2996 omnium,

572 3018 723 3078 quae
785 3000 1129 3061 charitatem
1171 2999 1231 3061 in
1270 3019 1481 3063 omnes
1522 3010 1749 3079 spectat
1790 2998 2162 3078 promiscue,
2204 3001 2384 3077 (hanc
2425 2998 2584 3060 enim
2623 3000 2838 3075 cuique
2880 3000 3168 3059 debemus
3219 3018 3485 3077 semper,

568 3079 745 3143 etiam
786 3090 911 3141 tum
950 3081 1085 3140 cum
1128 3091 1491 3158 praestamus
1532 3078 1818 3157 maxime,
1856 3078 2036 3139 Rom.
2077 3100 2167 3141 12.
2213 3100 2270 3157 9.
2313 3082 2448 3155 &c.)
2489 3078 2638 3141 aliae
2679 3078 2964 3157 peculiari
2995 3078 3252 3156 quadam
3273 3078 3484 3138 obstri-

573 3172 704 3221 ctae
766 3160 1003 3221 fuerunt
1063 3160 1380 3222 vocatione
1432 3160 1511 3221 ad
1550 3176 1745 3220 rerum
1762 3204 1779 3238 ,
1821 3159 1934 3218 hae
1973 3158 2339 3237 diuinarum,
2379 3158 2513 3220 illae
2547 3162 2938 3221 humanarum
2977 3157 3481 3235 procurationem,

573 3249 680 3301 aut
728 3239 907 3301 etiam
951 3250 1327 3318 vtrarumque
1370 3238 1573 3318 simul,
1636 3242 1757 3316 qua
1796 3239 2024 3317 priuata
2062 3258 2278 3317 opera,
2319 3243 2438 3317 qua
2481 3238 2750 3317 publica,
2791 3240 2928 3299 cum
2971 3238 3163 3317 ciuili,
3203 3250 3330 3297 tum
3371 3238 3482 3299 Ec·

571 3318 914 3382 clesiastica.
955 3320 1155 3397 Atque
1196 3320 1295 3381 hic
1333 3320 1575 3398 quidem
1616 3320 1769 3381 ordo
1809 3328 1969 3379 totus
1995 3320 2032 3377 a
2073 3336 2304 3381 summa
2345 3318 2445 3379 illa
2469 3364 2486 3391 ,
2529 3322 2585 3380 δι
2624 3317 2920 3381 essentiali
2957 3320 3151 3379 forma
3177 3316 3482 3379 Ecclesiae

542 3400 683 3465 ‚Dei
720 3402 1021 3479 profectus
1058 3410 1172 3461 est:
1215 3400 1331 3477 qu?
1359 3399 1535 3463 donis
1570 3401 1625 3459 &
1667 3398 2080 3460 vocationibus
2121 3400 2386 3477 singulos
2421 3400 2775 3475 instruebat,
2827 3408 2892 3459 vt
2931 3397 2992 3457 in
3032 3400 3212 3459 rebus
3251 3395 3366 3457 sibi
3403 3399 3480 3458 ab

566 3500 641 3543 eo
703 3480 993 3541 mandatis
1053 3491 1344 3559 ponerent
1400 3500 1661 3559 operam.
1722 3479 1840 3540 Sed
1889 3476 2030 3555 quia
2068 3478 2248 3540 totius
2289 3478 2512 3539 ordinis
2552 3497 2689 3539 vsus
2731 3478 2792 3538 in
2830 3477 3064 3543 actione
3107 3478 3482 3555 versabatur,

561 3572 739 3623 restat
780 3571 843 3621 vt
884 3561 962 3621 ad
1002 3562 1203 3621 locum
1244 3561 1510 3638 tertium,
1551 3560 1653 3637 qui
1694 3559 1771 3620 de
1810 3556 2144 3619 actionibus
2186 3570 2274 3620 est
2315 3558 2374 3619 in
2411 3558 2680 3620 Ecclesia
2721 3556 2862 3635 Dei,
2903 3568 3287 3619 transeamus.

641 3639 923 3703 Actiones
964 3639 1138 3719 igitur
1177 3639 1483 3702 Ecclesiae
1524 3642 1581 3701 δι
1620 3641 2025 3701 membrorum
2065 3639 2190 3699 eius
2231 3638 2467 3700 duobus
2515 3638 2712 3699 modis
2750 3636 3315 3699 circumscribuntur
3355 3637 3476 3697 hoc

564 3720 721 3783 loco.
762 3722 916 3783 Nam
954 3719 1207 3797 primum
1250 3719 1527 3782 dicuntur
1567 3740 1779 3782 omnes
1818 3718 1902 3779 ire
1934 3720 2014 3779 ad
2057 3718 2460 3782 testimonium
2480 3764 2498 3795 ,
2541 3718 2755 3779 deinde
2795 3721 2939 3779 vero
2979 3718 3042 3779 in
3071 3715 3188 3778 Dei
3206 3716 3480 3778 laudibus

562 3800 859 3878 occupari.
903 3804 995 3862 De
1036 3802 1231 3879 priore
1274 3802 1569 3879 Propheta
1608 3798 1795 3877 inquit
1809 3846 1825 3873 ,
1868 3800 2206 3859 Ascendunt
2234 3800 2424 3859 tribus
2465 3800 2553 3858 ad
2583 3800 2962 3859 testimonium
3002 3800 3200 3859 datum
3220 3798 3450 3857 Israeli
3457 3824 3478 3857 .-

562 3881 639 3942 de
678 3879 1007 3960 posteriore
1051 3884 1189 3941 vero
1230 3880 1504 3942 dicuntur
1544 3880 1694 3941 haec
1734 3881 1945 3956 verba,
1985 3888 2052 3940 vt
2084 3879 2370 3939 celebrent
2403 3898 2604 3941 nomen
2643 3878 2918 3938 Iehouae.
2959 3880 3095 3937 Hae
3133 3888 3334 3938 autem
3375 3895 3474 3936 oc-

565 3961 911 4041 cupationes
954 3961 1105 4024 duae
1144 3960 1543 4025 sanctissimae
1585 3960 1645 4021 in
1686 3961 1879 4044 prisca
1935 3958 2036 4019 illa
2069 3957 2422 4019 Iudaeorum
2463 3959 2728 4018 Ecclesia
2746 3976 2881 4019 suas
2901 3958 3186 4035 quasdam
3205 3967 3478 4048 externas

3107 4054 3480 4097 ceremonias
