3923 4875
628 381 697 420 22
1592 373 2022 418 FRANCISCI
2077 373 2285 428 JUNII
2345 375 2545 419 VITA.

620 535 941 614 hospitium
983 535 1286 597 obsidere:
1326 534 1388 596 in
1427 537 1593 613 quod
1630 535 1805 596 tertio
1838 535 1935 596 die
1960 536 2320 597 mendaciter
2359 536 2680 598 intromissi
2719 533 3082 595 trucidarunt
3118 532 3519 612 indignissime

622 627 851 694 patrem
912 615 1101 692 sicarij
1118 660 1135 690 ,
1176 617 1232 676 &
1273 633 1491 694 corpus
1530 615 1871 678 semianime
1910 635 2017 693 per
2055 619 2372 677 fenestram
2410 616 2702 678 deiectum
2744 624 2875 676 toto
2916 614 3103 692 opido
3143 614 3521 694 diuexarunt,

620 695 963 756 laniandum
1002 695 1247 757 canibus
1282 696 1659 772 obiecerunt,
1699 699 1755 758 δι
1795 695 2026 773 sepeliri
2065 694 2488 758 interdixerunt
2525 697 2782 775 publice.
2839 695 2971 756 Etsi
3009 698 3128 755 hoc
3155 705 3520 773 postremum

620 774 997 836 humanitatis
1056 775 1349 854 officium,
1410 777 1574 853 quod
1632 776 1723 836 vir
1779 778 1972 835 nullus
2029 776 2315 856 audebat,
2375 777 2635 838 foemina
2692 774 3059 869 procurauit,
3109 777 3166 834 &
3206 775 3520 836 collectum

546 871 551 876 ·
624 873 841 934 corpus
900 856 977 916 de
1035 866 1213 916 nocte
1272 857 1490 916 sacello
1539 855 1807 918 familiari
1844 854 2142 924 condidit..
2183 821 2348 948 quod
2386 855 2448 918 in
2485 856 2827 918 coemiterio
2867 854 3394 917 Franciscanorum
3433 864 3522 916 est

620 937 697 997 de
734 945 942 996 nostro
982 935 1239 997 nomine.
1320 937 1493 996 Haec
1532 935 1745 998 caedes
1785 933 2096 996 consilium
2135 933 2318 1014 Regis
2357 937 2685 998 commouit
2722 935 3070 1015 plurimum·
3055 979 3072 1014 ,
3122 936 3178 994 δι
3217 934 3520 995 decretum

621 1017 697 1077 de
754 1014 1177 1076 labefactandis
1236 1015 1415 1077 muris
1474 1015 1652 1077 totius
1712 1015 1877 1092 opidi
1935 1015 1998 1074 in
2055 1033 2130 1076 eo
2169 1018 2388 1076 factum
2404 1061 2420 1092 ,
2470 1027 2712 1095 propter
2750 1016 3119 1077 atrocitatem
3157 1013 3422 1093 sceleris,
3463 1017 3520 1074 &

618 1094 1179 1172 periculosissimum
1238 1097 1571 1172 exemplum
1629 1094 1799 1155 illius.
1881 1095 2000 1156 Sed
2059 1105 2266 1172 postea
2323 1113 2611 1157 conuersa
2669 1106 2757 1158 est
2815 1094 3170 1157 factionibus
3207 1105 3334 1154 tota
3370 1093 3520 1154 ratio

616 1174 871 1252 consilij·
858 1221 875 1254 ,
936 1185 1062 1235 tum
1122 1185 1363 1253 propter
1423 1174 1675 1252 Sipierrij
1738 1173 2164 1236 Gubernatoris
2201 1178 2256 1236 δι
2297 1177 2716 1237 ιιοιιιιιιιῑοιιιιιι
2753 1195 2826 1237 ex
2863 1174 3171 1238 nobilitate
3209 1191 3522 1250 procerum

617 1254 940 1316 inueterata
996 1254 1161 1330 odia,
1224 1265 1349 1316 tum
1408 1263 1649 1346 propter
1706 1254 2006 1347 religionis
2066 1253 2388 1316 Pontificae
2446 1257 2636 1317 zelum
2651 1301 2670 1334 ,
2729 1255 2896 1316 cuius
2945 1254 3090 1316 odio
3128 1253 3526 1314 indesinenter

616 1333 947 1426 flagrauisse
1020 1335 1157 1394 inde
1217 1336 1293 1394 ab
1350 1334 1519 1395 annis
1578 1333 1828 1413 amplius
1886 1332 2096 1412 viginti
2155 1346 2410 1427 quatuor
2466 1335 2934 1398 criminabantur
2991 1343 3236 1413 patrem.
3317 1335 3522 1411 Itaque

617 1415 865 1475 caedem
917 1413 1079 1474 illam
1134 1432 1376 1476 necesse
1434 1413 1641 1474 habuit
1680 1423 1867 1474 mater
1904 1413 1968 1475 in
2007 1413 2191 1492 Regis
2231 1412 2480 1476 consilio
2520 1415 2794 1509 persequi
2833 1435 2906 1478 ex
2947 1433 3023 1477 eo
3061 1424 3360 1491 tempore·
3401 1430 3522 1492 quo

616 1495 995 1555 facto.ci1m
1052 1493 1180 1572 ipsa
1230 1493 1292 1553 in
1332 1513 1397 1554 se
1434 1495 1755 1555 multorum
1795 1493 2118 1555 concitauit
2156 1494 2321 1586 odia,
2381 1505 2508 1556 tum
2547 1495 2749 1557 omnia
2788 1499 2970 1557 ferme
3012 1495 3332 1556 commoda
3371 1511 3524 1570 quae

614 1594 689 1634 ex
746 1572 958 1634 bellica
1015 1573 1247 1634 licentia
1260 1621 1277 1650 ,
1338 1573 1530 1653 furtis,
1582 1573 1829 1652 rapinis
1868 1573 2442 1668 grassationibusque
2479 1578 2778 1637 restabant
2817 1574 2957 1654 ipsi,
2997 1575 3060 1635 in
3097 1575 3213 1634 hac
3253 1591 3521 1651 persecu-

612 1653 777 1714 tione
838 1653 1170 1746 occupauit.
1247 1655 1390 1715 Hoc
1447 1662 1645 1715 autem
1703 1653 1851 1716 tristi
1897 1663 2160 1746 ‘accepto
2209 1653 2463 1725 nunci0,
2506 1657 2584 1716 ab
2625 1655 3008 1717 antecedente
3048 1654 3146 1714 illa
3183 1669 3363 1731 quam
3403 1653 3525 1713 dixi

612 1731 1003 1795 sollicitudine
1063 1732 1149 1794 sic
1206 1732 1291 1793 fui
1344 1734 1653 1806 liberatus,
1716 1744 1779 1795 vt
1836 1733 1984 1795 aliae
2036 1732 2336 1812 grauiores
2373 1733 2636 1795 animum
2675 1752 2876 1796 meum
2913 1735 3284 1796 incesserent.
3365 1735 3523 1795 Tum

610 1818 753 1874 vero
790 1811 1127 1889 indignatus
1166 1818 1353 1891 prope
1394 1813 1657 1892 ingratae
1696 1813 1917 1891 patriae
1946 1813 2322 1893 renunciaui,
2355 1816 2411 1875 &
2447 1815 2707 1876 animum
2747 1815 2936 1876 abieci
2964 1813 3310 1876 reuisendae
3339 1811 3522 1888 illius,
3565 1823 3574 1834 ”

610 1910 763 1970 quae
800 1893 997 1952 bonos
1037 1893 1344 1972 exederet,
1394 1895 1451 1953 δι
1490 1894 1621 1954 sinu
1661 1895 1888 1955 foueret
1926 1896 2134 1956 malos.
2217 1895 2402 1955 Statui
2441 1913 2578 1956 cum
2617 1895 2817 1957 animo
2858 1914 2996 1957 meo
3034 1892 3407 1973 prospicere,
3447 1911 3523 1953 ne

612 1971 785 2033 matri
824 1973 1107 2035 molestus
1148 1991 1337 2035 essem
1350 2019 1366 2052 ,
1406 1973 1647 2051 quando
1689 1974 1912 2052 optime
1951 1984 2130 2052 atque
2171 1994 2243 2036 ex
2282 1973 2526 2036 veritate
2565 1975 3008 2053 perpendebam
3047 1983 3332 2052 quantum
3372 1991 3524 2033 onus

613 2051 831 2112 afflicta
882 2062 1071 2113 mater
1108 2051 1171 2113 ιιι
1210 2072 1274 2114 se
1313 2053 1628 2133 reciperet,
1670 2056 1727 2115 δι
1764 2057 1941 2146 quam
1980 2055 2200 2115 multos
2239 2065 2506 2132 sumptus
2547 2057 2770 2115 factura
2809 2064 2982 2116 esset.
3061 2057 3268 2144 Itaque
3305 2054 3523 2130 pedem

613 2133 897 2193 Geneuae
954 2131 1087 2206 fixi,
1149 2142 1399 2194 matrem
1456 2133 1663 2214 rogaui
1722 2133 1901 2195 literis
1960 2154 2037 2196 ne
2099 2135 2177 2194 de
2235 2153 2332 2195 me
2388 2136 2718 2215 laboraret,
2775 2133 3201 2211 ducendaeque
3238 2131 3526 2193 iuuentuti

617 2231 864 2304 operam
922 2211 1105 2273 malui
1163 2212 1435 2306 priuatim
1495 2214 1667 2292 dare,
1721 2218 1903 2291 quam
1941 2216 1980 2273 a
2017 2216 2156 2276 loco
2197 2217 2253 2275 δι
2294 2216 2372 2276 ab
2412 2181 2718 2292 incoeptis
2739 2214 2946 2278 studiis
2987 2214 3308 2275 discedere.
3389 2215 3524 2272 Hac

617 2289 974 2355 condicione
1014 2293 1175 2370 apud
1214 2293 1405 2354 virum
1440 2293 1655 2372 pietate
1694 2296 1751 2355 δι
1790 2293 2066 2356 doctrina
2097 2304 2495 2372 praestantem
2525 2298 2606 2355 D.
2637 2294 3012 2356 Ludouicum
3049 2295 3321 2354 Enocum
3355 2291 3524 2352 Mini-

614 2383 800 2433 strum
832 2370 999 2435 verbi
1030 2373 1433 2434 fidelissimum
1462 2374 1540 2434 ad
1570 2393 1799 2435 menses
1831 2372 2040 2454 viginti
2072 2374 2224 2435 duos
2253 2374 2545 2455 habitaui,
2579 2374 2815 2454 Latine,
2851 2377 3110 2451 Graece,
3149 2375 3204 2434 &
3227 2371 3524 2433 Hebraice

615 2455 973 2545 plerumque
1019 2453 1243 2515 doeens
1282 2454 1489 2516 diebus
1528 2454 1795 2534 singulis,
1836 2458 1893 2515 &
1932 2473 2030 2516 me
2067 2454 2130 2515 ιιι
2171 2455 2365 2517 studio
2406 2472 2704 2517 sacrarum
2743 2420 3040 2517 literarum
3078 2455 3525 2532 linguarumque

617 2535 853 2596 exercui
914 2532 1217 2613 diligentia
1276 2538 1455 2610 quam
1494 2534 1658 2612 potui
1698 2533 1969 2597 maxima.
2051 2534 2287 2612 Agebat
2325 2546 2452 2597 turn
2490 2535 2552 2597 in
2589 2534 2798 2597 iisdem
2841 2535 3088 2596 aedibus
3126 2550 3363 2595 mecum
3403 2535 3526 2593 Ste-

614 2617 843 2693 phanus
904 2614 1182 2676 Grossius
1246 2614 1638 2693 Geneuensis,
1678 2614 2040 2676 iuuentutem
2081 2616 2338 2691 docens,
2377 2616 2618 2693 quicum
2657 2614 2804 2676 mihi
2839 2615 3183 2676 suauissima
3221 2623 3348 2674 erat
3387 2632 3527 2674 con-

616 2696 894 2771 suetudo,
952 2705 1081 2755 tum
1133 2704 1374 2772 propter
1410 2694 1686 2785 pietatem
1726 2696 1785 2754 δι
1821 2695 2256 2771 simplicitatem
2294 2696 2506 2755 adulor
2543 2694 2761 2788 ingenii
2776 2742 2793 2773 ,
2832 2706 2958 2756 tum
2997 2704 3240 2773 propter
3277 2692 3525 2754 incredi-

616 2775 796 2835 dilem
856 2778 913 2836 δι
952 2772 1363 2835 indelassatam
1404 2772 1528 2835 eius
1568 2773 1625 2835 in
1668 2774 1873 2836 studiis
1912 2774 2296 2869 diligentiam.
2377 2774 2627 2835 Memini
2663 2784 2788 2836 tum
2828 2774 2982 2836 inter
3019 2794 3130 2835 nos
3171 2772 3426 2853 pacisci,
3463 2784 3528 2833 vt

617 2858 829 2915 Museo
870 2853 1173 2916 communi
1212 2854 1288 2915 de
1320 2864 1497 2915 nocte
1530 2862 1825 2916 vteremur
1858 2855 2124 2916 alternis:
2166 2854 2265 2916 ille
2299 2856 2337 2913 a
2365 2873 2612 2931 vespera
2639 2856 2718 2915 ad
2746 2855 3004 2916 mediam
3037 2872 3222 2945 vsque
3257 2864 3524 2927 noctem,

618 2945 719 2994 aut
776 2936 985 2995 horam
1036 2933 1289 3011 primam
1326 2932 1595 3012 proxime
1633 2945 1976 3012 sequentem
2019 2934 2264 3027 peruigil
2305 2944 2460 2995 esset
2495 2934 2558 2995 in
2597 2934 2832 3014 studiis,
2871 2954 2986 3014 ego
3024 2940 3168 2996 vero
3204 2932 3292 2993 illi
3331 2932 3526 2993 cubile

618 3014 875 3093 petituro
915 3014 994 3074 ad
1035 3012 1230 3073 studia
1271 3032 1404 3074 mea
1442 3008 1849 3094 succederem,
1892 3032 2078 3092 quum
2117 3014 2262 3076 mihi
2292 3014 2567 3092 lampada
2595 2981 2950 3077 tradidisset.
3009 3015 3084 3075 Id
3115 3032 3226 3075 nos
3259 3012 3529 3073 familiari

623 3112 900 3155 sermone
938 3102 1145 3153 nostro
1188 3093 1502 3155 Castorem
1533 3097 1589 3156 &
1628 3096 1933 3156 Pollucem
1978 3114 2154 3173 agere
2194 3094 2554 3156 dicebamus.
2635 3098 2704 3155 In
2745 3096 2858 3155 hac
2898 3093 3296 3156 conuentione
3329 3103 3530 3153 nostra

616 3182 951 3234 constanter
988 3172 1525 3250 perseuerauimus,
1565 3176 1761 3236 donec
1798 3177 2004 3252 hyems
2041 3174 2141 3248 illa
2177 3174 2520 3268 grauissima
2554 3174 2902 3267 smper-uenit
2915 3218 2938 3253 ,
2965 3193 3124 3253 quae
3142 3172 3530 3234 cessationem

616 3254 693 3313 ab
738 3252 850 3313 illis
872 3251 1205 3344 peruigiliis
1238 3251 1569 3331 imperauit.
1624 3256 2024 3333 Quamquam
2031 3266 2136 3315 me
2161 3252 2374 3315 iniuria
2405 3252 2558 3315 illius
2593 3253 2825 3333 frigoris
2856 3274 2979 3316 ιιοιι
3014 3253 3205 3333 potuit
3237 3254 3531 3313 deterrere

614 3334 691 3393 ab
750 3331 1018 3393 instituto
1073 3350 1243 3393 meo·
1228 3380 1245 3413 ,
1304 3332 1406 3410 qui
1468 3334 1546 3393 ad
1606 3344 1846 3395 noctem
1896 3334 2310 3426 intempestam
2349 3332 2594 3412 vigilans
2636 3334 2721 3395 sic
2759 3335 2964 3394 curaui
3002 3334 3263 3395 animum
3304 3334 3360 3392 δι
3399 3332 3532 3392 auxi

614 3411 849 3491 studiis,
910 3422 973 3473 vt
1034 3430 1249 3489 corpus
1310 3414 1648 3492 neglectum
1705 3425 1990 3475 vernante
2052 3417 2226 3475 coelo
2285 3414 2346 3473 in
2387 3417 2572 3475 multa
2611 3414 2992 3475 incommoda
3030 3412 3318 3476 inciderit.
3398 3414 3530 3491 Ego

614 3492 976 3553 iuuentutem
1036 3494 1310 3570 exemplo
1368 3512 1505 3554 meo
1565 3496 1833 3556 laborem
1874 3494 2079 3556 doceri
2116 3493 2328 3572 velim,
2371 3494 2421 3554 si
2461 3493 2624 3570 cupit
2663 3495 2918 3555 fructum
2955 3512 3160 3556 verum
3198 3491 3381 3553 illius:
3425 3492 3531 3553 sed

611 3569 1054 3663 improbitatem
1084 3571 1303 3633 laboris
1344 3572 1645 3650 improbo:
1690 3594 1763 3635 ex
1795 3592 1914 3651 qua
1946 3573 2185 3651 corpori
2217 3593 2355 3635 ιιιεο
2387 3578 2664 3648 καχεξία,
2698 3573 2898 3635 animo
2933 3581 3210 3635 cvvtovloe
3237 3573 3529 3650 quaedam

612 3650 691 3711 a'd
732 3652 967 3713 labores
1006 3651 1347 3729 ingenerata
1387 3663 1510 3731 est,
1550 3654 1676 3715 aliis
1716 3673 1991 3733 morosa,
2033 3656 2089 3715 δι
2129 3653 2273 3715 ιιιιιιι
2310 3652 2422 3731 ipsi
2437 3698 2453 3731 ,
2493 3654 2959 3746 quotiescunque
2997 3654 3072 3713 ad
3113 3672 3207 3713 me
3248 3652 3498 3731 respicio
3513 3698 3530 3732 ,

616 3730 1042 3792 molestissima.
1126 3732 1247 3793 Sed
1306 3732 1457 3793 adeo
1520 3736 1556 3793 a
1614 3733 1831 3795 teneris
1888 3750 2226 3795 assuescere
2287 3735 2534 3794 multum
2596 3744 2712 3810 est,
2770 3734 2894 3796 imo
2955 3739 3096 3795 vero
3137 3731 3282 3793 mihi
3319 3742 3530 3793 totum.

612 3811 853 3872 Accidit
912 3823 1111 3872 autem
1172 3814 1283 3872 sub
1344 3812 1489 3873 illud
1549 3822 1819 3893 tempus,
1880 3824 1945 3873 vt
2008 3814 2512 3891 Gymnasiarchus
2572 3813 2942 3875 Geneuensis
3003 3812 3241 3875 scholae
3301 3812 3378 3872 de
3413 3811 3535 3871 vita

612 3892 944 3953 decederet.
1023 3890 1183 3952 Huic
1242 3908 1425 3968 quum
1486 3894 1628 3954 alter
1688 3896 1966 3955 suffectus
2007 3904 2160 3954 esset
2197 3892 2300 3970 qui
2338 3892 2400 3952 in
2439 3894 2806 3955 Nosocomio
2847 3892 3184 3954 Geneuensi
3224 3892 3535 3952 defunctus

610 3981 735 4031 erat
796 3970 1121 4033 ministerio
1137 4017 1154 4046 ,
1212 3972 1540 4033 honorifice
1600 3992 1705 4051 per
1758 3976 1836 4033 D.
1878 3974 2154 4034 Enocum
2194 3972 2489 4050 hospitem
2530 3990 2728 4033 meum
2769 3972 2867 4053 agi
2907 3990 3141 4033 mecum
3181 3970 3434 4032 Ministri
3478 3974 3532 4030 δι

612 4050 861 4126 Synedri
919 4050 1219 4113 Ecclesiae
1278 4063 1663 4132 curauerunt,
1718 4064 1781 4113 vt
1821 4053 2022 4114 habita
2059 4051 2382 4130 praesentis
2424 4052 2780 4114 difficultatis
2820 4052 3079 4130 ratione,
3110 4051 3171 4111 in
3213 4050 3536 4112 ministerio

614 4130 717 4190 illo
790 4131 1137 4207 Nosocomij
1213 4132 1591 4193 succederem
1650 4134 1727 4193 ad
1786 4132 2039 4211 spatium
2101 4152 2202 4194 sex
2262 4132 2735 4210 hebdomadum,
2809 4133 3006 4193 donec
3063 4132 3142 4192 de
3203 4143 3368 4192 certo
3426 4131 3532 4191 ho-

617 4209 777 4270 mine
837 4212 1158 4273 commode
1215 4224 1595 4291 prospectum
1654 4224 1823 4275 esset.
1905 4213 2020 4292 Egi
2078 4212 2292 4291 gratias
2351 4229 2463 4290 pro
2523 4230 2598 4272 eo
2637 4215 2866 4273 honore
2899 4215 2954 4273 δι
2983 4210 3202 4272 iudicio
3237 4210 3534 4289 ipsorum,

622 4302 891 4353 causatus
965 4291 1292 4353 institutum
1365 4293 1693 4354 studiorum
1772 4312 2042 4354 meorum
2102 4310 2335 4353 cursum
2352 4337 2374 4383 2
2441 4308 2618 4366 quem
2678 4295 2814 4352 ante
2874 4310 3153 4369 cuperem
3211 4292 3538 4353 absoluere.

625 4370 751 4431 Etsi
809 4389 1014 4433 reuera
1078 4373 1261 4432 altera
1320 4390 1498 4433 causa
1560 4375 1823 4435 suberat.
1904 4372 1966 4433 id
2026 4372 2182 4433 enim
2241 4370 2610 4451 cogitabam,
2691 4390 2814 4432 non
2856 4373 3038 4433 modo
3099 4370 3322 4433 aditum
3337 4417 3353 4449 ,
3431 4370 3538 4430 sed

3345 4448 3540 4529 potius
