3923 4875
619 361 731 427 266
1547 375 1880 428 'rnssts
1939 377 2597 428 Tntotootcat.

697 563 793 618 40.
876 544 960 602 vt
1019 552 1218 602 autem
1279 540 1534 604 sciamus
1575 543 1718 620 quid
1761 544 2171 620 Sacramenta,
2212 561 2297 604 sc.
2338 542 2673 621 Baptismus
2710 547 2767 605 δι
2812 543 3187 604 Eucharistia
3222 563 3544 608 commune

615 625 875 684 habeant
936 639 1076 682 cum
1136 622 1451 698 veteribus,
1513 625 1659 700 quid
1720 622 2097 701 particulare,
2156 625 2533 683 obseruanda
2572 633 2663 684 est
2702 624 3009 701 praedicta
3050 625 3353 687 distinctio
3370 673 3386 701 ,
3426 628 3545 704 qua

617 714 884 764 veterum
925 704 1304 762 Sacramenta
1343 702 1402 762 in
1445 702 1833 780 significatiua
1855 705 2083 764 tantum
2099 749 2115 776 ,
2138 706 2191 764 δι
2216 703 2589 781 obsignatiua
2610 721 2749 764 cum
2772 703 3203 782 significatione
3226 706 3547 766 diuisimus.

618 785 771 844 Nam
815 781 1014 861 priora
1054 782 1154 843 illa
1196 781 1420 842 scilicet
1461 782 1746 843 sacrificia
1785 785 1924 842 cum
1957 787 2202 842 salutem
2224 802 2347 842 non
2374 783 2763 860 contulerint,
2802 785 2909 843 sed
2928 787 3155 844 tantum
3176 787 3545 847 Saluatorem

617 863 1028 940 promiserint,
1084 865 1137 923 δι
1190 863 1444 924 futuram
1498 861 1718 923 Christi
1758 863 2223 922 incarnationem
2266 864 2673 942 figurauerint,
2717 865 2880 924 nullo
2924 865 3109 924 modo
3150 883 3289 926 cum
3330 867 3543 927 nostris

619 943 948 1003 conuenire
988 944 1376 1014 affirmamus,
1417 942 1526 1002 sed
1565 941 1712 1002 duas
1752 945 2032 1004 aduersas
2078 943 2437 1003 constituere
2476 943 2721 1021 species.

695 1043 793 1095 41.
875 1026 964 1082 Ita
1003 1033 1202 1082 tamen
1243 1041 1382 1082 cum
1423 1022 1636 1082 nostris
1681 1022 1916 1082 vinculo
1958 1022 2199 1083 rationis
2244 1023 2550 1103 vniuntur,
2584 1035 2645 1083 vt
2664 1023 2789 1084 istis
2808 1023 3015 1101 positis
3036 1023 3385 1085 necessitate
3404 1045 3545 1101 qua-

615 1103 756 1163 dam
799 1113 1000 1163 nostra
1039 1113 1382 1179 sequantur,
1423 1115 1711 1180 quatenus
1751 1101 1848 1162 illa
1889 1105 2125 1163 fuerunt
2166 1107 2442 1181 vmbrae,
2482 1114 2683 1164 nostra
2718 1115 2854 1164 sunt
2875 1123 3155 1182 corpora:
3180 1105 3281 1164 illa
3300 1107 3547 1182 figurae,

615 1194 818 1243 nostra
877 1183 1154 1260 figurata3
1217 1180 1316 1242 illa
1371 1193 1681 1242 venturum
1734 1183 2035 1243 Christum
2090 1182 2464 1261 indicabunt,
2504 1195 2706 1244 nostra
2744 1183 2859 1242 iam
2900 1183 2960 1244 in
3002 1203 3181 1244 carne
3220 1185 3545 1246 exhibitum

613 1263 1054 1324 demonstrant:
1110 1264 1166 1323 δι
1209 1273 1270 1322 vt
1313 1263 1504 1340 probe
1547 1261 1908 1342 Augustinus
1947 1273 2157 1322 contra
2198 1265 2507 1338 Faustum,
2550 1265 2646 1323 lib.
2698 1283 2786 1340 ¹9·
2830 1274 2960 1343 cap.
3008 1281 3099 1338 14.
3160 1266 3267 1325 Illa
3310 1267 3545 1325 suerunt

617 1341 1036 1420 promissiones
1078 1342 1604 1421 complendarum,
1645 1345 1793 1403 haec
1833 1353 1971 1402 sunt
2010 1341 2227 1403 indicia
2268 1344 2718 1420 completarum.

695 1443 793 1496 42·
875 1421 1266 1501 Obsignatiua
1307 1424 1447 1482 vero
1489 1422 1570 1482 ita
1606 1441 1744 1483 cum
1785 1423 2003 1483 nostris
2048 1421 2372 1482 conuenire
2406 1422 2746 1500 asserimus,
2790 1433 2851 1483 vt
2884 1423 2940 1482 in
2976 1423 3301 1484 substantia
3334 1425 3543 1485 eadem

611 1500 726 1562 sint
741 1547 758 1578 ,
819 1498 879 1561 in
942 1501 1397 1562 circumstantiis
1456 1501 1706 1563 diuersa.
1771 1503 1926 1562 Nam
1990 1503 2193 1579 quoad
2244 1501 2631 1562 substantiam
2647 1549 2665 1580 ,
2718 1502 2926 1564 eadem
2981 1502 3091 1564 illis
3151 1507 3355 1564 oblata
3414 1517 3541 1566 erat

611 1581 798 1660 gratia
815 1625 832 1660 ,
895 1583 1154 1641 eundem
1221 1579 1421 1642 cibum
1483 1582 1845 1660 spiritualem
1899 1581 2323 1660 comederunt,
2372 1583 2629 1642 eundem
2684 1584 3013 1643 habuerunt
3052 1583 3334 1661 Spiritum
3376 1583 3545 1660 fidei,

615 1662 864 1721 eandem
905 1659 1088 1722 vitam
1127 1663 1478 1739 sperabant,
1524 1664 1580 1722 &
1619 1663 1699 1724 ad
1739 1664 1995 1722 eundem
2038 1663 2271 1722 Patrem
2310 1661 2664 1740 aspirabant.
2718 1665 2788 1722 In
2830 1661 3009 1742 signis
3025 1707 3040 1736 ,
3084 1663 3275 1741 inquit
3316 1667 3543 1742 Augus-

619 1741 808 1817 tinus,
849 1741 1080 1801 diuersa
1117 1743 1382 1816 fuerunt,
1423 1740 1484 1802 in
1523 1744 1699 1806 rebus
1739 1758 1894 1818 quae
1935 1741 2418 1820 significabantur
2458 1741 2638 1820 paria.
2676 1751 2850 1802 tract.
2894 1744 2987 1802 26.
3028 1745 3089 1802 in
3130 1744 3305 1804 Ioan.

695 1841 790 1898 43.
871 1821 1090 1896 Quoad
1130 1823 1582 1882 circunstantias
1622 1821 1901 1882 differunt
1941 1833 2167 1899 septem
2210 1821 2423 1882 modis.
2474 1840 2522 1882 1.
2560 1823 2744 1883 modo
2764 1822 3246 1884 communicandi
3266 1823 3545 1901 gratiam,

621 1899 850 1960 scilicet
887 1901 1076 1978 signo.
1123 1921 1176 1959 2.
1217 1918 1486 1962 numero,
1528 1922 1584 1979 3.
1623 1902 1910 1962 claritate.
1951 1921 2008 1976 4.
2050 1900 2416 1961 executionis
2457 1901 2750 1962 facilitate.
2788 1919 2845 1980 5.
2886 1903 3249 1964 extensione.
3292 1905 3349 1963 6.
3370 1903 3541 1963 dura-

621 1979 804 2040 tione.
869 1997 920 2056 7.
963 1978 1290 2057 quantitate
1332 1980 1553 2053 effecti,
1609 1993 1899 2060 quatenus
1953 1993 2157 2042 nostra
2191 1981 2475 2041 maiorem
2513 1979 2738 2059 gratiae
2778 1982 3167 2061 quantitatem
3210 1984 3543 2043 conferunt.

623 2060 784 2119 Male
837 2069 1034 2121 autem
1074 2059 1442 2138 distinguunt
1479 2060 1803 2138 Pontificij,
1845 2060 1989 2121 dum
2030 2061 2239 2121 dicunt
2278 2059 2377 2120 illa
2416 2061 2736 2122 contulisse
2776 2061 3023 2140 gratiam
3068 2081 3143 2124 ex
3180 2081 3365 2140 opera
3404 2081 3541 2140 ope-

617 2139 798 2198 rantis
815 2185 832 2216 ,
893 2140 1041 2200 haec
1093 2161 1166 2200 ex
1217 2159 1397 2218 opere
1451 2150 1730 2219 operato:
1781 2141 1880 2202 illa
1919 2141 2340 2219 promissiones
2382 2143 2739 2219 temporales
2780 2141 3057 2202 habuisse
3096 2145 3321 2203 tantum
3337 2187 3357 2221 ,
3396 2143 3543 2203 haec

615 2219 969 2298 spirituales:
1021 2219 1120 2280 illa
1173 2219 1512 2280 seruitutem
1554 2241 1895 2299 generasse,
1937 2223 2088 2281 haec
2126 2221 2491 2292 libertatemr,
2534 2219 2633 2280 illa
2672 2233 2927 2283 veterem
2970 2221 3275 2284 hominem
3318 2225 3545 2282 tantum

613 2309 942 2376 spectasse,
984 2301 1131 2361 haec
1171 2317 1488 2361 renouare:
1530 2301 1630 2361 illa
1669 2301 2041 2362 sanctitatem
2081 2303 2329 2378 legalem
2372 2319 2680 2378 operasse,
2724 2303 2870 2362 haec
2910 2301 3297 2380 spiritualem.

694 2400 793 2454 44.
876 2380 1095 2457 Qouad
1159 2391 1422 2441 veterum
1481 2381 1795 2459 sacrificia,
1837 2382 2191 2443 confitemur
2231 2381 2329 2442 illa
2371 2379 2585 2443 nostris
2625 2381 3006 2444 sacramentis
3046 2383 3229 2463 longe
3268 2381 3547 2447 inferiora

611 2478 772 2535 esse,
811 2459 936 2521 imo
979 2480 1052 2521 ne
1093 2480 1316 2521 nomen
1361 2462 1602 2538 quidem
1645 2464 1858 2523 nostris
1899 2472 2240 2539 competere
2258 2505 2277 2539 ,
2316 2464 2454 2521 cum
2494 2462 2554 2521 in
2597 2460 2897 2523 sacrificiis
2938 2474 3141 2523 nostra
3174 2464 3307 2524 Deo
3348 2466 3539 2526 offeri-

613 2558 742 2600 mus
758 2586 776 2616 ,
837 2540 896 2599 in
957 2540 1338 2601 sacramentis
1391 2543 1552 2602 Deus
1605 2544 1779 2604 nobis
1820 2543 2084 2618 consert3
2130 2540 2239 2601 nisi
2280 2559 2391 2619 pro
2435 2542 2670 2602 diuersa
2708 2542 2963 2622 partium
3006 2543 3535 2605 Sacramentalium

611 2618 1088 2681 consideratione
1139 2620 1339 2681 dicere
1381 2620 1629 2683 velimus
1669 2625 1868 2683 Deum
1904 2622 1960 2681 in
2006 2640 2259 2699 persona
2298 2621 2546 2682 ministri
2594 2626 2839 2692 ἱλαςικά
2875 2623 3052 2684 nobis
3092 2624 3386 2701 tribuere3
3428 2644 3537 2686 nos

607 2702 820 2761 contra
859 2720 970 2779 pro
1011 2700 1314 2761 beneficiis
1351 2702 1486 2762 Deo
1532 2702 1892 2783 εὔχαριςικά
1933 2704 2167 2762 referre.

692 2796 787 2859 45.
872 2781 1026 2841 Cum
1087 2780 1205 2841 iam
1261 2780 1577 2841 viderimus
1627 2781 2099 2842 conuenientiam
2151 2781 2304 2841 inter
2358 2780 2588 2841 Veteris
2640 2780 3004 2843 Testamenti
3043 2786 3100 2843 &
3139 2784 3300 2844 Noui
3340 2786 3539 2845 Sacra-

611 2872 833 3000 tgenta,
899 2870 1078 2921 restat
1137 2871 1202 2920 vt
1261 2859 1717 2940 discrepantiam
1779 2860 1932 2921 inter
1994 2872 2195 2921 nostra
2249 2861 2304 2919 81
2360 2860 2804 2921 Pontificiorum
2858 2862 3241 2924 Sacramenta
3280 2866 3540 2926 breuiter

663 2940 1005 3001 elineemus.

687 3023 784 3093 46.
866 3019 1196 3081 Asserimus
1257 3020 1435 3100 igitur
1483 3039 1732 3083 numero
1786 3020 1909 3081 duo
1960 3020 2187 3081 tantum
2230 3039 2357 3081 esse
2398 3020 2577 3081 totius
2616 3022 2919 3084 Ecclesiae
2958 3024 3070 3083 sub
3112 3025 3291 3084 Nouo
3333 3026 3536 3085 Testa·

607 3110 806 3159 mento
848 3102 1259 3178 Sacramenta,
1301 3118 1454 3179 quae
1499 3111 1558 3161 vt
1598 3120 1738 3162 vera
1778 3103 1834 3162 δι
1874 3099 2135 3179 legitima
2176 3100 2294 3160 sint
2333 3100 2637 3177 requirunt
2676 3100 2895 3163 Christi
2938 3101 3396 3181 institutionem,
3418 3116 3541 3163 tan-

607 3196 788 3255 quam
832 3184 1096 3259 regulam
1134 3180 1536 3241 formatricem
1581 3180 1691 3241 toti
1731 3180 2035 3241 Ecclesiae
2080 3180 2505 3259 praescriptam
2546 3181 2606 3240 in
2647 3182 3194 3243 communicatione
3232 3182 3454 3262 gratiae
3482 3186 3537 3244 δι

606 3259 909 3338 Euangelij
952 3259 1132 3321 totius
1173 3260 1537 3339 obligatione
1579 3262 1634 3319 ὅτ
1671 3260 2069 3337 applicatione
2110 3260 2350 3338 publica
2388 3260 2449 3320 in
2483 3261 2715 3339 singula
2736 3264 3005 3323 membra
3024 3262 3223 3341 ipsius·
3266 3266 3345 3325 Et
3364 3282 3537 3342 prop·

609 3350 769 3399 terea
811 3342 948 3399 cum
991 3340 1050 3399 in
1090 3340 1308 3401 nostris
1344 3342 1574 3400 tantum
1615 3342 2011 3401 Sacramentis
2029 3384 2048 3417 ,
2088 3339 2311 3401 seilicet
2350 3340 2655 3418 Baptismo
2694 3342 2751 3399 δι
2790 3342 3185 3421 Eucharistia,
3228 3343 3375 3404 haec
3407 3347 3534 3421 re(s.

616 3436 682 3495 17
689 3420 1121 3497 32)periantur,
1180 3439 1304 3481 non
1359 3420 1652 3481 immerito
1709 3419 2006 3480 reiicimus
2062 3420 2457 3512 septenarium
2497 3436 2809 3481 numerum
2848 3421 3327 3501 Pontificiorum,
3368 3424 3534 3483 cuius

609 3498 861 3577 primum
925 3499 1251 3561 substantia
1303 3500 1584 3560 conuenit
1645 3518 1781 3560 cum
1839 3500 2079 3578 nostriS,
2120 3501 2375 3578 1de0que
2415 3518 2537 3560 non
2579 3500 2883 3579 iteramus,
2926 3502 3253 3563 secundum
3293 3504 3535 3563 nomine

607 3581 864 3655 tantum,
905 3578 1162 3657 ideoque
1202 3578 1631 3657 improbamus:
1674 3580 1855 3640 ambo
1897 3597 2147 3640 numero
2192 3580 2594 3657 consentiunt,
2636 3578 2699 3641 in
2740 3588 2929 3659 eoque
2970 3600 3091 3642 non
3126 3582 3529 3643 dissentimus:

605 3658 712 3719 sed
774 3658 1000 3737 reliqua
1055 3658 1346 3737 quinque,
1387 3671 1594 3739 vtpote
1637 3678 1711 3721 ex
1752 3661 2016 3720 humano
2058 3662 2305 3721 cerebro
2346 3660 2627 3738 decerpta
2642 3704 2659 3738 ,
2703 3661 3005 3722 Ecclesiae
3044 3660 3253 3722 iniuria
3293 3662 3533 3724 obtrudi

607 3757 718 3817 pro
762 3739 1154 3801 Sacramentis
1193 3740 1572 3800 affirmamus

688 3836 784 3895 47.
867 3822 1022 3880 Nam
1067 3820 1258 3897 primo
1299 3820 1444 3880 nulli
1485 3838 1692 3881 eorum
1733 3820 2019 3897 competit
2060 3830 2185 3879 tota
2228 3818 2491 3880 definitio
2534 3819 2916 3882 Sacramenti.
2969 3822 3125 3882 Dein
3168 3821 3533 3913 poenitentia

605 3917 728 3958 non
791 3900 972 3960 habet
1035 3898 1269 3978 signum
1321 3900 1565 3960 visibile.
1624 3900 1684 3961 Si
1725 3898 1882 3960 enim
1926 3902 2089 3960 solus
2128 3898 2361 3959 auditus
2402 3912 2601 3977 posset
2642 3900 2911 3961 sufficere
2951 3902 3028 3961 ad
3068 3920 3354 3961 malorem
3394 3902 3533 3961 fidei

601 3978 1110 4041 confirmationem
1131 4026 1148 4055 ,
1191 3978 1396 4056 quidni
1433 3980 1607 4041 etiam
1649 3980 1864 4041 concio
1907 3980 2355 4040 Sacramentum
2396 3978 2539 4040 erit?
2580 3978 2701 4041 imo
2722 3980 2968 4040 deberet
2988 3981 3183 4059 potius
3205 3999 3369 4057 esse,
3392 3983 3527 4041 cum

597 4058 810 4119 clarius
867 4058 942 4121 sit
983 4062 1149 4137 quod
1193 4059 1460 4137 pluribus
1503 4060 1698 4121 verbis
1739 4058 2091 4137 explicatur,
2142 4062 2321 4137 quam
2364 4061 2499 4119 cum
2542 4059 2782 4136 dicitur,
2826 4060 2962 4135 Ego
3004 4070 3057 4122 te
3098 4062 3371 4133 absoluo,
3412 4064 3523 4122 &a

679 4142 776 4211 48.
859 4140 1134 4217 Denique
1173 4138 1232 4198 in
1275 4140 1746 4201 Confirmatione
1787 4140 2157 4201 desideratur
2204 4142 2453 4199 verbum
2496 4140 2789 4215 mandati,
2822 4142 2875 4200 δι
2908 4139 3314 4218 promissionis
3338 4142 3532 4201 Euan·

595 4218 838 4295 gelicae.
897 4222 963 4279 In
1007 4230 1270 4279 extrema
1315 4220 1594 4281 vnctione
1637 4219 1954 4299 promissio
1999 4219 2223 4295 (nobis)
2264 4220 2440 4280 facta.
2482 4222 2549 4280 In
2592 4220 2917 4281 Ordinibus
2958 4220 3387 4281 Ecclesiasticis
3418 4221 3531 4298 sig-

597 4314 738 4357 num
779 4302 814 4357 a
859 4300 1100 4359 Christo
1143 4299 1475 4360 institutum
1519 4305 1574 4361 ἃ
1620 4300 1940 4379 promissio
1984 4300 2365 4377 Euangelica.
2408 4303 2475 4359 In
2519 4298 2900 4361 matrimonio
2942 4304 3189 4361 verbum
3230 4312 3357 4361 tum
3396 4320 3528 4377 pro-

601 4375 926 4457 missionis,
985 4390 1108 4439 tum
1157 4378 1564 4441 institutionis.
1629 4383 1766 4441 Non
1819 4381 1976 4440 enim
2017 4380 2260 4458 quat-uis
2298 4382 2583 4458 parabola
2622 4385 2677 4441 δι
2718 4380 3039 4441 similitudo
3078 4382 3527 4519 ὃαοηηέςηωω

3342 4470 3529 4524 :cetur
