3923 4875
1354 381 1677 426 ‘russas
1738 381 2410 426 Tueonoomaz.
3223 382 3330 439 117

404 545 836 607 asseueratione
874 544 1131 622 pendere
1171 554 1448 604 statuunt.
1488 543 1671 620 Quod
1714 543 1931 619 dogma
1977 552 2037 602 vt
2075 540 2473 618 superioribus
2515 538 2841 601 rationibus
2882 543 3129 602 abunde
3174 544 3324 602 refu-

403 639 591 686 tatum
622 637 737 705 est,
776 624 859 685 ita
901 625 1215 684 vanitatem
1254 625 1379 684 eius
1419 622 1725 702 sequentia
1763 632 2108 700 argumenta
2151 619 2336 698 magis
2375 621 2806 681 demonstrant.

1678 881 2050 894 n————-

496 1078 571 1134 V.
654 1075 1145 1134 DEVERBI
1206 1075 1387 1133 DEI
1448 1073 2264 1150 AVCTORITATE,
2326 1076 2382 1133 δι
2441 1072 3223 1158 PERFECTIONE.

502 1255 721 1334 Quum
790 1255 1337 1319 Sacro-sanctum
1403 1254 1539 1317 Dei
1605 1253 1885 1318 Verbum
1944 1253 2040 1314 sit
2083 1255 2446 1334 proprium
2482 1251 2720 1334 princi
2711 1252 2908 1333 pium
2955 1255 3024 1316 ὃ·
3087 1273 3321 1316 norma

404 1369 605 1412 verae
647 1350 716 1411 ὃ·
754 1345 1093 1428 perfectae
1148 1345 1209 1406 T
1202 1344 1560 1426 lecologiae,
1609 1368 1694 1408 ex
1737 1365 1863 1426 quo
1889 1363 2110 1406 omnes
2133 1343 2728 1408 demonstrationes
2743 1345 2896 1425 peti
2920 1347 2988 1408 &
3015 1343 3323 1425 depromi

402 1438 661 1514 debent,
726 1440 794 1502 ἃ
836 1437 984 1501 sine
1027 1457 1153 1518 quo
1198 1435 1463 1499 nullam
1501 1435 1677 1520 fidei
1719 1435 1994 1517 dogma,
2047 1433 2302 1516 liquido
2358 1433 2642 1520 definiri
2680 1443 2902 1516 potest
2933 1458 2955 1498 .·
3006 1455 3135 1498 non
3185 1435 3318 1498 im·-

405 1531 635 1592 merito
702 1529 846 1592 eius
906 1527 1372 1590 tractationem
1421 1538 1739 1611 tanquam
1785 1525 2307 1608 fundamentum
2366 1525 2646 1590 caeteris
2679 1525 2958 1608 futuris
3003 1525 3316 1607 disputa-

411 1620 695 1684 tionibus
741 1618 1252 1686 substernimuS.

1532 1806 1855 1863 Tussis
1919 1819 2208 1861 ΡκιΜΑ.

502 2007 551 2046 1.
628 1988 899 2044 Vennum
941 1980 1057 2042 Dei
1094 1981 1468 2059 intelligimus
1510 2001 1629 2039 non
1669 1981 1941 2040 Verbum
1983 1987 2286 2038 aeternum
2331 1978 2542 2037 Filium
2582 1979 2808 2038 aeterni
2849 1978 3066 2054 PatriS,
3107 1997 3324 2056 nempe

416 2071 582 2144 λόγον
624 2067 1009 2141 ὕφιςάμενον,
1051 2062 1155 2122 sed
1188 2063 1455 2121 Verbum
1497 2072 1803 2120 externum
1843 2061 1879 2118 a
1918 2061 2054 2118 Deo
2094 2058 2346 2135 sanctiS,
2387 2062 2443 2117 &
2483 2058 2659 2117 certis
2703 2057 3042 2118 hominibus
3083 2057 3326 2134 inspira·

416 2156 573 2223 tum3
634 2144 828 2204 Hebr.
897 2161 942 2199 ι.
995 2163 1043 2202 1.
1089 2163 1142 2200 2.
1215 2143 1360 2200 Tim.
1414 2143 1608 2216 3.-16.
1664 2161 1718 2199 2.
1766 2141 1890 2198 Pet.
1943 2159 1993 2198 1.
2037 2159 2128 2198 21.
2169 2141 2224 2198 δι
2266 2157 2372 2214 per
2411 2138 2656 2197 eosdem
2699 2137 2758 2196 in
2801 2138 2963 2198 libris
3006 2138 3326 2198 canonicis

413 2223 647 2283 Veteris
687 2224 742 2281 δε
782 2219 940 2281 Noui
980 2220 1343 2282 Testamenti
1378 2219 1810 2298 conscriptum3
1850 2229 1913 2278 vt
1954 2215 2066 2277 Dei
2098 2217 2312 2277 veritas
2353 2217 2430 2275 ab
2474 2215 2637 2276 omni
2675 2217 2977 2277 obliuione
3013 2217 3067 2276 &
3088 2225 3327 2294 corrup-

417 2303 543 2363 telis
592 2302 1021 2374 vindicaretur,
1082 2305 1137 2362 &
1190 2300 1458 2361 Ecclesia
1512 2301 1769 2377 perfecte
1810 2297 2208 2358 institueretur
2247 2317 2318 2356 ac
2356 2298 2805 2356 confirmaretur
2845 2296 2904 2355 in
2944 2296 3221 2357 omnibus
3262 2297 3332 2357 iis

416 2400 672 2460 quorum
714 2379 976 2460 cognitio
1018 2385 1075 2443 δι
1114 2382 1261 2441 fides
1300 2381 1380 2441 ad
1420 2381 1666 2440 salutem
1705 2387 2002 2440 aeternam
2043 2388 2133 2437 est
2170 2375 2516 2437 necessaria.
2559 2395 2590 2433 2
2631 2378 2803 2435 Petri
2839 2396 2896 2454 3.
2929 2397 2981 2434 2.
3021 2377 3210 2439 Proa.
3234 2396 3334 2452 30.

417 2466 472 2522 6.
506 2465 653 2523 Luc.
702 2483 751 2521 1.
794 2484 849 2535 4.
895 2482 950 2521 2.
1003 2464 1149 2521 Tim.
1193 2482 1251 2537 3.
1299 2464 1391 2521 16.

500 2562 555 2601 2.
634 2546 778 2603 Hoc
837 2543 1102 2602 Verbum
1154 2540 1294 2618 Dei,
1353 2542 1533 2601 Sacra
1583 2537 1917 2616 Scriptura,
1960 2540 2016 2598 δι
2059 2538 2182 2596 κατ’
2217 2540 2426 2611 &Solvit
2468 2534 2769 2613 Scriptura
2807 2532 2926 2595 dici
2967 2537 3146 2609 solet,
3189 2534 3330 2594 item

418 2624 473 2683 &
538 2621 837 2699 Scriptura
896 2620 1228 2694 Canonica,
1278 2638 1399 2698 quo
1454 2618 1697 2679 nomine
1736 2638 1942 2679 omnes
1980 2619 2116 2678 illos
2159 2630 2285 2677 tum
2328 2616 2556 2676 Veteris
2596 2628 2724 2675 tum
2765 2614 2926 2675 Noui
2970 2614 3336 2675 Testamenti

418 2702 605 2762 libros
664 2702 1117 2779 complectimur
1176 2700 1279 2778 qui
1338 2700 1399 2759 in
1458 2698 1787 2759 Bibliorum
1847 2696 2149 2758 volumine
2208 2695 2622 2773 continentur,
2683 2694 2752 2771 ijs
2807 2693 3099 2772 exceptiS,
3147 2713 3334 2771 qu08,

418 2781 647 2842 etiamsi
694 2780 857 2841 libris
898 2780 1241 2858 Propheti(f.
1289 2779 1571 2854 1604.)cis
1608 2778 1953 2852 adiunctos,
1996 2788 2192 2837 tamen
2229 2776 2368 2852 quia
2407 2794 2521 2835 nec
2559 2776 2638 2835 ab
2662 2776 2859 2853 aliquo
2884 2775 3181 2851 Propheta
3200 2784 3334 2833 sunt

418 2860 651 2939 scripti,
690 2879 804 2920 nec
842 2861 1271 2938 Prophetarum
1312 2858 1513 2937 lingua
1552 2856 1726 2933 editi,
1767 2877 1881 2917 nec
1912 2856 1974 2916 in
2009 2858 2317 2917 Canonem
2354 2856 2770 2915 Hebraeorum
2790 2872 3050 2930 vnquam
3070 2852 3341 2931 admissi,

418 2960 531 3000 nec
573 2944 609 2999 a
652 2939 833 2999 veteri
874 2940 1141 3000 Ecclesia
1184 2958 1291 3018 pro
1331 2940 1544 2998 talibus
1584 2937 1796 3015 agniti,
1836 2956 1947 2997 nos
1988 2934 2374 3013 Propheticos
2415 2954 2543 2995 esse
2584 2952 2888 3011 negamus·
2933 2944 2996 2993 vt
3016 2944 3182 3012 sunt,
3203 2932 3338 2992 His·

417 3018 619 3097 torici,
658 3020 808 3080 liber
846 3019 1101 3095 Tobiae,
1145 3018 1355 3080 Oratio
1398 3017 1763 3091 Menaschis,
1802 3016 1961 3076 liber‘
1989 3015 2248 3089 Iuditae,
2278 3014 2431 3074 liber
2467 3012 2711 3089 Baruci,
2735 3014 3002 3090 Epistola
3020 3012 3339 3091 Ieremiae,

417 3101 901 3178 Supplementum
962 3099 1248 3175 DanieliS,
1299 3097 1453 3158 liber
1502 3096 1706 3157 tertius
1744 3100 1799 3157 δε
1838 3106 2080 3172 quartus
2123 3094 2381 3164 Esdrae,
2422 3094 2910 3171 Supplementum
2955 3093 3238 3154 Estherae
3278 3094 3334 3152 &

418 3182 567 3239 Tres
606 3179 742 3239 libri
779 3180 1332 3239 Macchabaeorum.
1381 3174 1763 3250 Didascalici,
1798 3176 1946 3235 liber
1976 3173 2307 3251 Sapientiae
2341 3174 2396 3231 &
2417 3171 2860 3233 Ecclesiasticus
2884 3190 2987 3232 seu
3007 3171 3341 3249 Syracides.

421 3260 594 3335 Quos
633 3278 875 3335 omnes„
915 3259 1052 3334 quia
1092 3261 1269 3319 etiam
1312 3269 1544 3335 praeter
1581 3256 1727 3315 illud
1774 3256 1939 3331 quod
1977 3253 2230 3314 diximus
2273 3255 2456 3313 multa
2496 3253 2753 3313 absurda
2793 3252 2847 3310 &
2879 3252 3201 3331 pugnantia
3226 3263 3338 3312 tra-

420 3338 599 3416 dunt,
637 3356 748 3399 nos
790 3357 901 3416 pro
940 3341 1325 3406 θεοπνεῦςοις
1366 3355 1488 3397 non
1530 3338 1848 3408 habemus,
1890 3338 1945 3395 δε
1989 3346 2268 3411 tanquam
2309 3331 2554 3409 spurios
2589 3335 2644 3392 δι
2681 3334 3080 3410 Apocryphos
3101 3333 3179 3392 ad
3202 3331 3341 3391 fidei

421 3417 703 3495 dogmata
752 3418 1063 3495 probanda
1113 3435 1236 3476 non
1276 3419 1469 3476 valere
1519 3414 1960 3475 contendimus:
2004 3414 2274 3491 quamuis
2314 3424 2513 3473 tamen
2552 3411 2668 3491 legi
2711 3431 2884 3489 posse
2923 3413 3001 3472 ad
3041 3411 3343 3472 Ecclesiae

428 3496 738 3558 vtilitatem
779 3497 1200 3559 concedamus

508 3596 567 3653 3.
646 3578 747 3637 Ad
786 3577 1043 3653 reliquos
1082 3578 1225 3635 vero
1246 3574 1589 3635 Bibliorum
1630 3573 1815 3634 libros
1854 3574 2020 3651 quod
2059 3572 2294 3633 attinet:
2336 3590 2543 3632 eorum
2577 3591 2688 3632 nos
2707 3574 2795 3649 (vt
2820 3574 2952 3631 vere
2973 3579 3343 3638 θεοπνεῡςων

432 3656 487 3715 &
528 3656 999 3728 canonicorum)
1039 3658 1277 3732 Primo,
1316 3653 1787 3731 Irrefragabilem
1830 3672 1957 3713 esse
1997 3655 2434 3729 authoritatem,
2475 3650 3002 3726 excellentiamque
3031 3649 3342 3708 sacratissi-

436 3756 617 3805 mam,
660 3738 715 3795 &
756 3739 931 3814 plane
973 3734 1233 3794 diuinam
1266 3734 1607 3811 asserimus,
1643 3734 1797 3793 adeo
1834 3744 1896 3791 vt
1917 3733 2230 3809 quicquid,
2251 3730 2870 3809 quomodocunque&
2893 3745 3246 3807 quacunque
3268 3728 3344 3787 de

432 3836 497 3875 re
542 3814 638 3875 isti
678 3815 812 3875 libri
849 3817 906 3874 &
936 3815 1319 3875 testificentur
1338 3816 1393 3873 δε
1415 3812 1812 3891 pronuncient
1828 3812 1926 3889 ,id
1951 3831 2133 3872 omne
2155 3831 2263 3888 pro
2285 3810 2618 3871 certissimo
2641 3814 2753 3871 Dei
2775 3810 2961 3869 verbo
2985 3806 3348 3869 &infallibili

434 3894 695 3955 veritate
742 3896 967 3972 absque
1019 3897 1136 3953 vlla
1192 3893 1707 3971 tergiuersatione,
1748 3898 2039 3952 errorssue
2081 3890 2415 3969 suspicione
2457 3907 2773 3967 sequamur
2810 3891 2866 3949 &
2907 3890 3346 3965 amplectamur.

514 3995 571 4048 4.
610 3974 903 4047 Secundo,
942 3976 1197 4033 Tantam
1240 3992 1366 4033 csse
1399 3973 1833 4049 perfectionem,
1874 3984 1937 4031 vt
1977 3970 2284 4049 perspicue
2305 3971 2360 4029 &
2385 3968 3098 4031 sufficientercontineant
3121 3966 3348 4043 omnia,

434 4065 561 4114 tum
602 4054 679 4113 ad
721 4054 1043 4113 saluificam
1084 4054 1297 4129 fidem,
1339 4064 1463 4111 tum
1504 4052 1580 4111 ad
1624 4052 1801 4111 vitam
1847 4053 1977 4110 Deo
2021 4052 2354 4126 placentem
2394 4050 2830 4109 informandam
2871 4045 3249 4126 pertinentia:
3282 4059 3348 4107 vt

434 4134 583 4193 citra
622 4143 893 4211 apertum
936 4133 1171 4191 illorum
1211 4130 1611 4190 testimonium
1656 4130 1801 4190 nihil
1839 4129 2274 4190 admittendum
2315 4129 2390 4188 sit
2427 4128 2490 4187 in
2529 4128 2814 4207 religione
2846 4139 3127 4204 tanquam
3149 4146 3350 4187 neces-

436 4212 686 4287 sarium,
728 4215 819 4273 vel
858 4214 935 4272 ad
978 4212 1345 4271 credendum
1386 4213 1477 4269 vel
1520 4211 1597 4270 ad
1639 4210 1991 4270 faciendum.

517 4311 573 4370 5.
654 4295 747 4352 Ac
786 4292 949 4368 prior
989 4290 1230 4369 quidem
1272 4288 1599 4367 propositio
1636 4301 1761 4350 tum
1807 4286 2143 4349 certissimis
2183 4286 2564 4363 testimoniiS‚
2602 4300 2728 4347 tum
2762 4286 3120 4366 argumentis
3145 4286 3349 4345 firmis-

440 4372 603 4433 simis
662 4374 1064 4433 confirmatur.
1121 4368 1487 4429 Testimonia
1542 4380 1679 4428 sunt
1719 4379 1821 4429 aut
1862 4368 2092 4429 interna
2130 4380 2232 4429 aut
2272 4378 2531 4429 externa.
2594 4369 2900 4429 Internum
2944 4366 3351 4456 testimonium

3184 4463 3350 4505 omni
