3923 4875
1495 323 1820 368 ‘russas
1879 323 3417 390 rnaonocrcaa.195

495 487 648 548 nitas
686 505 793 548 sua
828 485 1100 565 passione
1139 485 1266 546 sine
1305 484 1612 546 diuinitate
1651 494 1896 560 peccata
1937 483 2293 578 expiasset?
2309 485 2601 548 Diuinitas
2641 485 2883 563 quidem
2921 505 3027 564 per
3058 505 3122 548 se
3156 499 3422 567 poterat,

497 571 601 628 sed
641 567 949 658 quomodo
989 569 1154 627 Deus
1190 564 1380 626 voluit
1419 564 1745 625 secundum
1789 562 2137 655 sapientiam
2181 568 2236 626 &
2278 564 2557 626 iustitiam
2598 565 2901 644 potentiae
2942 584 3109 644 suae,
3150 587 3291 628 nam
3314 587 3422 645 per

499 651 650 708 hauc
683 647 859 709 morti
897 665 1038 708 suae
1075 645 1360 706 infinitam
1402 645 1519 706 vim
1562 643 1818 704 tribuere
1856 642 2081 734 potuit,
2122 648 2179 704 δι
2218 644 2397 706 etiam
2438 645 2575 706 fecit
2615 655 2677 706 vt
2718 656 2870 706 esset
2897 648 3141 723 efficax,
3172 650 3228 708 δι
3248 649 3420 724 plene

497 726 656 789 Patri
689 728 1065 789 satisfaceret.
1105 727 1305 803 Quare
1344 726 1472 788 illas
1512 723 1570 786 in
1615 741 1796 785 vnum
1837 723 2265 802 sapientissime
2305 727 2470 788 Deus
2512 725 2821 787 coniunxit
2858 727 2937 787 ad
2957 725 3158 788 salutis
3182 740 3416 790 nostrae

499 825 652 886 opus
688 807 1133 889 perficiendum.

884 1179 1166 1240 XXVIH.
1247 1179 1381 1239 DE
1441 1177 1920 1242 OFFICIIS
1981 1178 2501 1242 PERSONAE
2560 1178 3031 1242 CHRISTL

585 1374 937 1432 1.F1L1vu
976 1371 1141 1433 illum
1182 1371 1324 1452 Dei,
1367 1373 1696 1434 Dominum
1735 1385 2005 1436 nostrum
2039 1377 2237 1436 Iesum
2255 1371 2590 1452 Chrismm,
2612 1371 2895 1450 mysterio
2914 1373 3335 1434 incarnationis
3352 1375 3417 1436 in

497 1464 832 1530 temporum
870 1451 1236 1530 plenitudine
1276 1417 1600 1514 salutariter
1639 1454 1966 1517 exhibitum
2008 1454 2185 1516 fuisse
2224 1453 2399 1516 nobis
2435 1470 2627 1532 nuper
2665 1462 2751 1514 est
2782 1453 3213 1546 demonstra-(f.
3242 1457 3420 1530 1671)

499 1544 656 1592 ιιιιιι.
698 1550 817 1609 qua
856 1533 1085 1592 ratione
1124 1535 1454 1593 Immanuel
1493 1533 1618 1594 siue
1658 1537 2064 1626 ὼάνθρσπος,
2104 1551 2280 1596 verus
2316 1537 2515 1611 DeuS,
2544 1535 2787 1612 Homo,
2807 1533 2869 1593 in
2889 1533 3107 1594 vnitate
3128 1552 3416 1626 personae

497 1611 720 1690 existit,
762 1623 824 1672 vt
863 1611 1234 1674 mediationis
1275 1610 1430 1674 illius
1469 1613 1736 1676 salutaris
1775 1632 1930 1693 opus
1967 1615 2119 1676 inter
2157 1617 2355 1676 Deum
2394 1615 2451 1676 δι
2490 1579 2787 1674 homines
2802 1629 2953 1674 vnus
2968 1615 3131 1675 Iesus
3152 1613 3417 1675 Christus

498 1694 664 1754 Deus
701 1695 758 1753 δι
796 1692 983 1752 homo
1023 1695 1352 1786 perficeret.

579 1792 632 1833 2.
715 1773 822 1833 Est
859 1781 1059 1833 autem
1104 1771 1440 1834 vniuersum
1479 1771 1625 1834 illud
1664 1773 1929 1835 diuinum
1968 1773 2340 1836 mediationis
2382 1773 2649 1835 salutaris
2687 1791 2839 1852 opus
2868 1773 2955 1834 sic
2972 1772 3034 1834 in
3054 1793 3128 1835 eo
3148 1783 3409 1834 contem·

497 1852 810 1944 plandum,
873 1863 934 1912 vt
986 1851 1182 1931 ipsum
1236 1851 1480 1931 quidem
1535 1871 1740 1914 verum
1779 1857 2009 1934 Deum,
2048 1872 2254 1916 verum
2293 1853 2627 1933 hominem,
2667 1857 2920 1945 eumque
2960 1855 3155 1915 solum
3194 1851 3413 1913 media-

497 1945 691 1992 torem
731 1931 883 1992 inter
921 1932 1118 1992 Deum
1162 1935 1219 1994 δι
1257 1951 1370 1994 nos
1410 1950 1800 2026 agnoscamus
1845 1899 2009 1994 velut
2033 1934 2517 2012 fundamentum,
2557 1931 2889 1995 subiectum
2904 1979 2922 2011 ,
2942 1931 3413 2026 principiumque

497 2011 652 2072 illius
689 2010 886 2090 operis
899 2055 919 2090 ,
962 2015 1000 2072 a
1039 2031 1162 2090 quo
1189 2015 1352 2074 nulla
1390 2013 1655 2105 potentia
1694 2015 1750 2073 &
1789 2013 1948 2075 actio
1992 2014 2257 2076 salutaris
2296 2033 2419 2074 non
2458 1979 2881 2106 p'roficiscitur‚
2921 2031 3076 2090 quae
3114 2013 3194 2074 ad
3234 2011 3413 2074 medi-

499 2090 762 2152 ationem
821 2092 896 2152 sit
953 2109 1136 2170 opus:
1195 2092 1302 2154 sed
1355 2095 1532 2154 finem
1587 2091 1855 2172 insuper,
1897 2113 2090 2172 eoque
2127 2093 2477 2173 pertinentia
2518 2092 2714 2156 media
2752 2113 2993 2156 necesse
3034 2104 3123 2156 est
3159 2097 3198 2155 a
3237 2092 3414 2154 nobis

496 2172 950 2249 comprehendi.
1001 2182 1066 2233 vt
1115 2172 1456 2234 mediatoris
1469 2219 1486 2252 ,
1538 2189 1716 2250 quem
1758 2173 1819 2234 in
1859 2193 1921 2235 se
1960 2174 2258 2236 credimus
2295 2173 2831 2253 absolutissimum,
2874 2173 3049 2234 etiam
3090 2193 3203 2253 pro
3242 2173 3416 2235 nobis

496 2251 994 2313 absolutissimum
1033 2269 1186 2330 opus
1224 2265 1726 2330 consummatum,
1766 2256 1823 2315 δι
1861 2253 1921 2314 in
1964 2253 2140 2316 nobis
2180 2252 2443 2332 quotidie
2483 2271 2877 2332 agnoscamus
2916 2253 3334 2315 consummari.

575 2351 634 2408 3.
713 2331 872 2393 Finis
911 2342 1001 2394 est
1039 2331 1434 2413 mediationis,
1474 2343 1539 2394 vt
1577 2333 1653 2394 sit
1689 2299 1884 2413 fesus,
1922 2333 1986 2396 id
2026 2344 2115 2396 est
2151 2343 2418 2396 seruator
2454 2345 2681 2395 noster:
2723 2334 2885 2395 Mat.
2924 2353 2971 2394 1.
3018 2335 3149 2395 Act.
3179 2353 3238 2406 4.
3275 2353 3414 2394 nam

495 2422 690 2475 seruat
737 2414 1028 2492 populum
1080 2429 1253 2475 suum
1289 2417 1328 2476 a
1367 2412 1624 2493 peccatis
1661 2414 1954 2493 ipsorum:
1996 2418 2052 2477 &
2090 2417 2319 2477 nullum
2358 2412 2519 2475 aliud
2557 2431 2779 2475 nomen
2818 2429 2940 2491 quo
2982 2429 3287 2475 seruemur
3324 2423 3415 2474 est

493 2496 604 2556 sub
643 2495 816 2555 coelo
855 2494 1080 2555 datum.
1121 2494 1324 2555 Media
1362 2506 1498 2555 sunt
1529 2494 1694 2556 dona
1730 2507 1908 2572 atque
1934 2496 2203 2557 vocatio.
2226 2512 2483 2573 quorum
2500 2502 2774 2571 respectu
2794 2493 3089 2555 Hebraeis
3118 2494 3411 2571 Messiah,

497 2574 742 2635 Graecis
799 2578 1004 2654 χριςός
1019 2619 1036 2652 ,
1094 2573 1270 2637 nobis
1331 2574 1603 2652 Messias,
1667 2576 1968 2654 Christus,
2016 2586 2229 2637 vnctus
2279 2586 2369 2635 est
2406 2576 2763 2653 appellatus.
2804 2586 2981 2653 prout
3018 2573 3080 2633 in
3120 2574 3411 2650 Symbolo

495 2656 928 2747 Apostolorum
967 2672 1080 2716 nos
1118 2654 1180 2715 in
1204 2656 1414 2746 ‘Iesum
1456 2621 1756 2717 Christum
1796 2655 2039 2717 credere
2079 2657 2447 2734 profitemur.
2506 2655 2600 2716 De
2637 2654 2757 2715 fine
2795 2664 3075 2732 sequetur
3110 2651 3229 2714 alio
3268 2664 3415 2713 tem-

495 2752 646 2811 pore
684 2732 924 2794 dicendi
963 2736 1159 2795 locus:
1201 2733 1319 2795 iam
1359 2735 1438 2796 de
1477 2734 1686 2795 mediis
1725 2734 2051 2827 uidendum
2092 2744 2199 2796 est.

577 2834 636 2887 4.
716 2812 918 2874 Media
975 2812 1149 2892 igitur
1201 2815 1340 2875 cum
1394 2814 1517 2875 duo
1568 2813 1715 2889 sint,
1753 2813 2031 2876 nimirum
2070 2815 2233 2877 dona
2270 2824 2451 2893 atque
2488 2812 2727 2875 vocatio
2742 2857 2761 2892 ,
2800 2824 2864 2875 vt
2904 2814 3089 2874 modo
3128 2811 3416 2891 diximus,

496 2893 732 2955 duobus
793 2893 988 2954 modis
1041 2904 1286 2971 vtraque
1335 2893 1698 2956 considerari
1747 2914 1989 2957 necesse
2028 2905 2147 2957 est.
2187 2894 2473 2973 primum,
2514 2904 2578 2954 vt
2615 2896 2654 2954 a
2693 2896 2865 2957 Patre
2905 2904 3043 2954 sunt
3080 2892 3222 2954 data
3260 2858 3416 2953 filio?

494 2975 792 3051 secundo,
833 2983 896 3033 vt
933 2976 972 3033 a
1013 2972 1136 3033 filio
1177 2974 1502 3035 secundum
1543 2974 1731 3035 Patris
1770 2975 2079 3036 decretum
2118 2983 2429 3053 occupata.
2470 2976 2625 3034 Nam
2668 2974 2831 3034 dona
2870 2972 3155 3034 rationem
3194 2974 3419 3033 habent

495 3053 868 3114 instrumenti
923 3052 1002 3113 ad
1053 3062 1280 3114 tantum
1331 3072 1483 3131 opus
1534 3054 1870 3131 necessarij.
1912 3054 2169 3117 Vocatio
2221 3058 2259 3115 a
2299 3054 2472 3115 Patre
2512 3052 2881 3115 authoritatis
2924 3062 3045 3131 est,
3086 3052 3414 3113 secundum

497 3150 678 3210 quam
727 3136 768 3193 a
816 3135 991 3194 Patre
1040 3132 1178 3195 fecit
1218 3138 1272 3195 δι
1313 3132 1452 3195 facit
1491 3132 1642 3195 filius
1683 3150 2095 3213 quaecumque
2133 3132 2505 3196 mediationis
2536 3132 2692 3194 illius
2730 3144 2866 3195 sunt
2906 3133 3173 3194 vniuerse
3210 3136 3267 3193 δι
3302 3132 3417 3194 sin·

537 3214 792 3275 ulariter.

495 3232 894 3435 {⁵4:1213‘t'35
923 3291 1372 3435 32¹3&oe
1375 3293 1828 3451 msffissfussj.
1847 3294 2142 3436 ‘32:3⁰2
2172 3291 2760 3447 ῚῚΨΞΫῙἩΟῈἝῙΞ
2790 3291 3423 3465 immugit}

498 3454 670 3514 Patre
684 3498 702 3530 ,
753 3472 877 3514 non
913 3473 988 3514 ex
1027 3470 1300 3514 mensura
1343 3464 1578 3531 nostra,
1619 3454 1727 3515 sed
1764 3454 1930 3515 illam
1971 3452 2206 3534 spiritus
2246 3452 2679 3545 plenitudinem
2692 3497 2711 3532 ,
2752 3472 2827 3513 ex
2866 3470 2985 3531 qua
3025 3471 3233 3514 omnes
3268 3451 3419 3513 acci-

497 3530 721 3625 pimus,
761 3544 939 3610 prout
974 3534 1188 3625 plenus
1223 3532 1448 3611 gratiae
1489 3553 1563 3594 ac
1603 3533 1861 3595 veritatis
1901 3545 2023 3611 est,
2064 3553 2183 3613 qua
2219 3535 2501 3596 vnctione
2538 3531 2599 3593 in
2635 3542 2991 3593 testamento
3014 3543 3213 3593 vetere
3234 3530 3422 3593 sancti

499 3612 608 3673 Dei
663 3614 844 3691 serui,
887 3632 991 3690 qm
1031 3632 1106 3673 ex
1145 3630 1419 3674 mensura
1456 3613 1865 3705 accipiebant,
1911 3614 2057 3675 olim
2096 3616 2335 3675 fuerunt
2372 3612 2535 3674 vncti
2576 3614 2715 3673 oleo
2754 3612 3128 3703 aspectabili,
3166 3631 3281 3703 pro
3318 3630 3425 3673 sua

495 3704 662 3769 parte
703 3692 946 3771 singuli.
989 3692 1254 3755 Christus
1291 3692 1626 3757 vniuersam
1667 3693 1728 3753 in
1769 3712 1865 3771 se,
1907 3712 2029 3756 non
2070 3712 2145 3787 ex
2178 3706 2345 3773 parte
2384 3695 2593 3769 habet,
2634 3710 2816 3771 quam
2837 3696 2893 3753 δι
2912 3710 3049 3752 cum
3072 3690 3183 3752 illis
3204 3690 3347 3751 olim
3367 3694 3422 3752 δι

496 3790 634 3833 cum
675 3774 953 3835 omnibus
999 3772 1120 3834 suis
1161 3775 1563 3835 communicat
1601 3772 2035 3851 admetiturque
2076 3773 2139 3835 in
2175 3776 2290 3835 hac
2330 3785 2669 3851 temporum
2708 3772 3105 3865 plenitudine,
3128 3790 3253 3832 non
3272 3790 3425 3849 sym-

496 3853 698 3913 bolico
739 3854 876 3915 oleo
891 3898 910 3931 ,
950 3852 1057 3914 sed
1094 3852 1318 3933 gratiae
1358 3858 1414 3916 δι
1455 3852 1746 3931 veritatis,
1784 3854 1950 3931 quod
1981 3856 2182 3915 oleum
2209 3853 2462 3915 laetitiae
2484 3855 2705 3914 Psaltes
2723 3851 3070 3931 appellauit,
3092 3852 3305 3913 Psalm.
3328 3867 3428 3931 45.

574 3936 631 3992 6.
715 3936 912 4010 Atque
954 3874 1136 3993 haecg
1138 3934 1302 3994 dona
1339 3938 1376 3994 a
1420 3935 1593 3995 Patre
1634 3933 1868 4011 accepit
1907 3932 2177 3995 Christus
2219 3933 2279 3995 in
2321 3952 2578 4012 persona
2618 3950 2753 4010 sua,
2794 3944 2858 3992 vt
2899 3950 3073 3993 verus
3102 3934 3428 3992 Immanuel

497 4016 870 4103 §addemme
929 4016 986 4073 &
1047 4012 1338 4075 mediator
1399 4024 1632 4092 noster,
1685 4015 2013 4074 secundum
2053 4032 2369 4092 personam
2410 4011 2798 4105 personaliter
2837 4022 3015 4089 atque
3056 4010 3324 4089 realiter,
3365 4021 3429 4071 vt

495 4090 576 4151 ita
607 4090 908 4153 dicamus:
947 4093 1276 4153 secundum
1315 4104 1586 4155 naturam
1626 4098 1772 4155 vero
1811 4094 1968 4153 hanc
2002 4104 2104 4155 aut
2142 4094 2303 4155 illam
2342 4113 2454 4171 pro
2496 4091 2682 4154 modo
2722 4090 2927 4169 ipsius:
2953 4090 3195 4167 quando
3220 4100 3430 4151 natura

493 4188 766 4248 quaeque
813 4172 940 4251 agit
992 4172 1158 4250 quod
1209 4190 1382 4233 suum
1427 4185 1544 4251 est,
1585 4184 1708 4234 tam
1759 4172 1820 4233 in
1870 4172 2219 4251 accipiendo
2272 4176 2453 4251 quam
2493 4172 2555 4232 in
2597 4172 2801 4233 dando
2816 4217 2834 4249 ,
2891 4170 3136 4232 seruatis
3193 4169 3431 4248 integris

495 4250 678 4327 ipsius
718 4252 1192 4344 proprietatibus.
1254 4252 1510 4315 Proinde
1551 4252 1703 4314 filius
1745 4252 1858 4313 Dei
1895 4254 2227 4315 secundum
2267 4252 2546 4315 deitatem
2588 4272 2662 4313 ex
2701 4262 2911 4312 natura
2950 4249 3195 4344 quidem
3234 4260 3431 4327 potest

497 4334 556 4392 δι
594 4331 860 4409 possidet
899 4331 1134 4413 omnia,
1173 4352 1288 4395 nec
1327 4332 1560 4415 augeri,
1600 4332 1786 4395 minui
1823 4342 1926 4395 aut
1947 4333 2163 4395 mutari
2181 4343 2377 4414 potest
2396 4333 2513 4395 vlla
2532 4332 2830 4395 donorum
2856 4329 3429 4471 communicatione·

3145 4428 3209 4471 se
3292 4428 3432 4487 quia
