3923 4875
600 354 717 427 316
1542 365 1873 408 ‘russas
1924 364 2586 408 rusonoorcat.

594 532 651 589 δι
696 528 1021 605 Apostolos
1060 527 1415 588 infidelitatis
1456 537 1557 586 aut
1594 530 1755 588 certe
1794 525 2006 588 erroris
2049 527 2296 588 velimus
2335 525 2762 587 condemnare:
2805 537 2930 586 tum
2971 525 3110 619 quia
3151 525 3345 605 siquid
3393 546 3510 587 non

596 609 835 668 videtur
873 625 1243 698 expressum,
1283 607 1435 668 inest
1472 617 1669 668 tamen
1710 618 2027 684 potestate,
2064 606 2607 686 consequentiaque
2645 607 2798 668 iusta
2837 606 3088 667 efficitur
3129 606 3186 665 ὅτ
3223 607 3516 685 analogia.

680 690 773 748 26.
854 686 1185 748 Historicas
1244 692 1387 748 vero
1448 687 1789 748 traditiones
1846 689 2072 764 aliquas
2112 707 2234 748 non
2275 703 2560 778 negamus
2603 705 2730 748 esse
2767 688 2845 748 ab
2887 685 3224 764 Apostolis,
3291 686 3354 746 id
3394 698 3484 748 est
3497 732 3516 764 ,

592 768 911 846 singulares
950 766 1311 829 narrationes
1348 767 1643 828 dictorum
1679 769 2090 846 factorumque
2131 767 2377 828 Christi:
2429 765 2762 828 cuiusmodi
2795 776 2932 828 sunt
2971 784 3124 844 quae
3172 767 3506 844 polycarpo

603 851 703 909 Sm
974 846 1329 908 tribuuntur.

683 866 993 1020 ‚azymaelgae
1054 927 1213 988 enim
1274 925 1637 989 narrationes
1691 926 1769 987 ab
1818 927 2209 1000 Euangelistis
2249 928 2306 988 δι
2347 927 2652 1018 apostolis
2703 927 2842 988 ideo
2883 925 3138 988 omissae
3171 937 3342 1006 sunt3
3395 937 3520 986 tum

598 1007 737 1086 quia
786 1006 1166 1085 singularium
1220 1011 1309 1084 (vt
1346 1011 1483 1068 ante
1538 1007 1816 1081 diximus)
1856 1025 1982 1067 non
2035 1019 2124 1069 est
2171 1005 2444 1082 scientia,
2494 1008 2551 1067 ὅτ
2602 1007 2736 1085 capi
2790 1011 2828 1067 a
2869 1006 3044 1068 nobis
3085 1005 3159 1084 (si
3197 973 3523 1084 perscripta

600 1087 844 1148 fuissent
903 1087 1128 1161 omnia)
1186 1105 1492 1166 nunquam
1550 1099 1824 1180 possent.
1882 1099 2013 1148 tum
2052 1088 2192 1165 quia
2231 1085 2604 1148 ratiocinatio
2643 1087 2978 1148 communis
3019 1103 3222 1148 earum
3263 1088 3522 1178 perfecte

602 1166 912 1246 Scripturis
953 1167 1317 1246 continetur,
1374 1171 1431 1228 δι
1469 1169 1569 1228 illa
1608 1167 1747 1228 satis
1786 1178 1875 1228 est
1914 1178 1978 1228 vt
2019 1169 2331 1228 credamus
2366 1168 2566 1228 Iesum
2605 1186 2736 1228 esse
2779 1165 3082 1228 Christum
3119 1166 3334 1227 Filium
3377 1165 3489 1227 Dei
3503 1211 3524 1245 ,

601 1249 1027 1324 credentesque
1068 1248 1249 1308 vitam
1290 1247 1615 1308 habeamus
1654 1266 1765 1326 per
1806 1265 2030 1308 nomen
2069 1247 2214 1308 eiuS.

683 1331 776 1388 28.
860 1327 1293 1419 Ceremoniales
1333 1326 1678 1389 traditiones
1716 1327 1777 1388 in
1818 1327 1941 1387 duo
1970 1345 2202 1418 genera
2239 1325 2672 1418 distinguimus,
2714 1326 2773 1387 in
2817 1326 3188 1388 communeis
3227 1325 3354 1388 siue
3398 1327 3518 1388 vni-

604 1406 913 1484 uersaleiS,
955 1409 1010 1467 δι
1048 1406 1107 1467 ιιι
1148 1407 1582 1486 particulareis:
1625 1426 1806 1484 quam
1848 1406 2286 1470 distinctionem
2327 1425 2420 1468 res
2458 1406 2586 1485 ipsa
2619 1411 2674 1469 δι
2713 1417 2924 1468 natura
2965 1409 3204 1468 docent.

691 1507 786 1563 29.
868 1487 1293 1548 Communium
1306 1531 1325 1566 ,
1376 1505 1529 1564 quae
1578 1489 1821 1564 quidem
1870 1487 2126 1548 Diuinae
2177 1498 2312 1548 sunt
2363 1491 2418 1549 δι
2459 1487 2844 1565 Apostolicae
2859 1531 2878 1560 ,
2931 1487 3380 1547 fundamentum
3437 1497 3522 1548 est

602 1568 662 1628 in
706 1566 1007 1644 scripturis
1048 1567 1293 1646 duplex:
1336 1567 1501 1628 cuius
1540 1585 1718 1628 musa
1754 1567 1992 1628 nonnisi
2031 1567 2274 1629 abusiue
2313 1566 2660 1628 traditiones
2700 1568 2818 1627 hoc
2849 1584 3024 1627 sensu
3057 1567 3446 1644 appellantur.

688 1666 782 1722 30.
868 1645 1033 1707 Prius
1092 1647 1539 1708 fundamentum
1580 1659 1701 1726 est,
1750 1647 1919 1726 quod
1957 1647 2249 1709 eiusmodi
2259 1651 2382 1740 ,(νι
2419 1650 2732 1722 vocantur)
2777 1645 3124 1708 traditiones
3163 1649 3340 1707 rebus
3379 1647 3522 1726 dog·

608 1726 835 1786 maticis
888 1725 1211 1816 ethicisque
1258 1727 1339 1788 ad
1397 1693 1727 1788 Ecclesiam
1780 1731 1835 1789 δι
1894 1730 2165 1788 membra
2221 1727 2346 1788 eius
2385 1727 2841 1806 pertinentibus,
2894 1747 2968 1788 ex
3005 1725 3354 1788 necessitate
3391 1738 3526 1787 sunt

610 1803 1141 1867 coniunctissimae.

689 1905 722 1961 3
736 1905 789 1946 1.
868 1885 1190 1964 Posterius,
1242 1886 1405 1963 quod
1463 1885 1803 1948 huiusmodi
1852 1885 2057 1947 omnia
2107 1885 2408 1967 Scriptura
2463 1886 2627 1948 iubet
2677 1887 2802 1948 fieri
2852 1887 3178 1964 εὗχημὸνως
3232 1887 3330 1944 καὶ
3379 1887 3524 1945 κατεῖ

608 1967 805 2042 τάξιν,
846 1975 909 2024 vt
948 1965 1309 2026 conueniens
1348 1970 1403 2026 &
1444 1967 1730 2027 decorum
1770 1978 1859 2027 est
1872 2011 1891 2042 ,
1932 1983 2244 2044 rerumque
2282 1967 2434 2028 ordo
2473 1969 2752 2045 postulat.

610 2124 666 2182 ἃ
690 2063 784 2119 32.
867 2045 1231 2106 Communes
1270 2045 1470 2123 itaque
1510 2046 1649 2108 licet
1688 2049 1875 2108 verbo
1914 2065 2043 2108 non
2079 2056 2306 2108 exstent
2345 2046 2410 2108 in
2451 2046 2764 2125 Scripturis
2777 2093 2796 2126 ,
2838 2067 2902 2109 re
2921 2057 3122 2108 tamen
3149 2045 3526 2107 continentur

708 2141 891 2184 conse
934 2125 1151 2186 nentia.

691 2221 790 2280 33.
870 2144 964 2264 lile
1016 2209 1331 2284 propterea
1382 2205 1629 2266 eaedem
1668 2205 1729 2266 in
1771 2206 2039 2268 Ecclesia
2077 2206 2195 2266 Dei
2233 2225 2345 2285 pro
2385 2205 2726 2268 necessariis
2765 2208 3076 2268 habendae
3117 2217 3284 2286 sunt3
3339 2221 3527 2283 neque

608 2293 695 2344 est
734 2282 837 2360 qui
878 2303 942 2344 se
980 2285 1059 2344 ab
1100 2301 1303 2345 earum
1342 2285 1496 2347 iusta
1536 2286 1951 2348 obseruatione
1991 2303 2272 2348 excusare
2315 2285 2528 2365 possit,
2569 2286 2682 2348 nisi
2721 2287 2937 2348 fuerint
2976 2287 3386 2365 temporariae.

688 2382 783 2440 34.
868 2363 1247 2426 Particulares
1287 2370 1432 2426 vero
1473 2367 1615 2427 ritus
1652 2370 1707 2427 &
1748 2365 2150 2445 ceremonias,
2191 2367 2239 2428 si
2271 2385 2424 2445 quae
2446 2368 2708 2444 fuerunt,
2746 2386 2858 2447 pro
2879 2367 3106 2428 ratione
3126 2383 3529 2447 personarum,

614 2446 915 2517 locorum,
958 2449 1013 2505 δι
1052 2456 1389 2537 temporum
1431 2447 1608 2507 fuisse
1646 2450 1702 2508 &
1744 2466 1873 2509 esse
1912 2448 2333 2508 ambulatorias
2373 2450 2468 2508 vel
2506 2467 2578 2508 ex
2619 2466 2694 2509 eo
2729 2460 2993 2525 constat,
3032 2449 3198 2525 quod
3239 2458 3374 2509 sunt
3402 2466 3530 2525 par—

617 2523 921 2595 ticulares,
966 2544 1081 2585 nec
1122 2524 1179 2585 in
1222 2526 1523 2619 Scriptura
1558 2538 1734 2603 sunt,
1776 2548 1889 2588 nec
1928 2527 2200 2588 vniuerse
2235 2528 2453 2589 Christi
2493 2526 2824 2589 Ecclesiam
2865 2529 3148 2607 obligant.

694 2619 792 2681 35.
876 2604 1375 2667 Ceremonialium
1426 2605 1625 2684 itaque
1685 2607 1836 2668 aliae
1885 2618 2025 2668 sunt
2065 2606 2316 2687 liberae,
2355 2611 2411 2669 δι
2451 2608 2600 2669 aliae
2637 2608 3032 2669 necessariae:
3071 2608 3296 2686 quod
3277 2627 3338 2668 ιιι
3379 2608 3524 2686 dog-

622 2682 847 2743 maticis
884 2684 1209 2761 etl-uicisque
1248 2687 1480 2747 salsum.
1522 2688 1589 2763 (f.
1640 2704 1745 2763 177
1756 2692 1837 2766 5.)

698 2766 793 2839 36.
871 2764 1116 2824 Liberas
1154 2776 1353 2826 autem
1396 2782 1581 2843 quum
1622 2767 1872 2828 dicimus
1885 2813 1903 2843 ,
1945 2765 2236 2827 rationem
2267 2768 2554 2827 habemus
2595 2767 2994 2829 conscientiae
3029 2770 3085 2828 δι
3109 2784 3246 2828 vsus
3267 2766 3527 2827 fidelium

613 2842 677 2902 in
730 2844 995 2905 Ecclesia
1048 2844 1193 2905 Dei:
1255 2846 1421 2936 quod
1482 2846 1845 2907 conscientia
1902 2846 2187 2923 cuiusque
2237 2846 2436 2907 statuit
2490 2866 2615 2907 rem
2661 2866 2776 2940 per
2829 2868 2892 2908 se
2943 2847 3164 2908 licitam
3205 2866 3333 2908 esse
3374 2850 3431 2907 δι
3467 2845 3526 2906 ιιι

614 2921 883 2983 libertate
924 2936 1128 2983 nostra
1168 2924 1453 3004 positam,
1494 2927 1549 2985 &
1590 2945 1655 2987 se
1694 2936 1891 2987 tamen
1926 2925 2229 2987 communi
2271 2926 2398 2987 vsui
2436 2936 2616 3003 atque
2656 2926 2922 2989 instituto
2955 2938 3196 3005 propter
3215 2927 3528 2988 aedificati-

615 3021 794 3062 onem
838 3005 893 3063 ἃ
936 3004 1206 3063 ordinem
1248 3006 1711 3085 accommodat,
1752 3026 1873 3067 non
1912 3016 2157 3085 propter
2197 3006 2645 3069 conscientiam.

694 3100 793 3173 37.
874 3085 1105 3143 Harum
1165 3083 1307 3145 item
1358 3084 1508 3146 aliae
1562 3097 1698 3147 sunt
1735 3097 2056 3164 perpetuae
2071 3132 2088 3163 ,
2148 3104 2398 3163 quarum
2441 3098 2724 3164 perpetua
2763 3097 2854 3147 est
2895 3087 3080 3165 ratio,
3121 3090 3176 3148 δι
3217 3086 3532 3147 coniuncta

613 3161 841 3223 ratione
900 3163 1168 3241 perpetui
1230 3182 1367 3225 vsus
1420 3165 1765 3227 necessitas.
1820 3165 1970 3227 aliae
2009 3165 2367 3244 tempor-iae,
2419 3184 2671 3243 quarum
2711 3170 2766 3228 δι
2807 3167 2960 3227 ratio
3002 3166 3188 3227 variat
3231 3171 3286 3227 &
3331 3165 3530 3226 vtendi

620 3244 952 3303 necessitas.

698 3325 795 3397 38.
876 3322 1039 3381 Huic
1103 3324 1303 3401 generi
1359 3323 1730 3403 dogmaticas
1789 3326 2129 3402 ethicasque
2171 3326 2248 3386 de
2285 3326 2404 3385 fide
2445 3328 2500 3386 δι
2542 3325 2806 3386 moribus
2837 3343 2942 3387 seu
2983 3325 3384 3405 resipiscentia
3427 3345 3531 3403 per

617 3400 797 3461 fidem
856 3413 1200 3479 competere
1252 3422 1537 3482 negamus
1574 3424 1785 3484 posse,
1841 3416 1970 3466 tum
2010 3416 2252 3483 propter
2291 3424 2390 3465 eas
2429 3422 2637 3466 causas
2676 3424 2831 3483 quae
2869 3423 3050 3484 supra
3085 3406 3146 3467 in
3187 3406 3340 3467 thesi
3379 3408 3439 3465 8.
3477 3408 3533 3465 δι

620 3482 998 3558 sequentibus
1011 3527 1029 3559 ,
1088 3494 1215 3541 tum
1275 3484 1414 3560 quia
1480 3484 1559 3545 de
1616 3486 1964 3546 auctoritate
2023 3487 2081 3545 δι
2125 3486 2488 3563 perfectione
2527 3484 2862 3563 Scripturae
2901 3496 3134 3547 tantum
3173 3486 3496 3547 detrahitur
3515 3530 3532 3561 ,

623 3573 910 3637 quantum
952 3561 1253 3623 Ecclesiae
1294 3564 1614 3625 tribuitur'
1598 3584 1659 3625 m
1699 3565 1817 3625 isto
1858 3583 2096 3643 genere.

700 3661 796 3718 39.
880 3640 1219 3702 Historicae
1262 3643 1629 3735 traditioneS,
1670 3644 1719 3705 si
1754 3662 1909 3737 quae
1930 3656 2068 3706 sunt
2101 3644 2548 3705 Ecclesiasticae
2561 3691 2580 3723 ,
2619 3665 2730 3725 pro
2777 3646 3059 3723 humanis
3073 3644 3301 3723 scriptis
3319 3646 3536 3705 haben-

622 3720 735 3781 dae
772 3731 935 3781 sunt:
991 3742 1065 3781 ac
1102 3740 1227 3782 non
1268 3722 1507 3785 veritate
1520 3770 1539 3803 ,
1580 3725 1636 3783 &
1676 3724 2022 3786 auctoritate
2063 3742 2203 3785 cum
2245 3724 2547 3785 canonicis
2582 3724 3047 3805 comparandae,
3105 3727 3229 3785 siue
3265 3743 3464 3785 rerum
3501 3727 3538 3783 a

621 3800 857 3861 Christo
904 3802 1195 3863 dictarum
1234 3808 1680 3882 gestarumque,
1722 3806 1847 3865 siue
1886 3806 1966 3865 ab
2007 3806 2342 3884 ApostoliS,
2383 3808 2756 3898 narrationes
2792 3808 3286 3897 complectantur.

704 3901 801 3955 40.
883 3881 1321 3973 Ceremoniales
1360 3887 1501 3944 vero
1518 3928 1537 3964 ,
1576 3902 1732 3963 quae
1773 3883 2016 3962 quidem
2047 3885 2494 3945 Ecclesiasticae
2533 3884 2760 3947 censeri
2798 3897 3048 3977 posunt,
3099 3887 3156 3946 δι
3183 3884 3543 3945 vniuersales

617 3972 717 4099 {ut
770 3960 939 4039 quasi
1000 3961 1385 4041 vniuersaleS,
1444 3975 1579 4024 sunt
1628 3980 1853 4043 paucae
1868 4009 1886 4044 ,
1946 3965 2250 4025 communi
2290 3964 2690 4027 Ecclesiarum
2725 3965 3119 4027 consensione
3159 3966 3216 4025 δι
3257 3981 3363 4025 vsu
3403 3983 3542 4025 con-

662 4052 903 4101 rmatae.

702 4140 799 4195 41.
882 4121 1035 4180 Nam
1100 4123 1177 4182 ab
1218 4123 1337 4183 hoc
1376 4142 1593 4201 genere
1636 4122 1917 4203 distingui
1958 4143 2059 4185 eas
2102 4144 2344 4185 necesse
2378 4137 2466 4186 est
2503 4142 2656 4217 quae
2697 4126 3088 4185 fundamento
3129 4136 3266 4185 sunt
3308 4123 3544 4185 diuinae

626 4202 721 4260 vel
780 4201 1191 4279 Apostolicae,
1256 4206 1312 4263 &
1371 4222 1479 4281 per
1525 4204 2010 4281 consequentiam
2044 4204 2256 4265 iustam
2295 4224 2370 4265 ex
2405 4204 2720 4283 Scripturis
2763 4205 2944 4265 sacris
2983 4203 3122 4265 duci
3161 4216 3438 4282 possunt,
3477 4214 3541 4264 vt
3635 4202 3642 4205 ’

622 4280 773 4341 thesi
819 4302 912 4359 29.
950 4280 1334 4344 ostendimus.

708 4380 805 4433 42.
888 4364 965 4419 At
1030 4361 1442 4442 particulareS,
1513 4363 2016 4440 quemadmodum
2080 4366 2135 4424 δι
2187 4364 2562 4441 particulares
2603 4363 2934 4443 Ecclesiae,
2990 4382 3240 4424 numero
3281 4362 3539 4425 infinitae

3365 4454 3540 4523 sunt3
