3923 4875
1397 369 1501 412 nn
1556 370 1780 414 vana
1836 366 2379 417 rnnonooiA.
3255 378 3331 436 93

426 540 636 592 natura
673 532 754 592 ab
792 531 1307 609 imperfectissimo
1346 533 1538 604 gradu
1578 531 1867 610 incipiens
1906 533 2148 610 paulum
2187 533 2498 594 contendit
2537 533 2616 593 ad
2655 530 3076 610 perfectionem
3113 534 3234 610 sui,
3270 535 3350 596 ita

428 611 609 672 etiam
670 614 783 672 hae
842 611 1105 672 actiones
1163 616 1201 672 a
1240 611 1583 674 tenuissimo
1635 611 2100 704 imperfectoque
2141 611 2431 692 principio
2471 633 2579 705 per
2615 629 2752 673 suos
2792 611 3010 690 gradus
3049 623 3226 692 atque
3267 615 3351 676 in-

428 701 729 753 crementa
788 691 849 751 in
909 691 1166 784 aliquam
1226 691 1602 770 perfectionis
1662 711 1801 753 suae
1842 693 2159 785 imaginem
2201 693 2485 771 paulatim
2522 691 2734 754 virtute
2773 691 2888 752 Dei
2929 693 3345 769 perducuntur.

428 773 810 864 Quapropter
848 774 995 832 haec
1036 771 1279 848 quidem
1316 772 1653 850 Theologia
1692 772 1752 832 in
1782 771 2053 833 subiecto
2073 775 2364 865 appellata
2383 773 2709 834 secundum
2729 773 2946 851 gradus
2967 775 3344 850 perfectionis

427 861 531 911 aut
590 851 1049 930 imperfectionis
1108 868 1413 928 nunquam
1473 851 1704 912 definiri
1760 863 1990 930 potest:
2051 854 2190 928 quia
2248 863 2370 914 tam
2425 864 2514 913 est
2567 851 2754 930 varia,
2792 854 2970 928 quam
3011 852 3170 913 varia
3207 866 3344 917 sunt

424 929 693 992 subiecta
730 925 944 1007 quibus
983 931 1135 992 inest
1179 950 1287 1009 per
1321 930 1437 993 Dei
1462 932 1765 1010 Gratiam,
1796 934 2123 994 secundum
2144 933 2360 1010 gradus
2379 931 2641 1011 singulos
2660 931 3159 1010 imperfectionis
3141 934 3342 1011 1psius.

304 1033 345 1097 ··
425 1012 852 1072 Verumtamen
892 1011 1031 1088 quia
1072 1011 1225 1072 haec
1266 1012 1393 1089 ipsa
1429 1011 1789 1090 Theologia,
1831 1021 1957 1072 vtvt
1997 1013 2058 1072 in
2097 1029 2477 1104 quocumque
2512 1023 2626 1092 est,
2661 1031 2784 1072 non
2811 1023 2900 1073 est
2933 1012 3119 1090 magis
3139 1013 3342 1074 inhoc

426 1090 761 1168 Theologia
800 1095 981 1168 quam
1019 1089 1081 1151 in
1120 1090 1251 1170 illo,
1292 1091 1399 1152 sed
1440 1095 1666 1152 tantum
1708 1091 1901 1153 maior-
1914 1102 2018 1152 aut
2037 1091 2232 1153 minor
2251 1058 2655 1153 consideratur
2674 1111 2785 1169 pro
2805 1090 3034 1152 ratione
3053 1094 3119 1168 (f.
3146 1097 3340 1168 1416.)

423 1170 789 1248 singulorum
828 1180 1065 1248 captus.
1108 1171 1633 1246 Quemadmodum
1676 1171 1953 1250 (exempli
1995 1177 2193 1248 causa)
2233 1174 2477 1233 breuem
2505 1189 2791 1248 quercum
2829 1189 2952 1232 non
2985 1172 3210 1251 ιιιιιιιιε,
3231 1174 3340 1234 s'ed

425 1249 717 1310 minorem
767 1267 895 1310 esse
929 1267 1211 1342 quercum
1244 1251 1493 1312 dicimus
1508 1297 1525 1330 ,
1555 1253 1734 1328 quam
1764 1254 1946 1312 altera
1977 1271 2226 1329 procera
2243 1252 2345 1312 sit:
2381 1254 2694 1330 Propterea
2715 1251 3143 1344 Theologiam
3127 1272 3186 1313 ιιι
3207 1254 3340 1314 sub-

424 1329 583 1390 iecto
624 1330 951 1390 secundum
980 1329 1293 1391 essentiam
1332 1330 1513 1410 ipsius
1552 1331 1691 1392 licet
1711 1331 1917 1409 aliquo
1936 1345 2116 1409 pacto
2137 1331 2382 1392 definire
2403 1331 2550 1392 citra
2567 1326 3026 1410 imperfectionis
3047 1332 3220 1393 huius
3240 1333 3346 1394 dif-

425 1409 665 1470 ferentis
706 1409 1233 1502 comparationem.
1272 1413 1431 1472 Nam
1470 1411 1645 1472 etiam
1686 1411 1893 1471 docuit
1930 1431 2044 1472 nos
2083 1411 2350 1473 Christus
2387 1412 2567 1472 fidem
2585 1457 2601 1488 ,
2642 1428 2794 1487 quae
2835 1428 2972 1471 cum
3010 1412 3346 1504 Theologia

424 1491 541 1550 hac
582 1488 928 1550 relationem
966 1489 1149 1551 habet
1186 1488 1607 1564 necessariam
1648 1509 1773 1551 non
1812 1493 1947 1569 plus
1986 1501 2088 1552 aut
2131 1492 2324 1552 minus
2364 1492 2570 1570 fidem,
2601 1491 2706 1551 sed
2734 1489 3016 1551 maiorem
3037 1503 3139 1551 aut
3157 1492 3344 1552 mino-

427 1587 556 1630 rem
615 1588 728 1647 pro
786 1568 1015 1631 ratione
1064 1569 1465 1631 subiectorum
1516 1589 1643 1632 esse
1657 1616 1674 1647 ,
1730 1573 1869 1631 cum
1909 1571 2136 1632 diceret
2175 1569 2513 1650 Apostolis
2553 1537 2606 1631 si
2645 1570 2909 1632 habeatis
2944 1571 3123 1631 fidem
3164 1589 3344 1649 quan-

429 1651 619 1709 tulum
660 1659 751 1710 est
789 1667 1041 1727 granum
1078 1649 1294 1728 sinapi
1338 1650 1547 1712 dicetis
1586 1651 1725 1711 huic
1764 1649 1982 1729 monti,
2021 1651 2446 1730 transgreditor
2471 1648 2613 1710 hinc
2651 1649 2820 1716 illuc.
2867 1653 2921 1710 &
2963 1650 3162 1730 demig
3163 1652 3348 1728 rabit,

428 1731 541 1790 stc.
581 1730 805 1789 Matth.
852 1749 877 1788 1
890 1745 943 1803 7.
986 1749 1079 1790 20.
1140 1732 1319 1791 Hanc
1367 1730 1567 1808 itaque
1619 1729 1909 1791 rationem
1948 1731 2270 1824 prudenter
2310 1734 2722 1809 obseruantes,
2761 1673 3162 1808 Theologiam
3193 1731 3350 1792 hanc

424 1819 695 1869 nostram
734 1813 910 1885 (quae
950 1808 1325 1888 Theologia'
1308 1829 1370 1870 ιιι
1410 1809 1678 1871 subiecto
1720 1810 1956 1887 dicitur)
1998 1809 2308 1871 definimus
2348 1811 2410 1872 in
2443 1812 2604 1871 hunc
2625 1811 2892 1870 modum.
2941 1812 3110 1870 Thes.
3132 1829 3351 1872 xxxiv.

438 1890 757 1964 Theologia
792 1896 1003 1948 nostra
1042 1892 1349 1949 secundum
1390 1891 1539 1967 quid
1570 1892 1690 1949 ciue
1735 1891 2056 1966 Theologia
2095 1893 2156 1950 in
2177 1892 2423 1951 subiecto
2444 1893 2624 1968 dicta,
2647 1898 2734 1950 est
2751 1893 2859 1949 illa
2879 1893 3072 1950 eadem
3093 1894 3358 1968 sapienta

427 1987 627 2027 rerum
666 1969 1040 2047 dt'uinarum,
1079 1971 1233 2028 mod
1210 1971 1415 2048 ficata
1438 1979 1563 2048 pro
1603 1972 1833 2030 ratione
1870 1989 2068 2030 eorum
2111 1972 2404 2030 hominum
2443 1973 2646 2047 quibus
2664 1973 2840 2046 inest,
2874 1972 2952 2029 ἐν
2971 1989 3043 2029 ιω
3060 1991 3178 2047 qua
3215 1972 3360 2030 The-

430 2049 592 2123 ologi
644 2051 1040 2126 appellantur.
1103 2050 1197 2108 Ex
1251 2050 1368 2109 hac
1415 2047 1759 2110 definitione
1813 2047 1984 2110 facile
2025 2049 2312 2127 cognosci
2354 2059 2586 2128 potest,
2625 2048 2770 2126 quid
2808 2048 2948 2110 huic
2988 2050 3358 2142 Theologiae

428 2143 570 2188 cum
627 2125 729 2187 ina
776 2137 981 2188 nostra
1029 2130 1301 2190 absolute
1348 2127 1507 2189 dicta
1548 2146 1870 2190 commune
1912 2129 2018 2204 sit,
2061 2132 2117 2190 δι
2155 2130 2300 2207 quid
2339 2132 2416 2190 ab
2455 2149 2528 2190 ea
2565 2095 2876 2206 discrepet.
2919 2129 3156 2190 Etenim
3195 2149 3359 2191 com-

428 2206 633 2267 munia
670 2217 973 2298 ponuntur
1012 2209 1163 2288 duo,
1205 2225 1393 2286 genus
1431 2210 1487 2268 δι
1532 2208 1905 2290 communiS,
1944 2219 2011 2268 vt
2043 2219 2293 2289 vocant,
2323 2207 2666 2270 differentia.
2707 2210 2916 2269 Genus
2935 2219 3024 2270 est
3042 2209 3354 2289 sapientia,

429 2287 507 2347 de
558 2302 680 2364 quo
722 2285 783 2346 in
822 2286 1017 2365 capite
1056 2289 1321 2350 secundo
1360 2287 1482 2349 iam
1520 2291 1659 2348 ante
1699 2253 1972 2350 diximus,
2031 2255 2380 2350 Communis
2419 2287 2748 2348 differentia
2787 2298 2906 2367 est,
2948 2290 3113 2366 quod
3154 2306 3352 2350 rerum

426 2365 761 2427 diuinarum
822 2377 913 2427 est
970 2367 1282 2463 sapientia·
1342 2368 1419 2428 de
1458 2385 1708 2447 quarum
1749 2383 1947 2429 rerum
1985 2379 2224 2449 natura,
2265 2367 2717 2447 constitutione,
2759 2367 2964 2428 formis
3009 2373 3064 2429 &
3105 2369 3315 2431 ordine
3332 2416 3351 2450 ,

427 2458 713 2523 quantum
754 2448 833 2507 ad
869 2449 989 2509 hoc
1028 2448 1358 2509 institutum
1396 2449 1627 2511 videtur
1663 2447 1988 2541 pertinere,
2030 2450 2234 2528 paucis
2276 2448 2688 2511 destrinximus
2727 2468 2856 2527 cap.
2908 2468 2996 2525 13.

506 2530 637 2588 Iam
694 2526 893 2605 itaque
953 2529 1032 2588 ad
1081 2527 1473 2590 differentiam
1534 2528 1834 2607 propriam
1876 2529 2056 2591 nobis
2097 2540 2184 2590 est
2225 2528 2600 2591 veniendum.
2660 2530 2842 2588 Hanc
2878 2527 3116 2589 duobus
3157 2529 3352 2590 modis

428 2606 759 2668 euidentiae
800 2624 1005 2668 caussa
1042 2608 1463 2701 proponimus.
1506 2610 1834 2669 secundum
1873 2619 2143 2670 naturam
2177 2608 2302 2671 siue
2335 2608 2675 2687 essentiam,
2697 2611 2752 2669 δι
2774 2609 3097 2669 secundum
3119 2607 3352 2686 signum

424 2687 629 2765 ipsius.
689 2687 790 2747 Ad
850 2686 1240 2749 differentiam
1304 2687 1475 2749 huius
1535 2688 1903 2766 Theologiae
1963 2690 2292 2750 secundum
2353 2688 2664 2750 essentiam
2725 2686 2939 2766 ipsius,
2979 2688 3128 2747 haec
3166 2690 3353 2748 verba

424 2766 731 2858 pertinent
734 2811 751 2844 ,
812 2767 979 2842 qued
1036 2770 1373 2859 modificata
1430 2767 1646 2829 dicitur
1703 2788 1863 2843 esse,
1908 2778 2033 2846 pro
2091 2773 2320 2829 ratione
2370 2788 2568 2829 eorum
2608 2769 2898 2829 hominum
2940 2769 3146 2844 quibus
3187 2770 3354 2829 inest.

425 2845 833 2907 Differentiam
872 2852 1015 2908 vero
1054 2852 1093 2908 a
1134 2846 1306 2927 signo
1345 2847 1757 2909 denotauimus
1806 2847 1919 2909 illis
1960 2848 2185 2922 verbis,
2229 2868 2302 2908 εει·
2341 2870 2458 2927 qua
2509 2850 2794 2924 Theologi
2821 2844 3212 2926 appellantur.
3253 2848 3352 2907 Ad

426 2925 819 2989 differentiam
880 2928 1247 2989 essentialem
1302 2931 1389 3003 (vt
1440 2929 1521 2987 ita
1568 2928 1859 3004 dicamus)
1900 2938 2142 2990 nostrae
2180 2926 2354 2989 huius
2393 2928 2761 3006 Theologiae
2800 2928 2990 3019 probe
3031 2930 3349 2988 obseruan-

426 3007 602 3083 dam,
643 3007 1039 3069 necessarium
1080 3017 1169 3068 est
1206 3009 1356 3067 haec
1394 3007 1517 3068 duo
1556 3024 1939 3069 concurrere:
1985 3008 2312 3070 subiectum
2325 3054 2342 3087 ,
2380 3008 2788 3084 rationemque
2819 3006 3028 3085 ipsius,
3049 3011 3104 3067 &
3125 3008 3350 3067 donum

426 3085 748 3179 sapientiae
808 3086 869 3147 in
926 3086 1196 3147 subiecto
1251 3090 1519 3148 haerens.
1579 3090 1734 3148 Nam
1790 3094 1927 3148 cum
1980 3087 2232 3149 subiecti
2271 3087 2445 3149 huius
2483 3100 2693 3149 natura
2731 3105 2969 3164 semper
3005 3086 3352 3164 imperfecta

426 3165 529 3244 sit,
590 3164 737 3225 nihil
792 3170 999 3227 reuera
1056 3168 1385 3243 perfectum
1442 3176 1638 3245 potest
1696 3186 1803 3246 per
1861 3186 1926 3228 se
1987 3186 2232 3245 capere3
2274 3178 2410 3247 aut,
2451 3167 2502 3227 si
2539 3167 2684 3245 quid
2725 3168 3052 3245 perfectum
3091 3186 3196 3244 per
3235 3166 3350 3226 Dei

424 3244 676 3324 gratiam
715 3248 807 3321 (vt
845 3246 1009 3322 facit)
1050 3245 1240 3325 capit,
1280 3247 1344 3307 id
1380 3258 1582 3307 tamen
1620 3248 1881 3325 perfecte
1923 3265 2136 3325 capere
2177 3266 2300 3308 non
2344 3258 2560 3326 potest.
2630 3250 2830 3323 Atque
2867 3248 3018 3307 haec
3058 3247 3160 3306 illa
3201 3246 3350 3307 ratio

424 3336 545 3417 est,
594 3342 775 3401 quam
813 3324 875 3385 in
913 3325 1181 3387 subiecto
1221 3346 1455 3405 semper
1494 3326 1887 3387 animaduerti
1925 3330 2232 3405 volumuS,
2272 3337 2337 3386 vt
2381 3328 2458 3388 de
2499 3327 2662 3387 dono
2706 3328 2798 3386 vel
2820 3334 3009 3405 gratia
3027 3326 3348 3388 accedente

426 3404 541 3482 ipsi
590 3406 912 3497 commode
953 3406 1297 3500 iudicemus:
1359 3408 1469 3467 Est
1513 3406 1672 3468 enim
1716 3406 2050 3468 subiectum
2089 3408 2312 3485 duplex
2347 3408 2675 3469 secundum
2721 3406 3010 3467 rationem
3050 3405 3356 3467 conditio—

424 3491 681 3562 nemque
740 3484 953 3563 ipsius·
1008 3503 1221 3564 vnum,
1276 3485 1338 3546 in
1378 3498 1619 3578 natura3
1658 3490 1713 3547 δι
1754 3485 1814 3545 ιιι
1855 3486 2041 3565 gratia
2081 3490 2354 3547 alterum.
2417 3487 2760 3548 Subiectum
2801 3497 3000 3547 autem
3043 3486 3104 3546 ιιι
3144 3496 3357 3546 natura

426 3582 533 3625 sua
587 3582 782 3642 neque
843 3574 1007 3644 actu,
1057 3583 1253 3643 neque
1310 3566 1575 3658 potentia
1589 3611 1607 3645 ,
1666 3582 1859 3643 neque
1918 3566 2313 3660 dispositione
2347 3569 2466 3628 vlla
2505 3568 2583 3627 ad
2620 3566 2949 3659 potentiam
2987 3576 3184 3643 potest
3223 3585 3349 3625 rem

426 3647 752 3736 perfectam
804 3663 1045 3722 capere·
1030 3692 1047 3726 ,
1102 3653 1224 3707 aut·
1251 3645 1428 3707 etiam
1469 3646 1745 3723 perfecte.
1787 3647 1960 3707 Idem
2000 3652 2145 3709 vero
2183 3646 2516 3708 subiectum
2555 3646 2616 3706 in
2655 3644 2842 3725 gratia
2881 3644 3317 3706 consideratum
3335 3691 3352 3723 ,

426 3723 552 3784 siue
592 3730 682 3801 (vt
719 3726 1063 3801 loquuntur)
1102 3724 1163 3785 ιιι
1203 3736 1357 3786 statu
1394 3726 1647 3805 gratiae,
1688 3724 1833 3785 dum
1870 3726 1970 3787 hic
2009 3736 2130 3804 est,
2169 3726 2396 3788 donum
2430 3728 2672 3804 quidem
2695 3728 3026 3818 perfectum
3049 3728 3104 3785 δι
3123 3727 3350 3785 bonam

426 3804 812 3866 donationem
853 3809 890 3865 a
929 3806 1064 3865 Deo
1102 3806 1439 3867 venientem
1478 3808 1564 3882 (vt
1602 3806 1858 3867 Iacobus
1896 3805 2160 3882 loquitur
2199 3818 2328 3899 cap.
2369 3828 2421 3867 1.
2460 3828 2515 3868 v.
2564 3810 2680 3882 17.)
2720 3804 2990 3883 percipit.
3052 3805 3171 3865 Sed
3211 3804 3352 3897 quia

424 3902 661 3962 semper
702 3885 768 3943 in
808 3884 1005 3962 aliqua
1042 3895 1287 3945 naturae
1327 3885 1773 3963 imperfectione
1797 3887 2045 3964 «haeret,
2085 3890 2140 3947 δι
2182 3897 2374 3963 agitur
2415 3888 2642 3946 tantum
2687 3884 3066 3946 inchoatione
3100 3884 3322 3962 gratiae
3335 3930 3353 3961 ,

425 3965 653 4025 donum
716 3964 861 4024 illud
923 3966 1251 4058 perfectum
1309 3966 1653 4042 bonamque
1706 3965 2092 4026 donationem
2145 3970 2183 4025 ὲ.
2233 3969 2366 4027 Deo
2410 3965 2886 4056 proficiscentem
2927 3967 3188 4041 perfecte
3228 3983 3351 4025 non

424 4054 624 4121 potest
678 4062 919 4121 capere.
982 4043 1251 4120 quamuis
1312 4048 1349 4104 a
1400 4044 1681 4135 singulari
1733 4044 1921 4123 gratia
1965 4044 2260 4105 interdum
2302 4046 2648 4124 contigerit,
2691 4054 2756 4103 vt
2795 4044 2854 4105 id
2897 4045 3125 4105 donum
3163 4046 3351 4105 homo

424 4122 541 4183 Dei
576 4125 907 4215 perfectum
950 4136 1207 4216 caperet.
1269 4126 1362 4184 Ex
1400 4125 1514 4184 hac
1556 4123 1754 4201 itaque
1793 4124 2042 4185 subiecti
2063 4125 2292 4218 ratione
2313 4125 2588 4203 procedit
2606 4125 2707 4184 illa
2727 4124 3094 4203 Theologiae
3113 4134 3354 4185 nostrae

428 4202 827 4264 modificatio:
871 4201 1012 4281 quia
1051 4204 1157 4265 etsi
1196 4203 1529 4281 Tbeologia
1566 4204 1626 4265 ιιι
1668 4224 1733 4265 se
1772 4206 2034 4282 perfecta
2077 4216 2189 4283 est,
2231 4204 2290 4266 in
2332 4204 2598 4267 subiecto
2641 4214 2838 4265 tamen
2881 4208 3206 4282 (vtcunque
3227 4224 3354 4282 per-

426 4285 585 4343 fecta
623 4282 721 4359 sit)
761 4284 1027 4345 mutilata
1066 4294 1154 4344 est
1198 4286 1648 4375 quodammodo
1689 4284 2139 4362 imperfectione
2179 4284 2447 4347 subiecti.
2486 4288 2580 4346 Ac
2617 4282 2870 4363 proinde
2909 4284 3306 4362 Theologiae
3289 4304 3350 4343 ιιι

428 4380 493 4423 se
532 4364 723 4423 forma
760 4366 1019 4441 perfecta
1058 4376 1177 4443 est3
1217 4362 1585 4443 Theologiae
1627 4368 1767 4425 vero
1806 4366 1867 4425 in
1910 4364 2179 4426 subiecto
2220 4368 2412 4427 forma
2451 4366 2818 4444 imperfecta,
2842 4364 2982 4442 quia
3001 4367 3150 4426 haec
3165 4382 3350 4454 purae

3157 4454 3246 4503 est
3284 4442 3345 4503 ιιι

3527 4408 3557 4427 U
