3923 4875
670 11 788 78 450
1738 13 2144 61 ειιιιιιῐῐοι
2207 13 2420 61 PARS
2482 13 2520 60 1.

3860 109 3863 154 ι

672 177 897 238 fractus
960 183 1049 237 est
1106 175 1559 254 quodammodo
1620 177 1888 238 Valentis
1948 177 2330 257 Imperatoris
2387 175 2650 254 animus,
2710 177 2812 254 qui
2870 175 3222 257 sanguinem
3285 181 3354 241 δι
3413 181 3646 242 medes
3860 165 3863 236 1

670 255 1141 319 Christianorum
1180 265 1345 317 tanta
1384 257 1689 318 ferocitate
1729 257 2090 336 spirauerat3
2131 257 2275 336 quid
2319 276 2432 318 nos
2473 256 2871 335 Christianos,
2913 259 3168 320 obsecro
3181 305 3200 338 ,
3247 279 3534 352 necesse
3553 273 3641 322 est
3860 241 3863 332 Ι

668 339 865 398 facere
926 355 1067 414 erga
1130 335 1471 414 ignorantes
1525 349 1627 398 aut
1667 349 1929 398 errantes
1969 335 2274 416 quosque?
2315 337 2531 430 quibus
2570 337 2942 398 sermonibus
2980 357 3272 400 reuocare
3312 339 3384 399 in
3435 337 3642 401 viam?

666 435 785 496 qua
834 415 1355 478 commiseratione
1394 416 1575 478 animi
1619 417 1745 478 dies
1786 420 1841 478 δι
1885 429 2095 478 noctes
2133 419 2209 478 de
2253 418 2600 478 miserorum
2643 416 2960 478 errantium
3003 417 3390 481 institutione
3435 423 3504 482 δι
3543 441 3637 482 sa-

666 499 791 558 lute
850 494 1156 558 laborare?
1212 497 1356 557 Hoc
1415 515 1526 558 nos
1565 514 1777 558 omnes
1814 498 2025 578 docet,
2069 499 2186 558 huc
2227 497 2396 557 ducit
2433 508 2642 557 natura
2681 498 2806 577 ipsa
2826 543 2845 575 ,
2883 497 2931 556 a
2971 497 3270 560 humanus
3315 502 3534 576 ordo,
3577 504 3634 560 ἃ·

666 577 901 638 diuinus
962 577 1145 654 ord0,
1208 577 1263 636 δι
1324 577 1661 637 communis
1710 544 2047 656 Ecclesiae,
2090 581 2145 638 δι
2187 577 2414 656 priuata
2455 577 2819 670 singulorum
2861 577 2939 638 de
2975 578 3163 656 gratia
3200 580 3468 641 salutari
3513 583 3631 642 Dei

665 657 1052 736 experientia,
1094 656 1568 718 constantissima
1612 657 1729 718 Dei
1768 677 1843 719 ex
1872 658 2096 719 verbo'
2079 659 2259 736 ipsius
2278 657 2642 718 testificatio:
2666 657 2882 736 quibus
2901 659 3178 720 omnibus
3198 678 3319 719 nos
3340 673 3632 737 praestat

663 739 915 816 cedere,
958 753 1140 816 quam
1181 735 1517 816 particulari
1559 737 1927 816 corruptioni
1967 749 2214 799 naturae
2253 747 2492 800 nostrae
2531 736 2590 797 in
2633 749 2896 800 nostram
2937 736 3198 816 ipsorum
3243 742 3304 800 δι
3347 741 3630 802 aliorum

661 817 987 896 perniciem
1025 817 1295 894 obsequi.

841 1021 899 1080 6.
980 1021 1251 1100 Expetite
1274 1030 1485 1100 pacem
1527 1020 2074 1098 Hierosolymorum
2115 1019 2378 1082 dicentes
2391 1065 2410 1097 ,
2457 1023 2809 1099 Tranquilli
2843 1025 2968 1082 sint
2998 1029 3260 1082 amantes
3299 1026 3400 1082 tui
3409 1040 3435 1080 .·

1036 1215 1089 1274 7.
1172 1197 1267 1258 Sit
1285 1206 1427 1277 pax
1462 1199 1525 1258 in
1552 1199 2026 1278 praemunitione
2063 1207 2166 1258 tua
2179 1243 2198 1276 ,
2241 1200 2646 1277 tranquillitas
2685 1202 2748 1258 in
2775 1201 3032 1280 palatiis·
3071 1202 3204 1259 tuis.

742 1377 935 1452 vau
986 1374 1183 1468 multis
1232 1374 1754 1437 circumsideamur
1792 1373 1966 1436 bonis
2004 1377 2040 1434 a
2079 1374 2345 1436 Domino
2385 1374 2446 1434 in
2487 1373 2760 1435 Ecclesia
2800 1374 2959 1455 eius,
3001 1377 3057 1436 &
3100 1385 3392 1452 quantam
3441 1379 3618 1438 laeti-

660 1457 803 1518 tiam
862 1457 923 1518 in
984 1455 1193 1516 animis
1253 1454 1468 1517 nostris
1527 1475 1600 1516 ex
1662 1475 1737 1516 eo
1780 1453 2206 1547 percipiamus,
2267 1456 2554 1516 hactenus
2595 1454 2760 1532 satis,
2803 1421 3024 1516 iudicio
3071 1459 3231 1524 ineo,
3277 1475 3356 1516 ex
3399 1459 3618 1518 verbis

662 1537 995 1614 Prophetae
1040 1535 1394 1597 audiuimus.
1456 1537 1613 1595 Nam
1654 1555 1791 1595 cum
1834 1537 1890 1596 δι
1929 1533 2174 1614 priuatis
2214 1533 2580 1613 singulorum
2623 1536 3030 1596 membrorum
3075 1499 3318 1612 officiiS,
3353 1539 3416 1596 δι
3439 1556 3616 1598 com·

662 1617 939 1678 munibus
993 1615 1107 1676 Dei
1158 1615 1218 1675 in
1274 1633 1493 1694 corpus
1532 1626 1725 1676 toturn
1765 1615 2070 1676 Ecclesiae
2111 1621 2477 1692 summisque
2516 1614 2818 1676 benefieiis
2859 1615 3015 1676 intus
3058 1617 3114 1675 δι
3137 1616 3302 1675 'foris
3343 1617 3612 1678 demon-

660 1696 885 1773 stratis,
926 1695 1331 1788 potentissime
1372 1696 1668 1787 Propheta
1708 1715 1773 1755 se
1812 1697 1867 1756 δι
1907 1695 2237 1755 Ecclesiam
2277 1695 2531 1773 priscam
2574 1695 2694 1756 suis
2738 1697 3112 1774 temporibus
3154 1697 3232 1756 ad
3273 1696 3444 1755 hanc
3489 1701 3610 1758 lae·

658 1776 846 1837 titiam
909 1774 1283 1836 excitauerit.
1334 1795 1477 1853 nos,
1530 1774 1633 1854 qui
1674 1777 1871 1835 Deum
1912 1793 2040 1836 esse
2079 1774 2354 1836 nouimus
2393 1775 2938 1836 constantissimum
2985 1777 3046 1836 in
3085 1774 3608 1854 promissionibus

656 1856 909 1935 gratiae,
968 1857 1024 1916 δι
1084 1856 1319 1917 salutari
1380 1855 1770 1917 beneficentia
1822 1855 1883 1916 in
1938 1857 2268 1916 Ecclesiam
2309 1871 2507 1948 suam,
2547 1854 2758 1915 iisdem
2799 1859 2867 1932 (f.
2916 1861 3055 1932 724)
3103 1857 3478 1948 argumentis
3518 1861 3604 1918 vti

656 1955 899 1998 necesse
938 1945 1055 2014 est,
1096 1945 1159 1996 vt
1198 1938 1623 1997 confirmemur
1658 1934 1797 2015 ipsi,
1837 1936 1894 1994 δι
1933 1935 2081 1996 alios
2119 1935 2180 1995 in
2223 1935 2564 2013 cognitione
2605 1955 2676 1996 ac
2717 1937 3082 1997 conscientia
3123 1935 3390 1997 eiusdem
3410 1938 3602 2000 boni.

656 2017 859 2094 quoad
895 2015 1021 2078 eius
1059 2034 1164 2094 per
1200 2035 1313 2076 nos
1354 2015 1479 2076 fieri
1519 2025 1746 2094 potest,
1786 2017 2226 2076 confirmemus.

731 2098 931 2174 Atque
993 2097 1140 2156 haec
1198 2095 1440 2174 quidem
1490 2095 1823 2156 Christiana
1870 2095 2090 2156 laetitia
2137 2096 2198 2156 in
2235 2093 2412 2156 nobis
2454 2095 2745 2156 eiusmodi
2785 2105 2902 2173 est,
2943 2105 3007 2155 vt
3047 2114 3293 2157 omnem
3342 2109 3586 2158 metum

650 2182 1015 2254 omnemque
1052 2175 1326 2238 dolorem
1371 2175 1629 2237 eximere
1666 2195 1739 2236 ex
1780 2175 2078 2237 mentibus
2115 2174 2333 2236 nostris
2375 2177 2430 2236 δι
2469 2177 2674 2254 fugare
2715 2176 2927 2268 possit,
2970 2175 3020 2236 si
3049 2195 3182 2236 eam
3204 2175 3412 2237 animo
3443 2183 3592 2240 vere

650 2255 1057 2335 concepimus.
1109 2257 1228 2318 Sed
1277 2255 1415 2334 quia
1467 2255 1620 2318 illius
1659 2257 1881 2348 gratiae
1919 2255 2268 2334 virtutIsque
2307 2253 2543 2316 diuinae
2585 2260 2760 2334 (quae
2799 2255 2860 2315 in
2900 2275 2966 2316 se
3003 2267 3094 2316 est
3133 2257 3590 2318 absolutissima

650 2336 1220 2428 perfectissimaque)
1272 2354 1477 2398 sensus
1529 2348 1617 2398 est
1670 2337 1729 2397 in
1772 2337 1949 2397 nobis
1990 2335 2564 2429 imperfectissimus:
2607 2347 2924 2414 propterea
2963 2335 3154 2396 visum
3197 2346 3286 2396 est
3331 2337 3592 2414 Spiritui

648 2428 857 2480 sancto
872 2463 890 2498 ,
945 2415 1216 2495 exposita
1268 2437 1376 2496 per
1430 2417 1789 2496 Prophetam
1842 2415 2064 2478 laetitia
2085 2414 2389 2509 spirituali
2429 2425 2663 2495 nostra,
2704 2415 3166 2495 certissimisque
3209 2415 3368 2479 illius
3410 2437 3592 2509 argu-

648 2499 890 2577 mentis,
950 2497 1231 2558 effectum
1290 2497 1545 2559 laetitiae
1596 2497 1751 2558 illius
1799 2496 2343 2558 coniunctissimum
2400 2496 2628 2575 reliquo
2669 2498 2908 2557 Psalmo
2951 2515 3248 2575 exponere
3289 2497 3588 2560 nimirum

644 2578 947 2671 publicam
989 2576 1494 2639 denuntiationem
1537 2576 1792 2639 laetitiae
1834 2576 1988 2637 illius
2029 2596 2102 2639 ex
2143 2576 2342 2637 studio
2393 2576 2732 2638 Christiano
2747 2622 2765 2655 ,
2807 2578 3412 2654 procurationemque
3457 2580 3588 2639 dili-

643 2656 1046 2755 gentissimam
1098 2658 1252 2719 illius
1306 2658 1561 2719 laetitiae
1610 2657 2036 2737 propagandae
2085 2658 2145 2717 in
2187 2656 2629 2717 vniuersitatem
2670 2656 3010 2737 Ecclesiae3
3052 2678 3124 2717 ex
3167 2674 3290 2735 quo
3332 2657 3588 2737 ingene-

644 2748 839 2799 ratum
876 2748 966 2799 est
1004 2742 1067 2797 in
1108 2738 1286 2800 nobis
1326 2738 1626 2817 spirituale
1668 2738 1992 2829 gaudium,
2025 2738 2102 2797 de
2142 2755 2264 2815 quo
2305 2740 2444 2797 ante
2487 2736 2763 2798 diximus.
2822 2737 2894 2796 Id
2935 2704 3096 2798 enim
3139 2740 3408 2797 naturale
3461 2752 3586 2799 est.

644 2829 706 2878 vt
759 2818 981 2879 laetitia
1032 2818 1337 2879 hominem
1378 2819 1548 2898 quasi
1587 2819 1795 2879 fundat
1836 2820 1891 2879 δι
1932 2817 2138 2878 dilatet
2180 2816 2376 2878 modis
2421 2816 2732 2893 omnibus;
2773 2827 2837 2876 vt
2875 2820 3119 2895 contra,
3157 2816 3390 2877 tristitia
3433 2838 3586 2880 con·

642 2898 815 2959 trahit
854 2896 1192 2977 hominem,
1233 2901 1288 2960 δι
1332 2897 1784 2976 quodammodo
1826 2898 1889 2958 in
1926 2908 2239 2975 angustum
2283 2898 2476 2975 cogit:
2519 2896 2622 2975 qui
2662 2899 2944 2974 laetatur,
2986 2896 3332 2957 diffunditur
3373 2897 3436 2957 in
3483 2918 3588 2976 se,

640 2980 697 3039 δι
738 2988 903 3040 extra
940 2997 1036 3053 se,
1076 2996 1189 3039 nec
1230 2990 1427 3057 potest
1465 2978 1608 3055 quin
1649 2988 1921 3056 erumpat
1958 2977 2121 3055 apud
2163 2976 2358 3038 alios‘
2343 2998 2402 3038 ιιι
2425 2976 2898 3037 testificationem
2920 2976 3177 3037 laetitiae
3197 2994 3368 3037 suae.
3395 2996 3582 3071 quam

638 3078 765 3119 rem
828 3076 1033 3119 sensus
1095 3069 1339 3119 naturae
1400 3059 1612 3137 docet,
1672 3060 1727 3117 δι
1778 3057 2076 3136 parabolis
2129 3056 2587 3117 euidentissimis
2627 3056 2916 3148 expressit
2956 3057 3224 3117 Christus
3241 3101 3260 3135 ,
3317 3056 3432 3117 viri
3473 3060 3582 3136 qui

638 3155 817 3199 ouem
862 3136 1229 3217 perdiderat,
1272 3138 1567 3200 foeminae
1608 3155 1761 3217 quae
1800 3140 2178 3216 drachmam,
2222 3139 2278 3197 δι
2319 3135 2754 3229 patrisfamilias
2793 3136 2896 3214 qui
2937 3137 3141 3196 filium.
3183 3138 3333 3197 Luc.
3385 3154 3478 3216 15.
3521 3160 3580 3212 4.

638 3222 693 3277 8.
745 3238 835 3279 ιι.
897 3218 1239 3279 Secundum
1279 3220 1434 3278 hanc
1476 3219 1651 3297 igitur
1692 3217 1985 3280 rationem
2026 3218 2325 3295 Propheta
2363 3234 2529 3277 suam
2573 3216 2756 3295 ipsius
2777 3217 2832 3277 δι
2855 3235 3240 3277 communem
3265 3218 3580 3279 Ecclesiae

634 3297 917 3361 laetitiam
972 3301 1111 3359 clim
1168 3298 1577 3391 descripsisset
1628 3298 1824 3359 verbis
1866 3298 2391 3369 antecedentibus,
2435 3296 2556 3357 iam
2599 3298 2758 3357 venit
2798 3298 2878 3357 ad
2919 3296 3082 3356 illam
3125 3296 3576 3358 inclinationem

633 3382 961 3439 naturalem
1024 3378 1307 3455 laetitiae,
1368 3379 1643 3439 nimirum
1702 3380 1783 3439 ad
1838 3376 2145 3471 publicam
2199 3377 2724 3437 denunciationem
2777 3376 2964 3453 illius,
3020 3380 3076 3437 δι
3113 3376 3574 3437 saluberrimam

630 3458 1111 3520 adhortationem
1152 3458 1227 3519 ad
1270 3477 1479 3538 pacem
1496 3506 1513 3535 ,
1556 3476 1677 3535 qua
1716 3458 1941 3519 laetitia
1981 3456 2155 3518 alitur
2195 3468 2374 3534 atque
2413 3456 2754 3517 continetur
2793 3458 2872 3517 ad
2914 3457 3031 3517 Dei
3073 3455 3346 3535 gloriam.

712 3540 1011 3600 Docturus
1064 3548 1263 3599 autern
1320 3541 1621 3617 Propheta
1674 3536 1821 3598 illud
1876 3538 2139 3598 officium
2181 3536 2343 3614 pacis
2383 3538 2462 3596 ad
2502 3536 2757 3597 laetitiae
2799 3536 3318 3598 conseruationem
3364 3556 3576 3614 perne-

632 3620 983 3698 cessarium,
1044 3620 1281 3681 duobus
1336 3618 1531 3679 modis
1584 3620 1892 3679 credentes
1950 3616 2184 3677 instruit
2225 3618 2303 3677 de
2343 3619 2455 3677 hac
2500 3615 2832 3677 Christiana
2875 3634 3043 3694 pace.
3105 3618 3264 3676 Nam
3307 3618 3572 3693 primum

631 3700 967 3760 hortatione
1008 3700 1187 3760 vtitur
1228 3699 1770 3775 vehementissima,
1812 3710 2095 3791 tanqu-am
2137 3715 2355 3774 praeco
2379 3696 2851 3775 religiosissimus
2874 3696 3194 3757 voluntatis
3217 3696 3366 3773 Dei,
3385 3715 3568 3758 versu

629 3790 797 3839 sexto
860 3784 915 3841 δι
977 3780 1263 3857 septimO,
1323 3796 1477 3857 quos
1527 3784 1662 3840 ante
1722 3778 2164 3854 exscripsimus.
2230 3777 2462 3838 Deinde
2528 3780 2672 3838 vero
2733 3794 2906 3836 suum
2971 3776 3154 3853 ipsius
3219 3778 3570 3854 exemplum

628 3860 915 3951 spondet,
968 3863 1022 3919 δι
1072 3870 1209 3920 ante
1248 3862 1460 3921 oculos
1508 3860 1742 3937 piorum
1784 3860 2024 3919 exhibet
2065 3876 2193 3917 sese
2235 3858 2395 3917 uelut
2437 3860 2650 3917 ducem
2693 3858 2952 3916 futurum
2995 3876 3068 3916 ex
3111 3860 3276 3916 facto
3339 3859 3421 3916 ad
3463 3858 3578 3917 ista

626 3938 857 4017 pietatis
914 3940 1143 4013 officia,
1198 3958 1321 4000 non
1377 3951 1573 4001 autem
1616 3940 1884 4001 vocalem
1928 3941 2123 3998 solum
2165 3956 2556 4015 praeconem,
2601 3948 2998 4015 spectatorem
3015 3978 3031 4009 ‚
3079 3939 3574 4013 hortatoremque

626 4019 915 4097 otiosum,
970 4019 1206 4079 duobus
1252 4020 1514 4080 versibus
1562 4021 1793 4083 vltimiS.
1860 4021 2018 4080 Cum
2059 4027 2257 4077 autem
2299 4036 2576 4078 sermone
2617 4017 2865 4078 instituit
2907 4018 3130 4076 docere
3177 4016 3326 4076 alios
3366 4016 3574 4077 Chris-

3339 4095 3570 4159 tianam

2277 4587 2280 4588 ξ
2346 4582 2360 4586 ff
