3923 4875
110 2825 115 2864 ›-
111 2737 115 2780 Ψ-
110 2659 117 2700 ..-
111 2581 115 2614 -—
110 2410 117 2538 ———-
110 2330 117 2371 0·—
112 2164 119 2291 —-—
113 2086 119 2125 ν.-
112 2000 119 2043 —-
112 1920 121 1961 .-
112 1840 121 1881 ..η
115 1758 119 1797 ..-
115 1676 118 1713 -,

1387 328 1794 371 trutinet
1856 328 2070 371 runs
2127 328 2168 371 1.
3129 314 3242 387 467

250 504 487 563 quam
531 485 813 547 sentimus
851 504 988 547 cum
1028 486 1237 548 animis
1275 488 1515 563 nostris)
1554 498 1655 549 aut
1694 487 1865 549 breui
1900 486 2308 549 additamento
2329 534 2345 563 ,
2413 506 2536 547 non
2583 488 2938 567 scriptorum
2979 491 3243 551 centoni-

260 568 408 627 bus
462 566 753 644 praestari
794 568 911 627 hoc
956 578 1179 645 potest,
1228 579 1329 628 aut
1369 570 1561 647 (quod
1597 578 1687 629 est
1726 568 2142 645 certissimum)
2184 566 2284 628 vni
2324 572 2380 629 &
2421 566 2587 627 alteri
2629 586 2834 628 eorum
2878 568 2980 645 qui
3018 589 3146 629 rem
3185 570 3244 631 in

262 646 561 707 dubium
601 658 849 727 vocant,
890 658 1161 709 testatam
1200 648 1373 709 certis
1414 648 1593 709 literis
1629 650 1823 709 facere
1864 659 2126 709 mentem
2169 658 2450 709 nostram.
2491 647 2733 725 Alioqui
2775 646 2834 707 in
2870 665 3048 709 causa
3069 650 3246 730 fidei3

266 725 455 806 quid
524 738 611 787 est
672 747 777 787 cur
840 740 1181 805 tantopere,
1242 726 1291 789 si
1334 727 1479 806 quid
1519 728 1811 807 singulare
1852 728 2179 807 credimus,
2241 726 2370 789 aliis
2410 722 2838 802 obtrudamus?
2898 728 3074 807 quid,
3139 748 3246 791 cur

268 809 658 869 laboremus
712 818 775 867 vt
826 806 1077 868 sentiant
1116 808 1211 883 alij
1257 828 1369 869 nos
1408 808 1529 869 hoc
1566 818 1670 869 aut
1708 808 1852 870 illud
1892 808 2170 887 credere,
2223 812 2278 869 &
2321 828 2449 869 esse
2489 804 3001 887 persuasissimos?
3057 811 3240 873 modo

268 908 361 949 ne
410 890 504 947 ab
546 906 819 965 expressa
858 890 1048 949 forma
1087 906 1369 955 sanorum
1416 891 1735 950 verborum
1774 894 1864 966 (vt
1902 890 2114 949 Paulus
2157 902 2332 949 vocat
2379 909 2432 950 2.
2453 888 2610 949 Tim.
2645 908 2693 949 1.
2729 891 2846 965 13.)
2870 888 3242 970 absistamuS,

278 968 528 1030 merito
572 966 775 1029 omnia
814 972 1027 1045 susque
1066 968 1258 1045 deque
1301 970 1451 1029 ferre
1494 987 1839 1047 possumuS,
1898 986 2052 1047 quae
2093 970 2170 1030 ab
2210 967 2338 1029 aliis
2380 970 2456 1031 de
2500 979 2696 1030 mente
2737 979 2940 1029 nostra
2980 970 3243 1047 cogitan-

280 1062 433 1125 tur3
478 1050 537 1109 δι
577 1046 689 1125 ipsi
730 1045 905 1108 nobis
947 1046 1021 1123 (si
1060 1048 1143 1107 ita
1184 1051 1401 1127 placet)
1442 1068 1653 1111 canere
1695 1048 1821 1109 sine
1860 1060 2026 1109 motu
2068 1047 2332 1128 public0.

378 1132 523 1189 Iam
568 1132 709 1188 vero
750 1127 1024 1189 conuicia
1062 1127 1209 1206 sint,
1250 1126 1525 1206 iniuriae,
1568 1128 2042 1207 criminationes,
2083 1129 2299 1207 quibus
2341 1127 2674 1207 appetimur
2713 1130 2931 1207 palam.
2973 1149 3079 1189 cur
3121 1148 3242 1189 non

284 1206 513 1287 potius
553 1206 823 1285 ferimuS,
875 1219 939 1268 vt
978 1206 1321 1271 Corinthios
1367 1220 1567 1271 monet
1606 1211 1964 1289 Apostolus3
2005 1210 2186 1287 quarn
2227 1219 2288 1269 vt
2329 1206 2740 1270 eiulationibus
2783 1212 2836 1269 &
2858 1207 3244 1285 querimoniis

288 1306 523 1349 eorum
584 1306 753 1347 aures
794 1290 1139 1366 oppleamus
1194 1307 1448 1365 quorum
1490 1309 1613 1351 non
1653 1284 1932 1350 interest?
2000 1310 2051 1351 1.
2092 1289 2232 1350 Cor.
2276 1290 2332 1349 6.
2381 1306 2434 1364 7.
2479 1286 2862 1349 Aristotelem
2904 1288 3066 1348 illum
3111 1288 3242 1350 Phi·

288 1368 635 1459 lqsophum
698 1367 1145 1429 celeberrimum
1208 1382 1443 1430 narrant
1504 1368 1799 1447 historici,
1858 1372 1994 1430 cum
2051 1370 2090 1429 a
2151 1369 2416 1446 quodam
2455 1366 2696 1429 inimico
2737 1370 2950 1430 absens
2987 1368 3244 1447 grauiter

290 1450 621 1509 traductus
672 1460 855 1525 esset,
897 1447 1134 1509 cuidam
1188 1447 1264 1509 ad
1302 1448 1493 1527 ipsum
1542 1448 1815 1511 referenti
1869 1452 1927 1511 δι
1977 1448 2371 1510 exstimulanti
2412 1446 2809 1527 respondisse:
2871 1447 3066 1509 Etiam
3109 1449 3246 1509 licet

294 1529 621 1589 absentem
676 1530 961 1589 verberet.
1004 1530 1083 1589 Et
1126 1548 1236 1589 nos
1278 1527 1639 1591 Christianos
1681 1548 1866 1607 vsque
1904 1531 2059 1591 adeo
2101 1530 2308 1590 molles
2349 1530 2404 1589 δε
2446 1528 2780 1589 fastidiosos
2823 1546 2984 1607 esse,
3049 1540 3110 1587 vt
3149 1548 3244 1590 res

296 1608 607 1671 eiusmodi
641 1627 761 1667 non
804 1608 1095 1686 possimus
1136 1618 1546 1683 contemnere,
1610 1610 1667 1671 &
1707 1608 1875 1688 quasi
1914 1609 2168 1688 pedibus
2208 1606 2434 1671 terere?
2495 1607 2757 1681 Deinde,
2817 1627 2894 1669 an
2947 1607 3244 1669 nescimus

299 1689 481 1767 quod
536 1687 677 1749 olim
720 1689 1041 1766 prudenter
1081 1690 1365 1750 monebat
1402 1690 1671 1768 TacituS,
1731 1688 2038 1767 conuicia,
2099 1689 2148 1750 si
2189 1688 2438 1750 irascare
2457 1734 2476 1766 ,
2533 1687 2732 1767 agnita
2771 1687 2986 1749 videri:
3047 1698 3244 1767 spreta

300 1762 694 1829 exolescere?
755 1768 887 1829 Lib.
930 1789 989 1844 9.
1028 1771 1241 1829 Annal.
1287 1770 1470 1847 Quod
1512 1769 1561 1831 si
1600 1769 1661 1831 id
1702 1772 1780 1830 ab
1820 1787 2184 1847 vnoquoque
2228 1781 2436 1829 natura
2474 1766 2678 1847 exigit,
2741 1770 2796 1829 δε
2837 1768 3020 1830 dictat
3061 1768 3240 1845 rati0,

302 1866 431 1926 quo
476 1846 599 1909 iure
641 1867 753 1909 nos
792 1848 947 1910 serui
988 1848 1235 1928 Christi,
1286 1850 1387 1927 qui
1429 1848 1647 1929 Spiritu
1688 1848 1906 1911 Christi
1944 1848 2200 1911 viuimus
2239 1848 2300 1910 in
2341 1867 2594 1927 corpore
2635 1846 2880 1927 Christi,
2921 1847 3024 1926 qui
3063 1848 3242 1909 armis

305 1927 567 1989 iustitiae
628 1928 999 1989 dextrorsum
1040 1930 1095 1989 δι
1135 1929 1533 1991 sinistrorsum
1574 1951 1679 2009 per
1721 1932 2012 1991 honorem
2055 1932 2110 1991 δι
2151 1928 2536 2008 ignominiam
2578 1946 2688 2006 pro
2727 1927 2991 1989 Domino
3033 1938 3239 1989 nostro

307 2008 605 2070 debemus
647 2008 1045 2085 contendere,
1084 2009 1187 2087 qui
1227 2011 1403 2071 etiam
1444 2010 1601 2071 beati
1639 2010 1891 2071 dicimur
1930 2010 2050 2071 hoc
2091 2008 2222 2087 ipso
2263 2008 2402 2069 fidei
2441 2010 2496 2069 δι
2535 2006 2848 2087 patientiae
2879 2007 3240 2087 testimoni0,

306 2088 649 2150 desinemus
688 2092 725 2149 a
764 2090 1071 2167 sequendo
1113 2090 1379 2167 Christe,
1419 2093 1474 2151 δι
1516 2092 1703 2159 salute
1744 2102 1945 2151 nostra
1985 2089 2281 2168 ipsorum,
2321 2088 2632 2166 alienaque
2672 2089 3138 2167 propugnanda,
3178 2100 3242 2149 vt

306 2169 385 2229 de
437 2169 613 2230 rebus
666 2169 991 2248 studiisque
1042 2168 1261 2231 nostris
1316 2170 1705 2250 singularibus
1756 2180 2200 2247 concertemus,
2249 2179 2426 2247 atque
2480 2168 2738 2229 inuicem
2778 2164 3240 2229 consumamus?

312 2268 421 2310 cur
484 2247 681 2327 potius
740 2268 863 2311 non
924 2250 1279 2327 cogitamus,
1342 2250 1391 2313 si
1450 2252 1546 2311 hic
1585 2262 1688 2311 aut
1725 2251 1821 2311 ille
1863 2270 1974 2312 nos
2014 2260 2224 2329 petunt
2262 2248 2579 2325 conuiciis,
2641 2266 2770 2309 esse
2810 2246 2988 2309 nobis
3026 2250 3242 2309 contra

311 2328 839 2407 locupletissimum
882 2330 1025 2403 Dei,
1066 2334 1121 2391 δι
1160 2330 1339 2391 animi
1382 2330 1595 2409 nostri,
1636 2332 1693 2393 &
1739 2332 2069 2408 bonorum,
2111 2330 2271 2407 apud
2313 2346 2464 2407 quos
2489 2327 2772 2407 viuimus,
2813 2327 3241 2409 testimonium,

312 2427 434 2488 quo
476 2408 607 2470 freti
644 2408 1120 2488 acquiescamuS,
1160 2414 1215 2474 δι
1252 2410 1651 2474 abstineamus
1690 2412 1768 2474 ab
1810 2409 1921 2472 ista
1959 2408 2122 2470 inani
2155 2403 2563 2472 solicitudine?
2605 2428 2758 2488 quae
2780 2408 2827 2470 si
2849 2428 2959 2471 nos
2981 2419 3242 2488 torquet,

316 2490 428 2569 ipsi
466 2510 601 2551 cum
645 2491 773 2552 aliis
812 2491 1147 2570 perdimur3
1186 2491 1235 2552 si
1276 2511 1397 2553 non
1438 2503 1705 2570 torquet,
1748 2491 2078 2583 perduntur
2115 2491 2234 2552 tela
2265 2489 2818 2551 contradicentium.
2859 2491 3056 2550 Taceo
3075 2491 3242 2568 quod

318 2573 452 2630 ante
492 2569 767 2648 exposui,
826 2568 1025 2649 inique
1068 2573 1263 2633 facere
1303 2591 1407 2632 eos
1444 2571 1549 2650 qui
1587 2571 1859 2633 conuicia
1893 2569 2124 2649 scriptis
2162 2569 2382 2650 passim
2421 2569 2834 2631 disseminant:
2876 2589 2949 2630 ac
2989 2569 3241 2647 proinde

323 2649 495 2710 etiam
548 2649 913 2728 iniquitatem
954 2652 1209 2712 eandem
1248 2654 1327 2712 ab
1368 2650 1435 2712 iis
1474 2651 1847 2729 confirmari,
1898 2650 2002 2729 qui
2043 2669 2248 2710 coram
2288 2649 2496 2711 iisdem
2544 2648 2790 2711 testibus
2831 2648 3241 2727 iudicibusque

322 2729 681 2791 constituunt
736 2732 1217 2810 respondendum
1271 2751 1429 2810 esse,
1488 2735 1543 2794 δι
1594 2731 1759 2810 quasi
1815 2733 1871 2792 in
1924 2734 2056 2792 foro
2107 2730 2548 2808 incompetente
2603 2732 2690 2822 (vt
2731 2733 2973 2805 vocant)
3015 2731 3242 2791 obeunt

324 2809 745 2872 vadimonium.
784 2811 845 2872 Si
885 2810 1045 2872 enim
1084 2811 1323 2903 purgari
1362 2832 1459 2872 me
1498 2811 1753 2890 exempli
1792 2829 1972 2872 causa
2009 2811 2086 2872 ab
2127 2809 2372 2872 alicuius
2407 2810 2664 2871 hominis
2689 2807 3076 2888 contumelia,
3119 2828 3242 2870 non

325 2889 459 2950 dico
508 2910 639 2950 mea
686 2891 872 2968 (prius
924 2891 1045 2952 ima
1085 2892 1347 2952 dehiscat
1386 2903 1539 2953 terra
1582 2891 1745 2968 mihi)
1788 2893 1894 2954 sed
1932 2890 2127 2952 aliena
2166 2891 2221 2950 δι
2261 2889 2520 2951 veritatis
2559 2888 2740 2968 ipsius
2779 2906 2958 2950 causa
2999 2908 3242 2950 necesse

325 2983 431 3030 est:
472 2971 749 3047 equidem
794 2971 989 3032 malim
1030 2971 1189 3049 apud
1232 2992 1337 3033 eos
1378 2993 1473 3032 me
1515 2971 1773 3051 legitime
1814 2990 2099 3051 purgare,
2141 2969 2243 3048 qui
2284 2971 2541 3049 legitime
2575 2980 2830 3062 possunt
2851 2988 3244 3048 cognoscere,

326 3055 495 3127 quam
536 3049 809 3112 miseram
848 3053 1081 3130 plebem
1122 3071 1197 3112 eo
1236 3051 1475 3114 nomine
1496 3071 1913 3128 commouere,
1955 3070 2109 3129 quae
2131 3070 2241 3112 nec
2264 3049 2621 3129 cognitionis
2640 3049 3032 3110 instituendae
3053 3068 3242 3128 capax

329 3141 437 3202 est,
488 3149 599 3190 nec
648 3131 847 3206 iudicij
904 3131 1160 3194 faciendi
1211 3131 1337 3193 sine
1388 3131 1729 3212 cognitione
1782 3131 2075 3210 legitima,
2131 3151 2241 3192 nec
2281 3150 2408 3192 sese
2449 3129 2707 3207 denique
2746 3149 2818 3190 ex
2863 3128 3088 3190 miseris
3131 3127 3242 3190 illis

331 3211 381 3270 &
430 3211 732 3272 horrendis
783 3211 1161 3288 factionibuS,
1223 3231 1373 3290 quae
1416 3215 1531 3275 hoc
1572 3213 1758 3275 modo
1802 3211 2020 3274 exoriri
2057 3213 2284 3290 solent,
2343 3221 2537 3288 potest
2577 3209 2898 3270 commode
2937 3208 3238 3270 extricare.

335 3289 487 3351 Prius
535 3289 711 3368 igitur
761 3305 875 3368 est,
940 3305 999 3352 vt
1054 3305 1505 3354 contemnamus
1546 3293 1848 3354 conuicia:
1912 3291 2234 3370 posteriuS,
2297 3290 2346 3352 si
2385 3290 2650 3350 animum
2693 3302 2964 3350 nostrum
3007 3288 3243 3350 vincere

332 3369 431 3448 ipsi
467 3390 585 3430 non
628 3390 973 3448 possumuS,
1014 3383 1115 3432 aut
1156 3393 1249 3434 res
1286 3374 1703 3452 postulauerit,
1748 3385 1809 3432 vt
1852 3371 2284 3434 conuiciatores
2323 3370 2588 3449 legitima
2629 3367 2975 3448 cognitione
2999 3367 3243 3430 conuin-
3296 3389 3308 3400 ·

337 3469 551 3528 camus,
604 3451 884 3512 docendo
936 3451 1213 3514 iustitiam
1252 3465 1545 3518 nostram.
1608 3472 1733 3514 non
1774 3452 2044 3514 iniuriam
2087 3453 2324 3514 illorum
2366 3451 2801 3529 persequenda
2864 3451 2994 3510 Vae
3032 3449 3244 3540 nobis,

338 3531 429 3610 qui
464 3531 675 3608 primas
714 3531 1059 3594 eruditionis
1096 3533 1424 3612 ambimuS,
1462 3533 1719 3613 fugimus
1758 3532 2001 3608 silentij:
2063 3531 2124 3594 in
2163 3549 2287 3610 quo
2327 3543 2526 3592 tamen
2569 3530 2748 3591 etiam
2789 3529 3091 3602 Christus,
3139 3547 3243 3607 qui

340 3609 533 3672 veritas
591 3623 707 3684 est,
771 3614 993 3673 bonam
1050 3613 1487 3674 confessionem
1542 3633 1747 3675 coram
1802 3611 1995 3675 Pilato
2045 3615 2348 3674 confessus
2404 3621 2514 3672 est.
2576 3609 2698 3687 Qui
2734 3629 2859 3670 non
2899 3619 3242 3688 responsat,

341 3690 785 3752 conuiciatorem
824 3693 1139 3755 confundit
1179 3695 1387 3772 plane3
1430 3694 1529 3771 qui
1572 3705 1773 3754 autem
1815 3693 2152 3772 conuincit,
2193 3693 2349 3752 hanc
2382 3689 2880 3752 existimationem
2901 3709 3079 3768 saepe
3100 3707 3242 3749 con-

342 3771 477 3830 ciliat
525 3771 671 3842 sibi,
726 3787 785 3831 vt
838 3793 911 3833 ex
963 3772 1331 3852 impatientia
1375 3778 1430 3836 δι
1470 3775 1650 3834 animi
1690 3771 2134 3852 perturbatione
2175 3770 2578 3834 aduersarium
2618 3769 2892 3849 persequi
2933 3769 3243 3830 iudicetur.

344 3851 395 3912 id
432 3863 649 3928 autem,
704 3871 809 3914 seu
851 3857 1017 3930 vere,
1068 3873 1173 3914 seu
1214 3855 1362 3914 falso
1403 3854 1723 3934 iudicetur,
1765 3855 2022 3914 fructum
2063 3851 2362 3929 ministerij
2406 3849 2654 3930 impedit
2696 3849 3243 3928 vehementissime,

346 3945 507 3992 totum
552 3951 673 3992 non
716 3937 847 3995 raro
888 3933 1207 4012 intercipit:
1268 3936 1345 3994 Et
1386 3935 1525 3994 satis
1566 3955 1809 4014 magnas
1849 3953 2078 4012 poenas
2119 3944 2244 3993 tum
2264 3933 2381 3993 hoc
2402 3931 2534 4010 ipso
2559 3943 2824 4010 tempore
2846 3929 3004 4009 apud
3027 3931 3246 4008 bonoS,

348 4025 451 4072 tum
488 4013 683 4072 futuro
722 4013 779 4073 in
822 4013 1225 4092 posteritatem
1267 4013 1703 4076 conuiciatores
1737 4013 2092 4092 reportaturi
2113 4025 2278 4090 sunt,
2316 4012 2492 4074 nobis
2514 4009 2884 4089 tacentibuS,
2926 4012 2981 4071 &
3003 4027 3246 4070 causam

348 4103 579 4152 nostram
620 4094 1127 4155 committentibus
1164 4093 1463 4172 Domino,
1495 4094 1590 4156 cui
1628 4093 1933 4156 seruimus.
1981 4097 2074 4155 De
2112 4093 2302 4154 causis
2341 4097 2484 4154 vero
2525 4091 2742 4170 quibus
2781 4089 2860 4150 ad
2891 4109 2986 4152 res
3071 4108 3244 4150 nsan-

348 4173 467 4232 dum
512 4192 688 4250 saepe
726 4173 1106 4247 adducimur,
1156 4175 1327 4234 locus
1368 4175 1577 4236 eadem
1619 4175 1801 4254 opera
1841 4175 2168 4254 explicatus
2211 4185 2298 4235 est
2369 4173 2508 4233 cum
2552 4174 2628 4232 de
2663 4168 2930 4250 personis
3011 4169 3242 4231 iximus.

349 4253 475 4312 Nam
512 4265 615 4312 aut
656 4255 735 4314 ad
778 4257 971 4314 Deum
1012 4255 1067 4314 δι
1110 4253 1415 4316 veritatem
1454 4254 1638 4332 illius,
1678 4267 1781 4317 aut
1819 4255 1897 4316 ad
1940 4275 2070 4326 nos,
2111 4266 2213 4316 aut
2253 4219 2330 4314 ad
2363 4251 2510 4314 alios
2529 4261 2820 4331 spectant.
2861 4251 3244 4329 Quapropter

350 4331 595 4394 iudicium
640 4335 797 4394 idem
840 4335 964 4396 fieri
1006 4336 1082 4396 de
1124 4333 1193 4394 iis
1232 4353 1477 4396 necesse
1520 4351 1629 4396 est.
1674 4334 2020 4398 Praesertim
2063 4340 2202 4398 vero
2247 4353 2451 4396 seruos
2491 4333 2606 4394 Dei
2645 4351 2752 4413 per
2791 4329 3091 4472 Chrigtum
3111 4349 3240 4410 oro,

2907 4431 2928 4472 1
3010 4430 3245 4488 semper
