3923 4875
102 988 123 1307 0-·=·=-·-
104 578 127 869 ..ιη’-’-

100 1890 107 1931 -—
100 1808 107 1849 —
100 1728 109 1767 -v
100 1642 109 1685 -ι
100 1544 113 1603 -v
102 1398 112 1523 -wv--w
102 1320 117 1357 ς.

1398 388 1799 433 ntnsuicl
1860 388 2076 433 PARS
2136 386 2176 431 1.
3123 390 3240 447 429

312 548 599 627 Spiritusz
652 569 727 609 ex
783 548 899 609 hac
958 549 1178 610 vnione
1234 549 1614 628 consequitur
1654 548 1795 610 vnio
1836 560 2180 611 sanctorum
2219 549 2372 610 inter
2411 570 2504 624 se,
2546 552 2602 609 δι
2643 546 3080 627 coagmentatio
3119 548 3246 609 siue

314 648 645 707 compages
700 628 1056 689 inuiolabilis
1072 674 1089 705 ,
1140 649 1321 708 quam
1364 632 1523 690 nulla
1572 649 1667 689 res
1706 640 1903 707 potest
1942 629 2268 691 dissoluere
2310 648 2410 690 aut
2449 630 2835 705 labefactare,
2875 628 3015 705 quia
3053 630 3248 689 nullus

308 728 524 770 eorum
563 727 743 787 quem
784 708 1023 770 Christo
1065 708 1231 770 dedit
1271 720 1439 788 pater
1480 712 1557 771 de
1592 728 1771 770 manu
1812 710 1939 770 eius
1981 709 2274 789 periturus
2316 724 2422 771 est.
2464 713 2634 771 Ioan.
2682 729 2769 769 10.
2819 712 2912 768 28.
2959 728 3052 787 ²9-

400 790 569 865 Quae
610 790 749 849 cum
790 788 870 850 ita
910 788 1059 867 sint,
1100 789 1271 849 facile
1314 788 1677 851 Christianus
1718 789 1968 868 quilibet
2007 789 2184 851 nobis
2221 807 2566 851 assensurus
2586 800 2706 864 est,
2747 789 2795 849 si
2816 789 3246 866 imperturbato

312 868 523 930 animo
563 870 641 929 ad
685 870 833 931 haec
872 870 1124 947 legenda
1164 869 1219 929 &
1259 869 1646 947 expendenda
1668 869 1920 931 venerit:
1965 889 2088 930 non
2111 890 2286 948 posse
2307 888 2650 947 quenquam
2672 868 3068 931 Christianum
3089 870 3250 929 bona

312 950 439 1009 fide
478 950 821 1010 renunciare
862 948 1273 1010 communioni
1312 950 1577 1028 alterius,
1619 968 1798 1027 quem
1839 949 2108 1011 Christus
2148 962 2253 1011 aut
2289 951 2556 1011 adiunxit
2594 949 2704 1011 sibi
2722 994 2737 1020 ,
2779 958 2880 1009 aut
2920 969 2982 1009 se
3011 948 3250 1009 adiunc-

314 1040 516 1088 turum
564 1048 735 1107 spem
786 1028 943 1089 facit.
999 1032 1153 1090 Nam
1191 1028 1295 1107 qui
1335 1032 1573 1089 fratrem
1618 1048 1822 1105 suum,
1864 1048 2102 1091 seruum
2142 1030 2290 1102 Dei,
2331 1032 2664 1091 membrum
2705 1028 2926 1089 Christi
2967 1030 3248 1105 proterue

310 1108 585 1185 abdicat,
632 1108 1029 1188 persequitur,
1070 1110 1336 1187 infestat,
1377 1120 1479 1169 aut
1518 1112 1633 1170 vlla
1670 1110 1931 1187 denique
1972 1110 2184 1171 iniuria
2223 1110 2435 1187 afficit,
2475 1110 2526 1169 is
2567 1129 2643 1170 eo
2685 1108 2817 1187 ipso
2857 1110 3014 1169 facto
3052 1106 3246 1168 Chris-

314 1201 445 1249 tum
506 1200 814 1251 auctorem
869 1188 1311 1250 communionis
1364 1189 1631 1251 salutaris
1686 1202 1924 1251 nostrae
1979 1190 2249 1266 abdicat,
2301 1190 2404 1267 qui
2443 1208 2556 1250 nos
2597 1188 2736 1267 sibi,
2778 1192 2834 1250 δι
2869 1188 3018 1249 alios
3057 1190 3244 1265 aeque

308 1288 389 1329 ac
433 1287 547 1330 nos
587 1269 673 1330 sic
712 1268 998 1330 adunauit
1036 1270 1093 1329 δι
1132 1268 1399 1330 adiunxit
1440 1270 1652 1331 virtute
1692 1270 1958 1349 spiritus2
2003 1283 2066 1331 vt
2101 1290 2212 1331 nos
2252 1288 2436 1331 vnum
2477 1288 2606 1331 esse
2646 1270 2798 1331 inter
2839 1288 2950 1329 nos
2975 1268 3224 1328 voluerit

316 1348 425 1425 qui
462 1367 646 1409 vnum
688 1368 827 1409 cum
868 1348 1000 1426 ipso
1041 1367 1263 1412 sumuS.
1324 1352 1481 1411 Nam
1522 1349 1625 1411 vbi
1664 1362 1751 1411 est
1792 1350 2094 1427 Christus,
2136 1352 2428 1429 obsecro,
2469 1349 2580 1410 nisi
2621 1350 2722 1411 vbi
2767 1347 3017 1427 Spiritus
3057 1314 3252 1409 illius?

312 1429 373 1487 δι
414 1428 515 1489 vbi
558 1428 839 1507 Spiritus,
884 1427 995 1489 nisi
1034 1430 1137 1491 vbi
1176 1429 1296 1489 vita
1337 1426 1594 1491 Christi?
1634 1434 1690 1491 δι
1730 1430 1832 1491 vbi
1876 1430 1994 1491 vita
2035 1430 2282 1503 Christi,
2323 1430 2438 1491 nisi
2477 1428 2579 1492 vbi
2620 1429 2796 1506 viuit‚
2838 1430 2878 1489 i.
2913 1428 2974 1489 in
2995 1447 3251 1505 corpore

313 1504 479 1569 eius?
520 1512 576 1570 δι
618 1508 719 1571 vbi
757 1527 977 1588 corpus
1015 1528 1233 1587 vnum,
1276 1508 1388 1571 nisi
1427 1510 1528 1571 vbi
1570 1528 1895 1572 consensus
1935 1512 2088 1571 inter
2128 1512 2398 1571 membra
2436 1509 2702 1587 corporis
2745 1510 2822 1569 de
2864 1528 2982 1568 vno
3025 1509 3252 1587 capite,

314 1606 439 1648 vno
502 1589 741 1667 spiritu,
802 1591 857 1651 &
920 1588 1032 1649 vna
1094 1588 1215 1650 vita
1254 1590 1653 1651 communiter
1691 1590 1972 1651 viuentia.
2016 1590 2202 1666 Qubd
2243 1590 2289 1651 si
2329 1608 2515 1651 vnum
2557 1607 2796 1667 sumus,
2836 1590 3147 1666 quomodo
3189 1588 3252 1649 in

324 1668 621 1729 funestam
663 1667 1020 1730 diuisionem
1061 1687 1323 1731 essemus
1364 1665 1611 1730 ruituri?
1652 1670 1837 1746 Quod
1874 1688 2059 1731 vnum
2098 1682 2219 1749 est,
2259 1668 2320 1730 id
2361 1671 2536 1747 plane
2577 1668 2894 1729 indiuisum
2917 1668 2989 1729 sit
3011 1688 3252 1729 necesse

316 1758 437 1817 est3
478 1747 771 1826 quidquid
810 1760 934 1829 est,
974 1769 1049 1810 eo
1091 1748 1223 1828 ipso
1264 1760 1385 1827 est,
1426 1750 1593 1828 quod
1620 1769 1805 1809 vnum
1847 1763 1952 1811 est.
1999 1749 2188 1811 Diuisi
2209 1752 2344 1811 cum
2365 1767 2600 1825 sumus,
2643 1768 2766 1809 non
2789 1766 2991 1809 sumus
3011 1766 3234 1808 vnum:

318 1826 493 1887 diuisi
556 1830 695 1889 cum
757 1846 987 1905 sumus,
1052 1848 1175 1889 non
1234 1848 1453 1891 sumus,
1518 1830 1667 1907 Quis
1710 1849 1854 1907 ergo
1899 1832 2164 1891 obducta
2203 1829 2464 1891 nominis
2505 1828 2824 1891 Christiani
2866 1828 3065 1907 specie
3106 1828 3252 1889 mihi

318 1909 671 1998 persuadeat
710 1928 773 1969 se
816 1908 1216 1969 Christianum
1259 1929 1409 1985 esse,
1450 1911 1589 1970 cum
1631 1928 1693 1969 re
1735 1909 1957 1971 diuisus
2001 1922 2120 1988 est,
2155 1912 2212 1971 δι
2253 1910 2456 1971 animo
2497 1908 2849 1971 diuisionem
2873 1907 3054 1987 spirat
3073 1917 3254 1985 atque

321 1984 662 2047 mteritum?
718 1988 775 2049 Ο
814 1987 1089 2049 miseram
1131 1988 1667 2067 Christianitatem‚
1708 2008 1861 2068 quae
1903 1990 1964 2050 in
2006 2008 2112 2051 sua
2152 1990 2444 2051 diuisione
2485 1990 2804 2067 mitatem,
2844 1989 2904 2049 in
2945 1988 3253 2049 renuncia-

324 2065 488 2127 tione
538 2066 757 2127 Christi
810 2068 1339 2145 christianitatem,
1390 2071 1452 2131 in
1493 2068 1731 2130 interitu
1770 2087 1880 2131 suo
1922 2070 2254 2131 certissimo
2297 2071 2478 2131 vitam
2519 2069 2631 2131 sibi
2675 2070 2930 2147 spondet
2972 2068 3252 2146 imagina-

321 2150 563 2224 turque‚
624 2149 680 2207 δι
742 2148 821 2209 de
882 2146 955 2208 ea
1012 2168 1135 2209 non
1196 2166 1365 2210 secus
1406 2151 1625 2210 exultat
1664 2154 1847 2227 quam
1887 2151 1990 2227 qui
2031 2150 2306 2227 phrenesi
2346 2150 2628 2228 abreptus
2667 2150 2772 2209 dat
2814 2168 2944 2209 sese
2987 2147 3045 2207 in
3089 2168 3252 2209 mare

326 2226 709 2305 praecipitem
726 2272 744 2305 ,
804 2226 1153 2305 videturque
1213 2228 1324 2290 sibi
1384 2230 1445 2289 in
1506 2228 1849 2291 suauissimo
1911 2228 2095 2290 cubili
2155 2232 2286 2306 tu(s.
2311 2228 2640 2307 706)rentia
2701 2229 2969 2289 membra
3027 2246 3134 2287 sua
3171 2227 3251 2289 ad

320 2306 583 2383 quietem
623 2326 1005 2386 componere.
1048 2312 1299 2370 Auertat
1337 2311 1491 2369 hanc
1532 2311 1729 2370 labem
1770 2309 2069 2371 Dominus
2109 2330 2220 2389 pro
2242 2327 2348 2371 sua
2371 2309 2808 2389 misericordia,
2847 2326 3028 2385 quam
3050 2308 3251 2387 video,

324 2388 379 2447 &
420 2389 636 2448 horreo
686 2387 876 2466 magis
917 2408 993 2449 an
1033 2386 1249 2468 lugeo?
1292 2391 1509 2452 horreo
1550 2408 1752 2451 casum
1774 2388 2108 2470 ineuntem,
2150 2390 2648 2452 christianitatem
2671 2392 2847 2468 lugeo
2869 2400 3258 2467 pereuntem:

320 2487 435 2528 nec
473 2468 669 2528 habeo
710 2469 877 2545 quod
918 2469 1141 2546 dicam,
1182 2468 1293 2530 nisi
1333 2489 1407 2531 ex
1449 2471 1783 2547 Prophetae
1824 2471 2056 2531 verbis!
2102 2473 2351 2550 Propter
2390 2470 2810 2532 contritionem
2853 2469 3004 2528 tiliae
3039 2467 3246 2546 populi

324 2547 439 2608 mei
481 2558 789 2622 conteror,
830 2559 1051 2610 atratus
1092 2549 1343 2626 incedo,
1384 2561 1593 2628 stupor
1633 2549 1877 2627 corripit
1916 2569 2035 2611 me.
2075 2571 2152 2612 an
2195 2552 2568 2628 opobalsami
2589 2549 2732 2610 nihil
2753 2561 2844 2610 est
2863 2549 2922 2608 in
2943 2543 3247 2610 Galaade?

323 2647 397 2687 an
452 2629 647 2688 nullus
704 2627 969 2689 medicus
1030 2629 1113 2690 ibi
1153 2626 1274 2690 est?
1334 2631 1488 2690 Nam
1531 2648 1640 2690 cur
1678 2648 1799 2689 non
1842 2631 2154 2692 reualescit
2196 2632 2314 2691 filia
2335 2631 2558 2710 ‚populi
2601 2625 2760 2690 mei?
2802 2647 2906 2689 cur
2946 2628 3134 2706 magis
3174 2648 3249 2688 ac

324 2707 512 2783 magis
552 2707 612 2767 in
654 2725 821 2768 suam
862 2708 1261 2770 infirmitatem
1304 2706 1624 2770 relabitur?
1665 2711 1875 2769 Ierem.
1920 2714 1977 2770 8.
2023 2731 2116 2772 22.
2159 2711 2277 2772 Sed
2317 2713 2393 2770 ad
2435 2731 2561 2771 rem
2603 2708 2800 2770 venio.

405 2787 713 2848 Secundus
770 2790 972 2866 locus,
1034 2807 1211 2866 quem
1272 2789 1333 2850 in
1396 2791 1581 2850 modo
1643 2789 2176 2867 coagmentationis
2215 2791 2404 2851 voluit
2444 2792 2742 2868 Propheta
2781 2787 3114 2862 obseruari,
3155 2801 3246 2850 est

324 2868 486 2945 quod
526 2868 832 2929 Ecclesiae
874 2870 1171 2946 membra,
1210 2879 1312 2930 aut
1352 2869 1598 2947 domus,
1640 2871 1695 2930 δι
1716 2869 1970 2930 ciuitatis
1989 2869 2162 2931 huius
2183 2881 2379 2947 partes
2400 2879 2826 2946 coagmentum
2845 2877 2986 2929 sunt
2991 2871 3246 2944 pariter.

326 2943 585 3006 Pariter?
626 2947 837 3008 dixerit
877 2948 1171 3040 quispiam
1210 2949 1266 3008 &
1308 2949 1619 3026 quomodo
1661 2949 1879 3026 pariter
1918 2950 2318 3028 coagmentati
2353 2949 2468 3010 sint
2507 2948 2612 3028 qui
2651 2960 2787 3010 sunt
2819 2947 3106 3028 impares,
3147 2949 3250 3026 qui

325 3025 497 3086 donis
537 3026 891 3106 differentes,
930 3046 1033 3106 qul
1052 3027 1464 3090 vocationibus
1506 3025 1803 3090 distincti?
1840 3031 2126 3107 Agnosco
2158 3032 2370 3091 lubens
2409 3048 2532 3090 non
2574 3028 2776 3090 omnia
2811 3047 2940 3090 esse
2981 3026 3145 3107 paria
3182 3027 3243 3088 in

326 3105 601 3168 omnibus
642 3106 893 3168 ciuitatis
934 3107 1099 3168 istius
1142 3109 1441 3188 partibus,
1482 3111 1539 3170 δι
1578 3109 1846 3186 corporis
1886 3109 2060 3172 huius
2101 3109 2416 3171 membris:
2459 3111 2568 3170 sed
2608 3110 2684 3170 de
2709 3107 3244 3187 coagmentatione,

328 3206 449 3247 non
511 3185 589 3246 de
650 3185 921 3266 personis
980 3187 1225 3265 agimus,
1284 3191 1448 3267 Ergo
1519 3199 1582 3249 vt
1640 3190 1851 3249 demus
1908 3190 2132 3268 aliquid
2194 3189 2385 3267 impar
2427 3209 2554 3250 esse
2575 3234 2593 3267 ,
2655 3200 2758 3250 aut
2795 3187 2872 3268 (si
2911 3187 2990 3248 ita
3031 3189 3252 3266 placet)

328 3265 576 3344 imparia
616 3267 900 3345 plurima;
942 3277 1139 3329 tamen
1184 3268 1352 3346 quod
1392 3267 1477 3329 rei
1512 3281 1690 3346 caput
1730 3279 1846 3346 est,
1889 3269 1950 3329 id
1989 3269 2052 3331 in
2094 3270 2372 3331 omnibus
2415 3289 2521 3347 par
2569 3289 2697 3331 esse
2722 3288 2819 3328 res
2850 3269 2978 3346 ipsa
2999 3268 3244 3328 demon·

329 3357 579 3406 stratura
642 3358 749 3408 est.
800 3349 957 3407 Nam
1016 3353 1157 3408 sunt
1215 3347 1457 3427 quidem
1512 3347 1827 3408 Christiani
1886 3347 2041 3410 inter
2091 3369 2156 3410 se
2197 3349 2450 3428 impares
2491 3349 2664 3411 donis
2681 3395 2698 3420 ,
2743 3366 2896 3426 quae
2935 3347 3252 3408 admetitur

330 3425 595 3487 Christus
634 3426 949 3505 vnicuique
985 3439 1163 3505 prout
1205 3430 1355 3504 vult3
1397 3439 1535 3489 sunt
1573 3427 1716 3489 item
1754 3427 2014 3507 impares
2055 3429 2498 3506 vocationibus,
2541 3428 2992 3506 communibus-³,
3035 3432 3088 3489 81
3129 3427 3246 3488 sin·

328 3505 657 3584 gularibus,
722 3505 781 3566 in
843 3525 1091 3585 quarum
1156 3508 1365 3570 officiis
1415 3509 1577 3569 dona
1616 3511 1652 3568 a
1693 3509 1828 3568 Deo
1870 3519 2120 3587 accepta
2159 3508 2443 3588 occupari
2482 3521 2659 3586 atque
2699 3507 2967 3569 consumi
3007 3527 3250 3569 necesse

331 3598 435 3648 est.
476 3589 545 3646 In
588 3586 679 3647 his
717 3587 894 3648 rebus
935 3587 983 3648 si
1023 3587 1127 3664 qui
1170 3608 1341 3668 pares
1381 3586 1749 3650 Christianos
1790 3599 2085 3668 statuunt,
2127 3592 2339 3651 morbo
2380 3589 2597 3668 animi,
2635 3608 2758 3649 non
2783 3599 2980 3649 autem
2999 3587 3248 3648 scientia

332 3664 669 3744 iudicioque
732 3665 794 3726 in
852 3687 984 3728 eam
1045 3667 1393 3729 sententiam
1450 3667 1843 3728 adducuntur.
1906 3671 2118 3745 Neque
2171 3671 2459 3730 obscurus
2521 3680 2610 3730 est
2663 3669 2761 3729 ille
2801 3667 3044 3746 insignis
3080 3671 3250 3728 locus

332 3747 632 3826 Apostoli,
695 3746 793 3810 vbi
854 3745 1244 3808 differentiam
1286 3749 1616 3820 donorum,
1660 3747 2232 3810 administrationum
2254 3793 2270 3821 ‚
2312 3748 2843 3827 operationumque
2879 3747 3148 3826 agnoscit
3189 3747 3251 3806 in

334 3825 632 3888 Ecclesiae
692 3826 1004 3905 membriS,
1066 3831 1121 3889 δι
1181 3828 1429 3889 illustrat
1488 3827 1730 3906 copiose
1792 3830 2196 3889 membrorum
2255 3847 2406 3907 quae
2449 3827 2511 3888 in
2549 3847 2772 3906 copore
2809 3828 3071 3887 humano
3113 3838 3250 3888 sunt

334 3905 734 3967 similitudine.
782 3927 831 3968 1.
873 3908 1013 3968 Cor.
1065 3927 1154 3968 12.
1207 3929 1293 3968 12.
1337 3910 1447 3970 διε.
1490 3908 1612 3969 Sed
1652 3906 1762 3968 etsi
1803 3905 1863 3966 in
1905 3908 1999 3969 his
2041 3909 2216 3969 rebus
2255 3920 2383 3968 tum
2404 3927 2550 3986 quas
2571 3911 2735 3968 Deus
2757 3907 2908 3987 agit,
2949 3919 3076 3968 tum
3095 3927 3244 3985 quas

332 4005 441 4046 nos
494 3987 823 4046 secundum
865 3989 1063 4047 Deum
1104 3987 1363 4067 agimus,
1422 4007 1548 4048 non
1588 3986 1905 4048 mediocris
1947 3987 2180 4050 videtur
2218 3987 2558 4066 diuersitas;
2599 3999 2798 4048 tamen
2838 3987 2898 4047 in
2939 3987 3131 4065 capite
3167 3987 3250 4048 rei

332 4067 417 4158 (yt
470 4075 605 4126 ante
646 4064 929 4144 diximus)
970 4087 1141 4145 pares
1193 4085 1392 4129 sumus
1414 4113 1431 4134 ,
1472 4067 1689 4144 pan‘ter
1728 4068 2056 4128 consociati
2093 4066 2331 4130 Christo
2347 4113 2365 4146 ,
2406 4067 2625 4146 pariter
2664 4066 2910 4146 Spiritus
2951 4066 3076 4128 eius
3115 4087 3245 4146 par·

274 4199 285 4206 .
337 4145 676 4224 ncipanteS,
718 4145 999 4224 Spiritum
1040 4146 1195 4208 vitae
1233 4149 1289 4209 δι
1330 4147 1809 4208 sanctificationis
1850 4167 2056 4226 verae,
2113 4150 2169 4208 δι
2209 4148 2426 4226 pariter
2465 4146 2620 4208 vitae
2661 4147 2920 4208 radicem
2962 4148 3252 4208 habentes

338 4226 397 4286 in
436 4226 675 4288 Christo
716 4229 771 4288 δι
818 4226 1034 4305 Spiritu
1076 4227 1199 4288 eius
1216 4273 1232 4303 ,
1280 4228 1551 4306 quamuis
1590 4247 1714 4287 non
1756 4225 1976 4305 pariter
2013 4227 2166 4290 vitae
2205 4229 2574 4290 accessiones
2613 4229 2668 4289 δι
2707 4246 3016 4306 precessus
3049 4229 3125 4288 ab
3146 4228 3249 4289 illo

337 4307 685 4379 habeamus,
728 4311 784 4369 &
820 4307 1084 4368 actiones
1124 4308 1616 4386 operationesque
1660 4318 2052 4384 praestemus:
2095 4309 2602 4386 quemadmodum
2624 4311 2678 4368 δι
2701 4307 2864 4368 taleis
2883 4309 3249 4384 surculisque

342 4387 401 4446 in
462 4399 675 4448 trunco
739 4387 855 4448 vita
907 4407 1023 4448 vna
1076 4399 1196 4462 est,
1257 4387 1395 4449 licet
1434 4401 1545 4449 nec
1584 4389 1795 4448 eadem
1836 4387 2083 4448 omnino
2123 4392 2160 4449 a
2201 4401 2415 4449 trunco
2453 4389 2747 4449 accedant
2783 4388 3250 4529 omnibusigidrgffi
