3923 4875
1443 387 1769 432 ‘trusus
1825 385 2483 430 rnnonomcaz.
3268 373 3374 433 161

1106 599 1330 658 XVIII.
1413 599 1545 657 DE
1604 595 1942 657 PRIMO
2006 597 2354 656 ADAMI
2411 597 2759 656 LAPSV.

1597 776 1917 834 Tnnsrs
1980 775 2278 833 Pruna·

562 974 585 1013 r
598 999 613 1014 .
695 955 883 1012 Dm
942 971 1069 1013 esse
1124 955 1345 1013 fontem
1402 951 1665 1012 omnium
1720 953 2017 1012 bonorum
2031 996 2050 1029 ,
2085 950 2207 1011 imo
2248 951 2303 1010 δι
2344 966 2638 1011 summum
2679 951 2906 1011 bonum
2926 997 2942 1030 ,
2980 951 3184 1029 suique
3227 973 3384 1012 com-

480 1032 897 1094 municatiuum
914 1077 930 1110 ,
972 1033 1131 1110 apud
1170 1033 1301 1110 pios
1345 1049 1553 1094 omnes
1594 1043 1757 1091 extra
1797 1029 2263 1092 controuersiam
2304 1041 2424 1110 est,
2467 1034 2520 1091 δι
2554 1032 2611 1090 S.
2635 1030 2934 1108 Scriptura
2955 1035 3009 1091 δι
3029 1031 3384 1110 experientia

479 1112 615 1174 satis
665 1129 954 1190 superque
1008 1115 1351 1190 probatum:
1404 1111 1451 1170 si
1491 1110 1733 1189 quidem
1773 1127 1909 1173 oum
1950 1131 2012 1171 re
2053 1111 2213 1171 nulla
2254 1121 2482 1190 egeret,
2524 1110 2827 1171 hominem
2868 1131 2940 1171 ex
2981 1123 3167 1172 terrae
3207 1113 3351 1173 limo
3369 1157 3386 1190 ,

478 1194 556 1253 ad
608 1192 925 1271 imaginem
984 1191 1570 1270 similitudinemque,
1623 1211 1746 1252 non
1788 1193 2036 1254 vllarum
2077 1191 2281 1251 mundi
2321 1201 2744 1269 creaturarum,
2785 1208 2936 1268 quae
2977 1193 3100 1254 eius
3141 1191 3385 1270 imperio

480 1272 881 1350 subijciendae
922 1283 1117 1350 erant,
1159 1274 1263 1334 sed
1306 1287 1472 1332 suam
1513 1271 1762 1332 creauit:
1804 1282 1867 1331 vt
1906 1281 2236 1332 creatorem
2277 1273 2476 1331 Deum
2516 1288 2684 1332 suum
2721 1273 2776 1330 δι
2815 1271 3140 1332 Dominum
3181 1291 3386 1350 agnos-

479 1363 668 1432 ceret,
711 1357 766 1413 &
804 1355 1027 1413 coleret
1067 1373 1137 1412 ac
1177 1354 1481 1412 aeternum
1521 1353 1727 1412 beatus
1772 1371 1841 1411 ex
1876 1351 2041 1412 omni
2081 1362 2246 1429 parte
2286 1353 2524 1412 viueret.
2570 1353 2719 1412 Gen.
2771 1372 2820 1412 1.
2868 1355 2960 1411 26.

556 1453 617 1508 Ξ,
698 1435 905 1511 Imago
965 1431 1063 1492 illa
1117 1435 1171 1492 δι
1212 1431 1531 1492 similitudo
1574 1431 1635 1491 in
1675 1448 1793 1508 qua
1833 1434 2018 1492 factus
2061 1432 2197 1509 fuit,
2239 1433 2604 1492 demonstrat
2639 1441 2859 1508 quanta
2897 1432 3185 1492 beneficia
3221 1451 3384 1491 acce-

480 1509 632 1589 per'it
668 1513 893 1590 primus
930 1530 1141 1590 parens
1181 1512 1278 1572 ille
1318 1521 1552 1590 noster,
1593 1513 1757 1588 quasi
1798 1510 2103 1572 communi
2143 1512 2405 1588 quodam
2445 1521 2598 1572 statu
2617 1512 2768 1572 inter
2801 1511 3129 1588 spirituales
3150 1522 3386 1571 naturas

480 1601 716 1652 naturas
776 1596 830 1652 δι
885 1603 1185 1652 terrestres
1237 1594 1491 1670 locatuS,
1546 1608 1684 1652 cum
1722 1593 1784 1652 in
1824 1590 2017 1651 anima
2057 1591 2300 1668 eiusque
2340 1593 2601 1669 partibus
2643 1590 2914 1652 omnibus
2930 1638 2946 1671 ,
2986 1594 3112 1651 tum
3154 1591 3214 1651 in
3257 1611 3390 1651 cor-

478 1691 624 1749 pore
638 1718 655 1751 ,
695 1671 1095 1750 Integritatem
1135 1671 1409 1732 nimirum
1452 1676 1505 1732 &
1546 1670 1968 1748 perfectionem
2011 1689 2328 1749 summam,
2371 1682 2547 1748 prout
2591 1681 2782 1749 potest
2823 1671 2899 1731 ab
2922 1671 3211 1732 eiusmodi
3230 1689 3386 1732 crea-

476 1761 607 1810 tura
666 1751 817 1828 capi.
878 1751 1087 1812 Totius
1138 1752 1333 1829 itaque
1387 1752 1641 1812 hominis
1680 1762 1875 1829 partes
1916 1771 2124 1812 omnes
2165 1751 2554 1829 pulcherrima
2594 1751 3038 1812 concordabant
3080 1752 3388 1812 harmonia

477 1830 629 1891 inter
668 1851 759 1910 se,
803 1834 857 1891 &
899 1831 1297 1909 superioribus
1338 1831 1615 1892 inferiora
1654 1831 1715 1891 in
1758 1831 2035 1892 omnibus
2077 1832 2427 1908 obsequium
2459 1831 2724 1892 debitum
2747 1830 3105 1891 reddebant:
3129 1831 3386 1908 denique

478 1929 551 1971 eo
613 1910 672 1970 in
732 1921 883 1971 statu
936 1914 1121 1972 homo
1180 1911 1323 1972 nihil
1373 1913 1587 1990 agebat
1636 1911 1801 1988 quod
1842 1912 2131 1972 voluntati
2172 1911 2407 1971 diuinae
2449 1910 2688 1970 minime
2727 1921 2878 1972 esset
2920 1929 3248 1990 congruum
3265 1957 3282 1990 ,
3330 1915 3384 1971 &

480 1992 705 2051 bonurn
718 2037 735 2070 ,
776 1993 832 2051 δι
874 2003 1101 2052 rectum
1118 2037 1135 2072 ,
1178 1996 1231 2052 &
1273 2002 1583 2070 acceptum
1625 1991 1892 2052 creatori.

556 2091 613 2149 3.
696 2071 1087 2132 Omnimodas
1148 2081 1341 2132 autem
1390 2071 1631 2132 virtutes
1679 2072 2218 2150 perfectionemque
2261 2082 2482 2130 tantam
2523 2090 2644 2131 non
2685 2069 2796 2129 sibi
2835 2072 2978 2148 soli,
3020 2072 3126 2132 sed
3168 2075 3222 2132 &
3263 2071 3380 2130 suis

476 2163 811 2242 acceperat,
854 2152 1328 2212 transmittendas
1370 2152 1577 2213 ordine
1618 2151 1897 2230 naturali,
1940 2152 2266 2212 secundum
2302 2151 2644 2210 mandatum
2685 2154 2738 2208 &
2762 2151 3237 2212 benedictionem
3259 2155 3378 2211 Do·

480 2229 653 2309 mim,
697 2250 769 2291 ex
808 2230 987 2308 ipsius
1030 2232 1247 2292 Adami
1288 2235 1342 2290 δι
1382 2234 1545 2292 Euae
1584 2231 1799 2293 lumbis
1841 2231 2072 2292 orituris
2112 2230 2382 2290 videlicet
2398 2275 2414 2307 ,
2447 2231 2495 2290 si
2515 2231 2574 2289 in
2595 2228 2814 2306 gratiae
2835 2229 2985 2290 illius
3004 2231 3382 2310 primigeniae

478 2320 629 2370 statu
669 2309 1039 2388 perstitisset:
1082 2311 1171 2372 sin
1211 2316 1246 2370 a
1287 2310 1429 2372 recti
1469 2311 1595 2386 via,
1634 2313 1695 2372 in
1737 2329 1855 2388 quo
1898 2321 2126 2370 creatus
2168 2312 2377 2387 fuerat,
2409 2309 2764 2389 declinaret,
2786 2319 3038 2370 mortem
3060 2311 3170 2370 sibi
3191 2331 3382 2371 accer-

478 2399 663 2469 seret,
704 2394 759 2452 &
800 2407 937 2451 suos
976 2392 1037 2451 in
1078 2391 1235 2452 idem
1276 2390 1681 2470 praecipitium
1720 2411 1923 2453 secum
1968 2389 2319 2451 detruderet.
2362 2392 2456 2450 Ac
2496 2388 2748 2468 proinde
2787 2408 2910 2449 non
2947 2388 3384 2451 immutabiliter

477 2471 671 2530 bonus
712 2475 767 2531 &
808 2474 1103 2549 perfectus
1144 2484 1267 2531 erat
1309 2473 1505 2532 Adam
1537 2472 1809 2533 conditus
1826 2518 1843 2551 ,
1864 2472 1970 2531 sed
1993 2471 2314 2549 mutabiliS,
2335 2482 2512 2548 prout
2536 2481 2777 2531 naturae
2799 2480 3030 2529 creatae
3051 2488 3380 2530 consonum

479 2552 693 2610 fuerat:
736 2550 875 2611 hinc
915 2552 1037 2611 labi
1078 2553 1267 2628 potuit
1308 2556 1362 2612 δι
1401 2557 1436 2611 a
1476 2552 1712 2613 Iusticia
1745 2552 2012 2627 deuiare,
2043 2552 2314 2628 &lapsus
2335 2562 2453 2630 est,
2475 2561 2680 2611 nostro
2722 2554 2775 2609 δι
2799 2567 2906 2611 suo
2929 2551 3186 2609 maximo
3209 2552 3384 2609 malo.

558 2651 612 2704 4.
697 2632 774 2690 Et
811 2633 1079 2709 quamuis
1121 2648 1256 2691 eum
1296 2634 1459 2692 Deus
1500 2632 1765 2692 formarit
1808 2630 2149 2691 mutabilem
2164 2676 2180 2709 ,
2221 2649 2346 2691 non
2377 2642 2574 2690 tamen
2610 2634 2642 2689 e
2663 2632 2828 2690 bono
2849 2639 3035 2690 tactus
3057 2639 3144 2689 est
3165 2629 3350 2687 malus
3367 2674 3384 2707 ,

477 2709 587 2770 nisi
624 2709 845 2771 inuidia
886 2712 1134 2771 Satanae
1149 2757 1165 2789 ,
1208 2712 1310 2788 qui
1348 2714 1535 2771 Euam
1578 2727 1881 2803 aggressus
1918 2709 2252 2769 infirmioris
2292 2727 2464 2771 sexus
2505 2709 2764 2789 decepit,
2787 2711 2842 2769 δι
2864 2709 3112 2787 decepta
3131 2709 3207 2768 ad
3228 2709 3381 2767 Ada-

478 2807 640 2850 mum
682 2790 1099 2851 debellandum
1137 2810 1274 2852 vsus
1314 2802 1419 2853 est.
1472 2812 1520 2851 1.
1561 2794 1713 2851 Tim.
1760 2811 1811 2850 2.
1862 2810 1949 2863 14.
1991 2788 2154 2848 Huic
2191 2794 2332 2850 vero
2374 2789 2480 2850 etsi
2519 2790 2672 2850 vires
2701 2808 2823 2850 non
2854 2790 3096 2850 deerant
3123 2788 3201 2848 ad
3219 2790 3383 2847 resis-

478 2870 752 2948 tendum,
792 2871 842 2931 si
880 2872 1157 2931 voluisset
1172 2916 1189 2948 ,
1233 2871 1729 2947 tentationemque
1769 2868 2186 2947 superandam,
2230 2870 2279 2931 si
2311 2870 2573 2930 Domino
2595 2870 2846 2949 fidisset,
2867 2887 2987 2929 non
3008 2880 3205 2928 tamen
3229 2869 3384 2927 stetit

478 2948 537 3007 in
596 2950 808 3030 gratia,
870 2952 975 3011 sed
1032 2950 1340 3011 tentationi
1401 2953 1788 3012 succumbens
1804 2996 1819 3027 ,
1874 2954 1909 3008 a
1964 2959 2278 3027 praecepto
2319 2950 2433 3010 Dei
2472 2950 2791 3030 aberrauit,
2832 2959 2895 3008 vt
2935 2950 3381 3026 amplecteretur

478 3048 767 3107 apparens
825 3031 1078 3109 bonum,
1138 3039 1505 3108 mortemque
1564 3032 1641 3091 ab
1702 3049 1881 3089 vxore
1942 3030 2314 3106 propinatam
2369 3030 2552 3091 facilis
2603 3028 2865 3107 accepit,
2907 3027 3138 3088 excidio
3179 3046 3285 3087 suo
3328 3032 3380 3087 &

480 3125 747 3169 suorum:
810 3109 1259 3188 turpissimeque
1319 3113 1515 3187 lapsus
1566 3121 1629 3169 vt
1679 3120 1950 3187 apostata
2005 3112 2042 3167 a
2096 3111 2231 3171 Deo
2273 3120 2537 3171 creatore
2551 3156 2568 3188 ,
2609 3112 2664 3169 &
2707 3106 3064 3186 mancipium
3105 3110 3352 3168 Satanae
3365 3153 3381 3185 ,

478 3188 684 3265 poenis
743 3189 992 3251 aeternis
1051 3194 1105 3251 δι
1160 3190 1578 3269 temporalibus
1632 3189 1925 3251 subiectus
1981 3200 2068 3248 est
2106 3202 2350 3268 vterque
2391 3190 2566 3250 miser
2581 3235 2598 3268 ,
2638 3188 3112 3264 conditionisque
3152 3187 3383 3266 penitus

480 3269 845 3349 deploratae,
890 3269 999 3330 nisi
1040 3281 1271 3331 creator
1310 3270 1696 3347 promissione
1735 3267 2034 3331 benedicti
2069 3270 2333 3350 seminiS,
2355 3271 2640 3331 seruaturi
2662 3268 2774 3328 Dei
2795 3270 3017 3329 electos
3032 3313 3050 3346 ,
3072 3278 3383 3344 Vtrumque

478 3360 794 3441 recreasset
854 3369 927 3409 ex
984 3352 1212 3441 funesto
1271 3351 1458 3427 lapsu.
1518 3351 1594 3410 de
1655 3350 1819 3410 cuius
1881 3348 2072 3410 causis
2089 3396 2106 3428 ,
2161 3350 2508 3411 necessitate
2550 3353 2604 3410 δι
2645 3349 2866 3409 effectis
2906 3347 3226 3409 dicendum
3266 3348 3382 3407 iam

480 3444 679 3503 paucis
718 3446 1153 3507 proposulmuS.

561 3524 613 3584 5.
695 3511 921 3586 Lapsus
978 3508 1150 3587 igitur
1206 3510 1305 3569 ille
1354 3508 1679 3586 primorum
1729 3520 2042 3587 parentum
2099 3521 2188 3569 est
2228 3512 2383 3571 actio
2426 3511 2524 3570 illa
2563 3509 2810 3586 misera,
2851 3525 2968 3585 qua
3008 3508 3068 3567 in
3109 3505 3382 3585 paradiso

478 3588 735 3663 persuasi
791 3592 827 3647 a
886 3590 1131 3665 Satana,
1192 3588 1317 3649 sine
1366 3588 1641 3649 instinctu
1694 3602 1795 3649 aut
1840 3589 2092 3667 impulsu
2134 3590 2280 3668 Dei,
2322 3591 2426 3651 sed
2466 3589 2617 3650 illius
2656 3598 2973 3667 praecepto
3014 3584 3384 3665 posthabito,

478 3668 818 3745 transgressi
866 3678 1000 3727 sunt
1050 3669 1375 3729 voluntarie
1416 3670 1757 3729 mandatum
1798 3672 1852 3728 δι
1891 3672 2086 3747 legem
2127 3668 2239 3731 sibi
2275 3669 2558 3747 positam,
2599 3672 2792 3729 fructu
2830 3667 3012 3727 vetito
3053 3674 3382 3725 vescentes:

480 3762 671 3823 eoque
709 3748 1105 3825 Integritatem
1149 3752 1203 3808 δι
1239 3748 1553 3824 Iustitiam,
1592 3760 1719 3808 tum
1758 3749 2075 3826 internam,
2117 3758 2242 3808 tum
2283 3759 2582 3809 externam
2623 3748 2972 3824 amiserunt,
3008 3743 3384 3805 similitudine

480 3827 534 3884 δι
588 3825 850 3905 Imagine
899 3826 1013 3887 Dei
1066 3838 1461 3905 constantem,
1510 3846 1687 3906 quam
1728 3840 1791 3888 vt
1830 3829 1889 3887 in
1931 3827 2204 3905 deposito
2245 3830 2572 3890 habuerant
2611 3846 2748 3887 cum
2791 3827 2908 3887 suis
2949 3824 3384 3885 communican-

460 3904 649 3984 dam,
715 3904 765 3966 si
817 3916 1168 3985 perstarent,
1221 3906 1304 3967 sic
1354 3909 1407 3965 δι
1449 3906 1569 3969 suis
1609 3912 1662 3968 &
1701 3906 1814 3968 sibi
1850 3908 2265 3987 perdiderunt,
2304 3913 2434 3969 Irae
2473 3906 2710 3968 diuinae
2752 3907 2868 3983 rei,
2907 3904 3006 3979 filij
3047 3901 3254 3963 mortis
3271 3948 3288 3981 ,
3329 3904 3384 3961 &

480 4001 806 4061 poenarum
846 3996 1212 4047 aeternarum
1253 4005 1457 4047 coram
1497 3990 1659 4047 Iusto
1700 3987 1813 4047 Dei
1851 3988 2130 4047 tribunali
2169 3988 2326 4048 facti.

560 4066 617 4125 6.
697 4064 1200 4142 Transgressionis
1241 4077 1437 4126 autem
1476 4066 1637 4127 istius
1670 4084 1905 4127 causam
1925 4066 2325 4145 Efficientem,
2346 4066 2623 4142 dicimuS,
2646 4068 2808 4125 Euae
2830 4066 2884 4123 δι
2905 4062 3123 4123 Adami
3140 4061 3386 4121 liberam

479 4144 871 4223 voluntatem,
911 4161 1015 4205 seu
1056 4145 1274 4205 liberae
1312 4145 1464 4205 illius
1506 4147 1818 4207 voluntatis
1859 4147 2142 4237 abusum,
2185 4166 2304 4223 quo
2345 4148 2428 4206 illi
2457 4147 2764 4207 credentes
2799 4142 3136 4204 Tentatoris
3155 4140 3352 4202 verbis
3369 4186 3384 4217 ,

480 4240 603 4283 non
661 4224 957 4285 Creatoris
1016 4223 1341 4301 promissiS,
1402 4227 1457 4284 &
1508 4226 1694 4285 minas
1740 4226 1943 4286 mortis
1983 4228 2382 4303 negligentes,
2423 4228 2500 4285 ab
2537 4227 2658 4285 hoc
2701 4224 2778 4284 ad
2819 4224 2985 4284 illum
3026 4222 3386 4282 defecerunt.

481 4303 755 4363 Liberam
796 4303 1074 4383 dicimus,
1115 4304 1279 4381 qued
1320 4304 1418 4364 illa
1459 4307 1595 4365 cum
1636 4306 1771 4397 cogi
1810 4325 1935 4365 non
1983 4305 2173 4382 potuit
2213 4308 2290 4366 ad
2331 4305 2699 4383 peccandum
2741 4305 2795 4362 δι
2827 4322 2954 4363 esse
2975 4304 3248 4362 voluntas
3264 4347 3282 4378 ,
3303 4299 3386 4359 sic

480 4400 729 4459 peccare
768 4394 975 4444 coacta
1013 4383 1307 4462 nequiuit,
1346 4383 1609 4462 alioquin
1646 4405 1703 4447 ei
1740 4394 2052 4462 peccatum
2089 4385 2328 4446 minime
2359 4385 2744 4463 imputaretur
2767 4383 2958 4443 sinon
2981 4380 3384 4519 congznsisset.

1902 4482 1970 4524 21
3151 4469 3391 4534 eceptus
