3923 4875
632 269 753 347 386
1466 281 1573 328 nt
1640 281 2069 327 ιοιιτιιιιι
2125 279 2383 327 uosrs
2441 279 2730 326 ossen.

624 443 1045 536 hebdomadis3
1087 445 1324 536 (Matth.
1368 447 1461 504 28.
1513 446 1587 521 ι.)
1628 463 1751 522 quo
1792 443 1891 506 die
1930 463 2240 522 resurgens
2281 443 2546 505 Christus
2585 461 2660 504 ex
2701 441 2948 503 mortuis
2985 457 3204 501 nouam
3225 441 3560 503 hebdoma-

627 527 767 586 dam
810 524 978 618 regni
1018 525 1109 585 sui
1150 529 1237 602 (vt
1278 525 1359 584 ita
1398 525 1687 599 dicamus)
1726 525 2058 603 inchoauit3
2099 527 2156 584 &
2195 525 2494 585 substituit
2531 525 2809 614 exemplo
2843 531 3022 599 atque
3059 523 3410 583 auctoritate
3451 541 3562 584 sua

624 605 779 665 illius
820 604 939 666 diei
980 603 1457 666 obseruationem
1496 605 1559 664 in
1598 604 1968 666 sanctissimo
2001 571 2428 696 Apostolorum
2448 616 2624 666 coetu
2645 605 2700 662 δι
2721 602 3050 680 primitiuae
3071 603 3374 663 Ecclesiae
3393 622 3558 664 suae.

625 686 938 776 Quatenus
978 690 1123 746 vero
1162 685 1437 746 sabbathi
1476 685 1629 746 illius
1670 685 2010 745 ceremonia
2047 685 2326 762 pertinuit
2363 685 2440 744 ad
2481 703 2677 744 rerum
2719 685 3044 743 futurarum
3083 681 3142 741 in
3183 682 3422 742 Christo
3443 683 3560 760 sig-

626 764 1063 844 nificationem,
1114 764 1362 825 omnino
1416 775 1506 826 est
1550 765 1868 856 abolitum,
1920 785 2033 826 nec
2085 765 2214 826 sine
2251 764 2600 844 grauissimo
2649 768 2736 840 (vt
2783 762 2866 822 ita
2907 762 3198 839 dicamus)
3241 763 3560 840 sacrilegio

624 845 1010 924 redintegrari
1048 855 1151 905 aut
1188 845 1491 923 repetipo
1492 855 1608 906 test
1644 844 1797 905 illius
1834 845 2194 906 obseruatio.

706 927 1050 986 Secundum
1090 865 1491 1003 exemplumpo
1468 936 1559 986 est
1596 925 1673 986 de
1712 924 2147 987 homicidarum
2187 935 2428 1003 receptu
2467 925 2526 984 in
2563 925 2739 985 vrbes
2773 923 3055 1000 perfugij·
3041 967 3058 997 ,
3077 922 3246 983 cuius
3265 921 3558 983 institutio

624 1007 877 1067 habetur
936 1006 1181 1066 Numer.
1234 1024 1306 1083 3
1279 1045 1333 1084 3
1382 1025 1474 1065 11.
1516 1007 1583 1066 8(-
1612 1007 1792 1066 Deut.
1842 1025 1933 1084 19.
1979 1027 2031 1065 2.
2093 1009 2164 1067 In
2203 1007 2322 1066 hoc
2361 1015 2558 1066 autem
2591 1005 2866 1081 exemplo
2905 1003 3018 1062 tria
3055 1003 3154 1062 illa
3191 1015 3562 1063 concurrunt

624 1085 926 1179 similiter,
976 1102 1130 1163 quae
1192 1085 1255 1146 in
1312 1087 1703 1164 praecedente
1763 1085 3046 1179 exemplo-docebamus3moraff.1527)le
3061 1127 3080 1160 ,
3119 1083 3454 1159 politicum.
3503 1085 3558 1142 δι

626 1165 1039 1227 ceremoniale.
1083 1167 1315 1226 Morale
1354 1175 1444 1228 est
1482 1167 1539 1226 δι
1580 1166 1915 1227 communis
1954 1165 2094 1226 iuris
2138 1132 2500 1226 homicidam
2541 1164 2980 1240 vlciscendum,
3019 1163 3125 1222 sed
3165 1181 3288 1222 non
3327 1169 3559 1224 temere

626 1247 1063 1307 vlciscendum:
1112 1245 1377 1324 legitimo
1416 1259 1717 1325 tempore,
1762 1249 1817 1308 δι
1858 1247 2044 1307 modo
2085 1245 2606 1325 cognoscendum:
2647 1263 2784 1304 eum
2827 1244 2931 1320 qui
2969 1246 3123 1303 vltro
3164 1242 3560 1304 homicidium

627 1325 1022 1404 commiserit,
1076 1327 1459 1403 plectendum
1514 1337 1742 1386 morte:
1796 1327 1899 1404 qui
1936 1328 2150 1386 nolens
2189 1339 2290 1386 aut
2331 1343 2472 1386 casu
2511 1325 2743 1402 fecerit,
2781 1327 2820 1384 a
2861 1335 3054 1384 morte
3093 1322 3557 1415 vindicandum3

626 1409 683 1468 &
724 1405 897 1467 saluti
936 1405 1269 1466 innocentis
1310 1417 1413 1466 aut
1446 1411 1605 1467 certe
1644 1425 1769 1466 non
1810 1409 1988 1484 plane
2017 1405 2300 1467 nocentis
2339 1406 2794 1466 consulendum.
2849 1405 3024 1463 Haec
3066 1402 3268 1462 omnia
3309 1405 3562 1464 moralia

624 1497 765 1548 sunt
802 1505 877 1548 ex
914 1487 1042 1546 iure
1082 1486 1420 1577 communi,
1459 1503 1613 1564 quae
1653 1489 1817 1546 Deus
1856 1491 1893 1548 a
1934 1487 2110 1548 nobis
2151 1487 2454 1548 obseruari
2493 1484 2782 1577 praecipit
2820 1483 3288 1576 diligentissime.
3352 1487 3557 1560 Atque

622 1569 771 1628 haec
810 1565 937 1658 ipsa
991 1583 1232 1644 quoque
1272 1564 1415 1626 iuris
1452 1565 1789 1626 communis
1827 1566 2126 1628 axiomata
2163 1577 2299 1627 sunt
2337 1565 2662 1626 certissima
2691 1563 2980 1643 principia
2999 1565 3055 1624 δι
3075 1562 3304 1624 semina
3323 1563 3556 1642 politici

626 1646 781 1706 illius
822 1646 963 1706 iuris
976 1691 993 1725 ,
1036 1647 1201 1724 quod
1242 1645 1517 1706 distincte
1558 1650 1596 1706 a
1635 1649 1768 1706 Deo
1808 1648 2068 1725 positum
2108 1658 2227 1727 est3
2269 1657 2330 1706 vt
2369 1645 2588 1706 iudicet
2627 1661 2938 1705 consessus
2973 1644 3128 1704 inter
3145 1661 3558 1722 percussorem

626 1731 683 1788 &
723 1726 1021 1786 vindicem
1060 1725 1391 1818 sanguinis3
1432 1729 1487 1788 &
1528 1736 1694 1786 eruat
1730 1727 2094 1788 homicidam
2135 1731 2170 1787 e
2209 1742 2389 1787 manu
2427 1725 2698 1786 vindicis,
2761 1724 3192 1786 Ceremonialia
3211 1727 3357 1782 vero
3377 1741 3559 1799 quae-

633 1807 772 1867 dam
814 1823 952 1866 cum
996 1805 1253 1884 politicis
1291 1771 1757 1868 institutionibus
1794 1806 1917 1868 istis
1957 1810 2206 1868 confusa
2243 1817 2409 1883 sunt,
2451 1825 2526 1866 ex
2564 1807 2779 1882 quibus
2815 1804 2906 1864 ius
2951 1804 3304 1881 particulare
3345 1806 3556 1882 appel·

622 1889 777 1946 latur
790 1885 1108 1979 ,positum
1148 1887 1211 1946 in
1252 1886 1492 1964 politeia
1529 1888 1586 1947 δι
1628 1887 2002 1979 ceremoniaz,
2043 1890 2178 1947 cum
2219 1887 2576 1978 praecipitur
2617 1883 2896 1946 constitui
2939 1886 3116 1945 vrbes
3157 1883 3410 1962 perfugij
3433 1888 3560 1962 quo

627 1985 691 2026 se
734 1964 981 2044 recipiat
1018 1965 1343 2045 homicida3
1387 1967 1673 2045 cognosci
1714 1966 1773 2025 in
1800 1966 1927 2028 il-lis
1967 1969 2044 2027 de
2083 1969 2241 2027 facto
2282 1965 2649 2058 homicidae:
2671 1964 3069 2026 homicidam
3053 1983 3112 2023 ιιι
3137 1965 3284 2023 vrbe
3303 1964 3560 2056 perfugii

626 2045 1024 2107 habitaturum
1069 2065 1227 2126 esse,
1268 2046 1465 2107 donec
1506 2046 1791 2108 moriatur
1829 2047 2108 2109 sacerdos
2151 2063 2399 2126 magnus
2437 2045 2540 2123 qui
2577 2057 2790 2107 vnctus
2830 2055 2920 2105 est
2957 2046 3096 2104 oleo
3135 2042 3488 2103 sanctitatis.
3513 2045 3564 2103 si

624 2129 762 2187 ante
802 2125 1104 2186 homicida
1142 2128 1221 2187 de
1260 2127 1399 2186 loco
1440 2126 1791 2206 decesserit,
1831 2129 1888 2188 δι
1929 2127 2200 2188 incidens
2239 2127 2300 2187 ιιι
2331 2145 2542 2187 manus
2561 2125 2813 2187 vindicis
2833 2124 3122 2185 afficiatur
3140 2133 3369 2200 morte,
3389 2141 3560 2183 reum

628 2205 835 2267 mortis
884 2223 1009 2266 non
1066 2208 1197 2266 sore
1246 2205 1576 2282 vindicem,
1617 2206 1728 2267 ὅτε.
1792 2209 1966 2267 Haec
2021 2206 2223 2268 omnia
2262 2207 2403 2267 iuris
2441 2206 2810 2285 particularis
2847 2215 3012 2283 sunt,
3051 2207 3110 2265 81
3148 2203 3556 2264 ceremoniam

624 2288 935 2364 figuratam
990 2286 1215 2345 habent
1265 2295 1547 2346 venturae
1591 2285 1654 2346 ιιι
1694 2286 1933 2350 Christo
1973 2287 2224 2366 gratiae·
2267 2305 2384 2366 qua
2425 2306 2500 2348 ex
2539 2289 2726 2365 figura
2767 2303 2870 2348 seu
2909 2295 3056 2362 typo
3097 2284 3372 2344 uniuersa
3407 2285 3558 2345 ratio

624 2365 989 2446 particularis
1048 2364 1213 2426 istius
1272 2364 1414 2425 iuris
1456 2367 1723 2445 profecta
1759 2377 1866 2428 est.
1926 2369 2080 2428 Cum
2125 2379 2322 2428 autem
2363 2366 2740 2428 ceremoniae
2779 2367 3201 2426 adumbrantes
3241 2376 3559 2424 venturum

624 2448 925 2508 Christum
986 2447 1043 2505 δι
1102 2446 1389 2507 beneficia
1450 2446 1631 2525 illius,
1685 2449 1861 2526 plane
1922 2447 2356 2509 interciderint.
2411 2447 2543 2526 quis
2581 2467 2706 2509 non
2748 2446 2946 2507 videat
2983 2456 3109 2505 tum
3151 2445 3560 2505 ceremoniam

624 2529 812 2606 hanc,
853 2536 979 2586 tum
1020 2542 1431 2604 quaecumque
1470 2527 1548 2586 ad
1590 2528 1990 2589 ceremoniam
2031 2530 2186 2589 hanc
2223 2529 2411 2607 ipsam
2453 2528 2781 2606 pertinent,
2822 2526 2998 2587 etiam
3039 2525 3101 2585 ιιι
3135 2524 3380 2616 politica
3413 2525 3560 2585 iudi-

624 2607 855 2668 ciorum
916 2605 1338 2667 obseruatione
1355 2652 1372 2685 ,
1428 2606 1668 2667 salutari
1720 2608 1984 2669 aduentu
2037 2608 2258 2669 Christi
2297 2612 2352 2669 &
2395 2610 2840 2686 complemento
2881 2605 3369 2683 promissionum,
3411 2622 3558 2681 quas

628 2687 1070 2748 adumbrabant
1122 2689 1345 2765 figurae
1390 2686 1567 2767 istae,
1608 2684 1977 2750 concidisse?
2039 2690 2133 2749 De
2171 2688 2264 2749 his
2303 2707 2448 2766 ergo
2487 2688 2773 2750 iudicium
2813 2687 2975 2746 idem
3016 2684 3140 2746 fieri
3182 2702 3428 2745 necesse
3469 2696 3559 2745 est

625 2768 793 2859 quod
832 2770 1025 2857 supra
1078 2766 1139 2827 ιιι
1180 2768 1571 2828 antecedente
1612 2770 1883 2846 exemplo
1929 2767 2204 2829 fecimus.
2267 2768 2540 2847 Exempli
2581 2768 2734 2844 tertij
2777 2782 3047 2855 quoque,
3088 2766 3252 2841 quod
3295 2775 3386 2825 est
3425 2782 3559 2841 pur-

624 2845 879 2927 gationis
920 2848 997 2909 de
1036 2846 1367 2908 homicidio
1406 2848 1573 2909 cuius
1607 2848 1865 2910 incertus
1904 2858 2144 2941 auctor,
2186 2850 2363 2909 Deut.
2409 2868 2500 2907 21.
2545 2870 2596 2909 1.
2627 2866 2750 2908 non
2771 2844 3058 2907 absimilis
3077 2855 3168 2905 est
3189 2845 3356 2905 rati0.
3397 2846 3556 2904 Nam

624 2930 681 2987 δι
726 2928 953 2988 morale
992 2927 1055 2987 in
1094 2946 1169 2987 eo
1212 2938 1329 3007 est,
1371 2928 1449 2989 de
1488 2927 1813 2989 homicidio
1854 2929 2060 3007 quaeri
2099 2930 2155 2988 δι
2189 2928 2476 3007 cognosci
2509 2938 2818 3021 oportere,
2839 2926 2916 2986 de
2935 2927 3310 3003 incomperto
3351 2925 3558 2984 Eccle-

622 3007 769 3069 siam
811 3009 868 3067 &
912 2973 1343 3085 rempublicam
1386 3008 1655 3099 purgari,
1696 3010 1877 3087 idque
1918 3028 2026 3086 per
2065 3028 2172 3069 eos
2210 3010 2290 3069 ad
2329 3026 2480 3085 quos
2521 3007 2776 3087 pertinet
2799 2972 3052 3085 publica
3093 3023 3289 3065 rerum
3309 3004 3555 3065 istarum

623 3086 945 3147 auctoritas
1004 3090 1061 3147 δι
1122 3088 1491 3165 procuratio.
1555 3088 1612 3147 &
1670 3088 1980 3181 politicum
2030 3108 2104 3149 ac
2153 3088 2426 3149 iudiciale
2465 3100 2586 3168 est,
2626 3088 2734 3149 ista
2775 3086 3022 3166 politico
3063 3084 3272 3146 ordine
3309 3084 3438 3145 fieri
3476 3085 3558 3144 ad

625 3184 1009 3227 communem
1058 3168 1473 3245 purgationem
1530 3168 1797 3230 omnium
1854 3170 1910 3229 δι
1950 3168 2092 3229 iuris
2133 3170 2686 3230 conseruationem·
2729 3168 2784 3227 δι
2826 3163 3225 3227 ceremoniale
3265 3174 3380 3225 est.
3423 3164 3558 3241 capi

624 3246 871 3307 vitulam
912 3246 1221 3324 abiugem,
1262 3246 1324 3306 ιιι
1366 3249 1583 3309 vallem
1622 3267 1893 3327 asperam
1932 3249 2292 3327 procedere·
2335 3248 2579 3309 vitulam
2621 3247 2900 3342 iugulari,
2939 3262 3150 3306 manus
3176 3244 3362 3305 lauari
3379 3262 3560 3335 super

626 3327 870 3386 vitulam
887 3370 904 3404 ,
968 3328 1025 3385 &
1066 3291 1307 3403 publica
1347 3326 1758 3419 testificatione
1802 3330 2046 3421 probari
2087 3328 2515 3390 conscientiam
2556 3329 2858 3407 omnium,
2898 3328 2954 3387 81
2997 3326 3400 3404 expiationem
3435 3322 3558 3402 peti

624 3410 660 3465 a
700 3406 993 3467 Domino.
1026 3422 1179 3481 quae
1220 3406 1423 3467 omnia
1460 3405 1522 3467 ιιι
1560 3408 1897 3469 ceremonia
1938 3409 2132 3487 posita
2171 3412 2443 3487 fuerunt,
2485 3420 2614 3469 tum
2655 3372 3020 3487 particularis
3061 3406 3198 3466 iuris
3237 3405 3556 3483 professio·

623 3505 761 3546 nem
803 3485 1039 3563 piorum
1080 3486 1159 3545 ad
1202 3504 1479 3563 praesens
1520 3488 1923 3569 testificantia,
1965 3500 2090 3550 tum
2133 3489 2548 3551 ceremonialia
2578 3491 2909 3549 futurorum
2929 3486 3312 3547 vmbracula·
3297 3503 3556 3577 ,corpus

622 3577 823 3626 autem
876 3582 1084 3626 eorum
1124 3565 1393 3628 Christus
1410 3610 1429 3646 ,
1469 3578 1533 3628 vt
1572 3569 1852 3647 Apostoli
1892 3580 2124 3630 vtamur
2165 3570 2378 3630 verbis,
2432 3572 2502 3630 In
2543 3569 2634 3629 his
2658 3587 2817 3660 ‘ergo
2859 3568 3166 3644 omnibuS,
3207 3531 3371 3642 quod
3413 3564 3556 3625 iuris

623 3645 959 3708 communis
1008 3656 1099 3705 est
1134 3658 1475 3724 permanet:
1519 3650 1685 3725 quod
1726 3648 2125 3729 particulariS,
2168 3660 2332 3709 extra
2373 3647 2802 3725 ceremoniam,
2843 3648 3066 3707 seruari
3105 3655 3331 3723 potest,
3369 3644 3556 3722 siquis

624 3726 794 3787 velit:
858 3745 972 3789 nec
1030 3725 1381 3787 indecorum
1444 3740 1547 3789 aut
1602 3740 1835 3806 praeter
1892 3731 2266 3789 honestatem
2329 3732 2511 3808 soret,
2553 3728 2982 3819 rempublicam
3021 3729 3078 3786 δι
3119 3725 3452 3785 Ecclesiam
3491 3724 3554 3784 in

620 3806 857 3867 casibus
916 3805 1211 3868 eiusmodi
1268 3810 1523 3885 probare
1585 3810 2010 3870 conscientiam
2073 3826 2271 3889 suam,
2325 3810 2382 3869 &
2433 3810 2751 3887 implorare
2791 3806 2909 3868 Dei
2949 3806 3447 3885 misericordiam,
3487 3816 3556 3864 vt

621 3887 888 3965 expietur
935 3890 973 3947 a
1016 3888 1176 3947 malo
1218 3888 1325 3949 sed
1364 3888 1766 3949 ceremoniam
1809 3890 1970 3949 illam
2012 3890 2383 3968 figuratiuam
2427 3894 2514 3969 (vt
2555 3891 2798 3963 vocant)
2839 3907 3018 3947 nemo
3061 3890 3220 3947 bona
3259 3885 3412 3963 fide,
3451 3896 3556 3944 aut

622 3966 922 4045 probabili
960 3978 1315 4046 argumento
1356 3970 1479 4028 vllo
1520 3980 1719 4061 potest
1757 3971 1871 4029 hac
1911 3969 2201 4030 memoria
2239 3981 2442 4031 nostra
2481 3970 2736 4048 exigere.

699 4048 1013 4108 Addamus
1074 4048 1193 4108 huc
1252 4048 1431 4109 etiam
1484 4048 1558 4126 (si
1598 4052 1816 4129 placet)
1868 4051 2206 4127 exemplum
2249 4061 2555 4127 quartum,
2595 4060 2658 4109 vt
2696 4052 2832 4109 ante
2873 4046 3160 4127 diximus,
3199 4045 3277 4105 de
3311 4060 3436 4122 quo
3476 4062 3554 4105 eo

617 4127 897 4188 libentius
957 4126 1175 4189 dicturi
1220 4144 1455 4203 sumuS,
1504 4130 1671 4207 quod
1725 4132 2046 4191 multorum
2097 4130 2330 4190 iudiciis
2375 4129 2703 4208 exagitatur
2743 4128 2862 4188 hoc
2903 4138 3109 4187 nostro
3151 4136 3454 4203 tempore,
3495 4126 3552 4184 δι

618 4218 869 4269 vocatur
912 4206 973 4267 ιιι
1016 4207 1265 4268 dubium
1284 4253 1303 4288 ,
1345 4220 1523 4286 prout
1564 4210 1758 4270 studia
1796 4221 1931 4270 sunt
1973 4210 2244 4288 partium.
2300 4211 2454 4271 Illud
2499 4220 2695 4271 autem
2736 4218 2826 4271 en
2862 4206 3516 4297 pseudoprophetarum
3533 4248 3550 4277 ‚

620 4288 1143 4366 defectorumque,
1193 4289 1248 4348 &
1290 4291 1725 4368 transfugarum
1768 4290 2219 4370 condemnatiO,
2259 4308 2436 4367 quam
2482 4292 2686 4351 Moses
2725 4282 3553 4423 Deuteron.13impe;·augt.

3402 4384 3465 4423 er
3509 4384 3548 4423 a
