3923 4875
1364 373 1695 417 ‘russas
1754 371 2410 420 ruvonoorcas.
3231 377 3348 440 3⁰9

416 534 794 612 aspectabili:
848 553 989 596 nam
1024 537 1217 614 legem
1251 553 1357 594 seu
1393 533 1577 596 libros
1616 533 1803 594 Mosis
1838 533 2020 594 sm'bi
2059 537 2136 595 ab
2177 535 2310 614 ipso
2351 535 2689 616 impera-uit.
2735 537 3016 600 scribenti
3059 539 3340 619 dictauit,

416 615 786 694 scriptosque
826 615 1243 692 comprobauit
1280 634 1586 693 sermone,
1626 613 1827 694 signis,
1873 619 1928 676 δι
1960 614 2188 675 euentis
2222 615 2426 693 (idque
2456 616 2830 679 audientibus
2861 622 2916 680 &
2935 619 3340 697 spectantibus

416 694 695 757 Israelitis
736 695 1037 772 omnibus)
1077 697 1134 757 &
1176 695 1605 774 comprobatos
1646 693 1898 755 sanciuit
1934 695 1998 755 in
2040 713 2210 757 vsum
2249 707 2602 775 perpetuum
2645 699 2952 760 Ecclesiae
2994 719 3154 760 suae.

504 791 599 853 25.
679 776 879 868 Quam
940 774 1417 836 testificationem
1476 775 1692 836 multis.
1726 774 1801 836 de
1853 773 2048 836 causis
2097 776 2181 835 ad
2219 778 2412 856 legem
2455 778 2720 856 oportuit
2757 780 3044 841 accedere
3062 826 3080 859 ,
3125 783 3180 842 δι
3219 799 3351 858 per-

422 873 793 918 necessarus.

506 939 599 996 26.
684 934 887 996 Prima
905 980 923 1012 ,
961 936 1127 1013 qued
1168 934 1425 995 foederis
1464 934 2040 1013 promissionumque
2081 938 2428 998 Abrahamo
2469 939 2756 999 factarum
2799 938 3104 1016 publicum
3146 939 3357 1001 instru-

423 1028 687 1076 mentum
724 1015 873 1076 illud
912 1014 1037 1076 fieri
1077 1015 1387 1093 occepit&
1406 1027 1630 1076 nouato
1662 1025 1973 1076 contractu
1993 1015 2054 1075 in
2073 1017 2314 1094 publica
2333 1027 2468 1078 acta
2487 1019 2710 1080 referri.
2753 1019 2917 1080 Huic
2937 1018 3096 1080 enim
3119 1021 3352 1082 solenni

422 1095 581 1156 actui
633 1115 709 1156 ex
750 1094 877 1156 iure
914 1097 971 1156 δι
1010 1095 1303 1174 aequitate
1344 1094 1592 1157 omnino
1630 1097 2050 1156 contrahentes
2089 1107 2286 1188 partes
2327 1098 2604 1160 interesse
2647 1099 2928 1178 oportuit.
2993 1101 3111 1160 Dei
3151 1111 3349 1162 autem

422 1175 613 1253 (cuius
668 1186 865 1252 partes
916 1193 1185 1236 summae
1238 1179 1400 1253 sunt)
1456 1175 1786 1254 praesentia
1836 1175 2146 1254 singularis
2186 1195 2306 1238 non
2349 1180 2543 1256 potuit
2583 1178 2696 1240 nisi
2737 1180 3202 1242 extraordinaria
3240 1183 3356 1242 hac

424 1255 836 1316 testificatione
874 1256 1232 1316 confirmari.

505 1352 600 1410 27.
682 1336 979 1414 Secunda,
1046 1336 1211 1413 quod
1274 1354 1516 1396 necesse
1574 1337 1696 1396 hoc
1757 1335 1863 1397 fuit
1924 1336 2004 1397 ad
2063 1337 2476 1398 auctoritatem
2530 1340 2684 1400 serui
2739 1339 2965 1418 publici
3005 1341 3098 1400 vel
3139 1340 3351 1420 notar-ij

419 1417 817 1476 statuendam:
862 1415 923 1476 in
963 1431 1143 1494 quam
1182 1426 1379 1494 partes
1418 1416 1715 1492 vtrimque,
1748 1428 2211 1496 consenserunt,
2251 1419 2306 1477 δι
2329 1417 2424 1478 cui
2446 1436 2654 1480 coram
2685 1419 2934 1480 dictauit
2953 1422 3118 1482 Deus
3139 1423 3352 1484 foedus

419 1494 564 1556 illud
603 1494 829 1574 gratiae
872 1497 1037 1574 quod
1076 1495 1351 1556 Israelitis
1394 1495 1715 1572 indixerat,
1756 1514 1895 1557 cum
1936 1497 2181 1576 singulis
2221 1498 2670 1560 conditionibus
2710 1499 2854 1561 eius,

504 1579 595 1634 28.
677 1573 880 1634 Tertia
894 1619 911 1653 ,
962 1575 1101 1653 quia
1152 1576 1509 1652 posteritatis
1550 1575 1817 1636 interfuit
1830 1623 1847 1655 ,
1888 1587 1952 1637 vt
1992 1579 2111 1638 hoc
2155 1576 2608 1640 instrumentum
2624 1627 2642 1656 ,
2683 1583 2845 1641 velut
2881 1579 3116 1642 diuinus
3156 1601 3351 1644 canon

421 1653 479 1714 in
522 1653 789 1715 Ecclesia
828 1667 1147 1733 perpetuus
1164 1701 1183 1734 ,
1222 1655 1439 1717 diuinis
1477 1667 1643 1717 extra
1681 1657 1955 1719 ordinem
1995 1657 2344 1719 testimoniis
2385 1659 2736 1720 instructum
2778 1670 2948 1722 esset.
2989 1663 3190 1739 Atque
3203 1663 3354 1724 haec

424 1735 501 1796 de
540 1735 1009 1796 extraordinario
1052 1736 1257 1797 mode.
2310 1787 2320 1794 .

503 1833 599 1893 29.
677 1816 823 1876 Post
882 1817 1117 1876 Mosem
1178 1820 1319 1876 vero
1377 1833 1767 1894 quaecunque
1826 1815 2119 1894 scriptura
2171 1818 2419 1880 accessit
2435 1866 2452 1896 ,
2513 1819 2619 1880 fuit
2681 1820 2834 1882 illius
2885 1821 3254 1883 instrumenti
3295 1825 3350 1884 ὅτ

422 1893 669 2034 ῧαηοῑιίε
726 1895 1058 1976 exegetica:
1101 1895 1355 1974 ideoque
1392 1907 1558 1957 extra
1598 1896 1908 1958 ordinariis
1948 1898 2064 1958 iuis
2104 1897 2412 1978 singularis
2455 1901 2820 1980 praesentiae
2864 1901 2978 1962 Dei
2999 1901 3352 1964 testimoniis

466 1973 729 2036 estituta.
986 2029 997 2038 .

502 2075 601 2132 3ο.
684 2055 813 2117 Etsi
862 2054 1213 2118 testimoniis
1262 2055 1657 2135 singularibus
1698 2076 1823 2118 non
1862 2057 2055 2119 caruit
2095 2060 2298 2138 plane:
2339 2059 2446 2120 sed
2487 2062 2657 2138 plura
2697 2071 2834 2123 ante
2874 2061 3352 2139 deportationem

421 2135 851 2213 Babylonicam
867 2181 885 2214 ,
954 2137 1243 2228 pauciora
1303 2135 1520 2198 deinde
1576 2137 1953 2198 exstiterunt:
2019 2139 2158 2215 quia
2217 2139 2630 2202 antecedentia
2689 2140 2856 2220 signa
2917 2143 3356 2202 confirmationi

422 2215 664 2275 fuerunt
700 2219 1083 2292 sequentibus
1123 2215 1509 2295 scriptoribus
1550 2220 1607 2279 δι
1644 2217 1877 2296 scriptis
1916 2219 1982 2295 (f.
2035 2239 2057 2278 1
2070 2220 2210 2312 769)
2247 2237 2476 2282 eorum.
2520 2223 2851 2298 Prophetae
2885 2231 3080 2282 autem
3103 2241 3224 2282 non
3245 2223 3356 2284 nisi

423 2295 503 2354 ad
556 2296 863 2373 publicum
916 2295 1061 2356 illud
1118 2299 1173 2358 δι
1210 2298 1613 2359 authenticum
1653 2299 2108 2360 instrumentum
2147 2319 2208 2360 ln
2249 2299 2519 2362 Ecclesia
2557 2301 2849 2394 singulm,
2884 2301 3352 2377 hortationibus,

426 2373 941 2437 dehortationibus
956 2422 973 2454 ,
1008 2376 1343 2455 promissis,
1386 2377 1559 2439 minis
1572 2422 1589 2456 ,
1632 2379 2142 2442 consolationibus
2155 2425 2172 2459 ,
2207 2391 2386 2460 atque
2426 2383 2714 2461 exemplis
2754 2385 3138 2467 reuocabant3

498 2474 595 2532 31.
679 2458 838 2517 Ante
893 2456 1366 2535 deportationem
1421 2458 1737 2537 singularia
1790 2459 2026 2521 fuerunt
2075 2461 2224 2522 haec
2276 2460 2643 2538 testimonia,
2685 2464 2874 2523 nubes
2913 2480 3018 2524 seu
3051 2465 3248 2523 fumus
3289 2463 3350 2523 in

418 2537 649 2629 templo
690 2538 769 2596 ad
808 2556 1010 2676 agl-icam
1047 2536 1305 2598 foederis
1345 2537 1401 2597 ὅτ
1444 2536 1555 2599 Dei
1596 2538 1903 2617 responsio
1946 2558 2055 2617 per
2095 2542 2315 2619 Ephod
2331 2588 2348 2619 ,
2389 2542 2560 2603 Vritn
2593 2545 2648 2603 &
2681 2542 3026 2604 Thummim
3041 2588 3058 2622 ,
3099 2547 3154 2604 &
3185 2542 3356 2621 siqua

416 2626 556 2675 sunt
596 2632 829 2677 erusmo
898 2662 911 2676 .

500 2714 596 2772 32.
677 2698 821 2757 Post
864 2696 1343 2775 deportationem
1384 2697 1724 2759 testimonia
1764 2708 2116 2761 euentorum
2156 2703 2394 2761 fuerunt
2435 2701 2786 2780 singularia:
2829 2720 2983 2781 quae
3017 2702 3354 2763 testimonia

423 2774 621 2851 specie
673 2774 915 2853 quidem
966 2776 1311 2837 communia
1358 2787 1495 2838 sunt
1538 2789 1876 2856 temporum
1922 2778 2228 2841 omnium:
2290 2782 2396 2842 sed
2437 2800 2690 2843 numero
2738 2794 2938 2845 tamen
2981 2782 3349 2861 singulorum

424 2865 764 2933 temporum
804 2865 941 2916 sunt
982 2855 1318 2935 singularia.

500 2954 598 3011 33.
680 2935 1031 2997 Communis
1086 2938 1145 2997 in
1201 2956 1382 2998 omne
1430 2946 1663 3015 tempus
1703 2938 2181 3002 testimoniorum
2223 2942 2438 3001 modus
2479 2941 2587 3002 suit
2647 2942 2896 3021 triplex:
2959 2942 3196 3019 spiritus
3238 2942 3352 3003 Dei

414 3015 743 3076 testificatio
762 3058 781 3089 ,
822 3014 1069 3077 canonis
1112 3016 1433 3078 consensio
1450 3064 1468 3093 ,
1510 3020 1566 3079 δι
1606 3018 1913 3079 Ecclesiae
1951 3020 2233 3082 assensio.
2299 3075 2304 3083 .

494 3114 589 3171 34.
672 3094 921 3173 Spiritus
985 3096 1181 3157 sancti·
1234 3096 1569 3157 testificatio
1628 3097 1690 3157 in
1752 3097 1997 3177 singulis
2058 3099 2170 3178 piis
2229 3103 2550 3162 coelestem
2611 3103 2806 3169 lucem
2867 3100 3108 3163 exhibet
3167 3101 3309 3163 foris
3331 3147 3350 3181 ,

604 3175 616 3187 ⁰
684 3174 880 3237 intus:
944 3175 1029 3236 sic
1070 3175 1313 3254 publice
1356 3176 1751 3255 priuatimque
1790 3188 2038 3241 testatus
2079 3190 2170 3241 est
2183 3226 2201 3259 ,
2243 3180 2588 3259 mandauit,
2627 3186 2682 3243 δι
2723 3181 2917 3243 sanxit
2963 3180 3130 3243 illum
3169 3200 3348 3243 cano·

416 3272 555 3315 nem
595 3254 645 3315 is
666 3300 683 3331 ,
722 3274 907 3333 penes
954 3273 1133 3333 quem
1172 3268 1261 3317 est
1302 3257 1551 3319 canonis
1590 3256 1775 3319 dandi
1816 3258 2158 3321 auctoritas.

498 3350 593 3413 35.
679 3334 1011 3397 Consentio
1071 3336 1320 3397 canonis
1379 3336 1559 3399 totius
1602 3358 1839 3417 semper
1888 3338 1997 3400 fuit
2051 3338 2414 3401 certissima:
2478 3340 2656 3422 Legis
2693 3342 2939 3421 quidem
2979 3343 3074 3403 vel
3121 3340 3312 3402 Mosis
3333 3388 3352 3421 ,

425 3432 569 3476 cum
611 3414 854 3476 veritate
913 3418 969 3477 δι
1006 3416 1193 3477 verbo
1235 3418 1348 3478 Dei
1362 3462 1380 3495 ,
1441 3416 1609 3478 cuius
1649 3417 1815 3479 verbi
1856 3419 2165 3497 publicum
2205 3420 2261 3480 ὅτ
2301 3424 2548 3484 solenne
2591 3423 3048 3484 instrumentum
3089 3430 3178 3483 est
3218 3424 3352 3501 lex;

423 3495 787 3572 reliquorum
830 3500 973 3557 vero
1014 3495 1305 3557 librorum
1346 3512 1485 3558 cum
1526 3500 1660 3577 lege
1700 3500 1757 3557 δι
1798 3497 2064 3561 veritate.

500 3577 596 3650 36.
679 3574 950 3636 Ecclesia
994 3581 1138 3637 vero
1178 3576 1328 3637 haec
1368 3576 1589 3656 scripta
1627 3578 1919 3639 canonica
1959 3578 2072 3640 sibi
2114 3582 2152 3640 a
2191 3581 2328 3641 Deo
2369 3580 2583 3643 tradita
2597 3628 2615 3661 ,
2670 3582 2956 3661 imperata
3009 3582 3350 3661 sancitaque

420 3652 699 3731 probauit
710 3698 753 3794 ὲ
773 3654 1021 3748 assensit
1038 3702 1056 3735 ,
1097 3656 1358 3737 accepit,
1400 3657 1658 3720 seruauit
1674 3704 1692 3737 ,
1734 3658 2128 3738 religioseque
2165 3660 2438 3733 tradidit,
2481 3666 2537 3724 &
2570 3663 2631 3723 in
2667 3662 3072 3741 posteritatem
3108 3681 3348 3724 omnem

416 3752 706 3795 commen
754 3745 895 3794 aurt.

496 3830 595 3891 37.
676 3816 889 3892 Itaque
926 3814 1115 3876 libros
1156 3816 1353 3878 Mosis
1392 3818 1663 3879 Ecclesia
1703 3818 1883 3881 habet
1921 3817 2247 3880 canonicos
2289 3830 2532 3899 propter
2566 3822 3063 3901 extraordinaria,
3104 3825 3161 3885 &
3190 3823 3350 3885 ordi·

409 3893 577 4033 naqa
590 3940 607 3972 ,
648 3893 965 4033 singplaria
1004 3898 1060 3957 δι
1099 3896 1443 3958 communia
1483 3898 1599 3958 Dei
1638 3896 1976 3961 testimonia
1989 3946 2008 3978 ,
2058 3900 2344 3961 mandata
2388 3905 2444 3963 δι
2485 3901 2820 3963 sanctiones
2862 3902 3104 3981 publice
3161 3904 3239 3965 de
3278 3904 3348 3965 iis

409 3994 470 4034 m
542 3993 679 4034 srae
700 3993 735 4033 e
804 3986 987 4035 actas.

492 4057 587 4128 38.
670 4055 1098 4131 Prophetarum
1138 4055 1323 4117 libros
1366 4059 1504 4117 cum
1540 4056 1855 4118 historicos
1870 4102 1887 4135 ,
1928 4069 2056 4118 tum
2091 4059 2268 4121 etiam
2303 4061 2694 4139 Propheticos
2714 4109 2732 4139 ,
2771 4061 3036 4123 similiter
3075 4063 3356 4143 agnoscit

410 4133 739 4193 canonicos
756 4180 772 4209 ,
833 4146 1079 4212 propter
1130 4136 1451 4213 singularia
1499 4137 1575 4196 de
1630 4136 1864 4214 scriptis
1919 4137 2428 4218 scriptoribusque
2468 4142 2706 4203 illorum
2749 4140 3090 4204 testimonia
3133 4148 3170 4203 a
3211 4146 3348 4205 Deo

416 4212 715 4274 ordinarie
770 4214 828 4273 in
884 4214 1153 4274 Ecclesia
1204 4216 1367 4277 edita
1422 4228 1559 4277 ante
1596 4216 2095 4295 deportationem.
2179 4220 2320 4295 Quo
2360 4220 2422 4281 in
2461 4240 2714 4281 numero
2753 4231 2888 4283 sunt
2927 4222 3061 4283 libri
3105 4226 3317 4285 Iosuae
3337 4270 3354 4301 ,

417 4292 727 4370 Indicum,
786 4295 977 4369 Ruth,
1026 4295 1346 4375 Samuelis,
1404 4298 1668 4375 Regum,
1727 4298 1868 4377 Iob,
1912 4300 2282 4359 Psalmorum
2333 4320 2468 4378 pars
2511 4302 2797 4381 maxima,
2835 4302 3191 4380 Prouerbia,
3235 4306 3343 4364 Ec-

426 4372 753 4452 clesiastes,
796 4373 1107 4435 Canticum
1120 4418 1137 4452 ,
1178 4376 1414 4455 Esaias,
1452 4378 1739 4437 Ieremiae
1776 4380 1939 4439 bona
1981 4396 2116 4456 pars
2133 4424 2150 4457 ‚
2195 4382 2250 4441 δι
2295 4380 2552 4445 minores
2593 4385 2926 4461 Prophetae
2967 4398 3206 4445 nouem.

3049 4482 3144 4541 39.
3227 4463 3348 4539 Qui
