3923 4875
599 333 677 390 34
1004 325 1009 332 '
1577 327 1992 372 rRAthscl
2045 328 2248 380 JUNu
2310 326 2518 369 VITA.
2603 329 2608 334 ’

678 489 881 546 Restat
919 494 982 544 vt
1022 483 1146 543 duo
1188 484 1435 544 seorsim
1478 483 1794 575 explicem,
1836 484 1913 545 de
1954 483 2276 563 coniugiiS,
2318 485 2373 543 δι
2413 484 2488 544 de
2527 482 2762 574 scriptis
2802 484 2984 562 meis,
3024 502 3282 562 quorum
3310 505 3512 548 recen-

594 566 821 627 sionem
882 582 955 625 ex
1015 583 1108 624 me
1166 562 1395 642 aliquot
1456 563 1600 624 boni
1658 565 2010 642 petiuerunt.
2069 568 2139 626 In
2191 564 2481 643 coniugiis
2519 564 2677 624 varie
2717 583 2815 624 me
2867 563 3208 655 duriterque
3249 569 3508 629 exercuit

592 645 905 708 Dominus,
958 646 1114 704 Nam
1172 654 1424 721 quatuor
1473 663 1683 705 vxores
1742 646 1885 706 duxi
1934 645 2243 705 hactenus:
2297 646 2448 705 adeo
2493 663 2588 703 me
2627 643 2756 720 (qui
2793 644 2953 721 prius
2994 655 3234 722 propter
3275 665 3494 708 canum

592 726 905 804 impiarum
972 726 1193 786 scelera
1250 728 1289 783 a
1347 722 1614 786 faeminis
1674 726 2114 802 abhorrebam,
2173 729 2229 786 δι
2289 723 2606 785 functionis
2669 743 2835 784 meae
2893 723 3090 786 studio
3150 725 3492 804 coniugium

592 805 953 884 refugiebam
1004 803 1498 895 peruicacissime)
1552 803 1858 882 castigauit
1902 807 2226 884 Dominus
2272 814 2716 882 praeposterum
2751 803 3037 864 iudicium
3077 824 3277 866 meum
3316 807 3494 868 tacite

592 885 1001 978 exprobrauit,
1081 887 1135 944 &
1210 882 1573 962 periucunda
1622 885 1980 961 optimarum
2039 885 2622 976 fidelissimarumque
2681 883 3002 961 coniugum
3064 887 3492 947 consuetudine

594 967 769 1027 euicit
809 976 1148 1042 peccatum,
1188 963 1611 1042 indignamque
1652 965 1728 1024 de
1766 981 1909 1024 sexu
1948 964 2247 1026 foemineo
2279 975 2406 1024 toto
2441 963 2784 1041 opinionem
2817 981 3035 1026 meam.
3075 965 3303 1026 Primae
3321 967 3493 1026 vxori

594 1065 815 1107 nomen
866 1045 975 1106 fuit
1024 1047 1224 1122 Agne,
1276 1053 1449 1105 natae
1494 1044 1831 1105 Guilhelmo
1874 1043 2209 1122 Champion
2247 1044 2530 1104 Actuario
2565 1043 2726 1104 vrbis
2767 1043 3141 1124 Leodiensis,
3181 1046 3496 1106 Consulari

594 1127 751 1186 viro:
806 1124 1098 1186 secundae
1138 1123 1512 1186 Elisabeth-ae
1550 1126 1773 1184 Ioanne
1811 1123 2100 1200 Corputio
2140 1135 2313 1184 natae
2367 1125 2630 1199 Actua(f.
2671 1122 2882 1200 21.)rio
2921 1125 3196 1186 Bredano
3237 1127 3291 1184 &
3333 1125 3491 1186 Con-

594 1207 747 1267 sule:
810 1205 1013 1266 tertiae
1030 1249 1049 1282 ,
1110 1207 1371 1264 Ioannae
1422 1214 1595 1264 natae
1646 1203 1888 1265 Simone
1946 1203 2208 1264 Lermita
2267 1204 2530 1264 Domino
2579 1203 2644 1264 in
2697 1203 3013 1295 Betinsart,
3053 1203 3490 1282 Antuerpianae

590 1285 947 1377 reipublicae
1007 1284 1293 1346 Scabino:
1354 1295 1596 1360 quartae
1655 1283 1909 1362 Mariae,
1969 1293 2144 1343 natae
2193 1286 2417 1344 Ioanne
2477 1285 2755 1362 Glasero,
2793 1282 2896 1361 qui
2951 1284 3096 1344 olim
3133 1285 3489 1375 gemmarius

589 1364 951 1442 Antuerpiae
1004 1365 1111 1425 fuit
1150 1363 1525 1455 percelebris.
1585 1365 1819 1424 Harum
1856 1363 2110 1440 primam
2147 1363 2360 1424 iniuria
2395 1363 2727 1425 obstetricis
2767 1366 2802 1423 e
2841 1364 2962 1424 vita
3001 1363 3262 1442 sustulit,
3301 1381 3488 1442 quum

586 1446 665 1506 ita
710 1456 1021 1536 corruptus
1059 1445 1123 1504 in
1162 1442 1545 1504 obstetricatu
1581 1443 1783 1506 fuisset
1820 1442 1974 1504 illius
2014 1453 2240 1523 vteruS,
2282 1455 2347 1504 vt
2383 1463 2573 1506 annos
2605 1443 2854 1522 amplius
2875 1453 3100 1520 septem
3121 1444 3488 1505 indesinente

585 1525 883 1605 sanguinis
936 1523 1229 1603 profluuio
1282 1523 1497 1583 afflicta
1551 1523 1624 1584 sit
1663 1533 1843 1603 atque
1890 1525 2204 1602 exhausta,
2223 1489 2591 1585 incredibili
2632 1523 2895 1584 cruciatu
2936 1523 3146 1602 ipsiuS,
3187 1525 3245 1584 δι
3279 1524 3486 1584 labore

585 1625 743 1667 me0.
804 1607 1171 1682 Secundam,
1232 1604 1406 1664 febris
1463 1605 1680 1663 ardens
1738 1604 1835 1664 die
1896 1603 2136 1684 quinto,
2189 1603 2524 1696 grauidam·
2578 1601 2812 1664 tertiam
2850 1605 3134 1681 hydrops
3195 1606 3330 1664 Hae
3367 1614 3486 1665 tres

584 1685 944 1747 sanctissime
1000 1648 1490 1746 obdormiuerunt
1548 1683 1609 1742 ιιι
1657 1683 1953 1774 Domino,
1995 1685 2052 1743 &
2090 1682 2514 1746 sanctissimam
2553 1683 2644 1744 sui
2683 1683 3152 1744 recordationem
3193 1684 3486 1762 superstiti

583 1767 957 1844 reliquerunt.
998 1765 1093 1822 Ex
1130 1763 1318 1840 prima
1352 1763 1585 1840 gemelli
1624 1762 1718 1823 vix
1757 1764 2033 1824 viderunt
2070 1764 2304 1824 lucem:
2345 1783 2418 1824 ex
2451 1764 2712 1825 secunda
2749 1763 2918 1823 liberi
2958 1763 3227 1842 quaterni
3256 1766 3488 1824 fuerunt

581 1845 643 1904 in
702 1849 897 1904 lucem
953 1844 1093 1904 editi
1110 1887 1125 1918 ,
1176 1846 1209 1901 ὲ
1252 1843 1464 1921 quibus
1502 1845 1837 1921 superstites
1876 1845 2131 1904 Ioannes
2173 1843 2490 1905 Casimirus
2531 1843 2711 1922 filius,
2754 1844 2810 1902 δι
2850 1843 3002 1903 filiae
3045 1843 3224 1922 duae,
3265 1842 3484 1921 Maria,

580 1925 1083 2001 Elisabethaque·
1126 1941 1200 1982 ex
1242 1924 1409 1984 tertia
1450 1924 1602 1996 bini,
1646 1927 1874 1985 Ioanna
1916 1926 1973 1985 &
2013 1925 2063 1984 F
2067 1943 2379 1985 ranciscus

666 2082 1010 2143 Recordare
1070 2082 1212 2160 mei,
1272 2083 1531 2144 Domine
1594 2085 1755 2144 Deus
1796 2084 1910 2164 mi3
1952 2101 2062 2160 pro
2107 2084 2506 2146 misericordia
2545 2093 2675 2154 tua,
2719 2083 2774 2142 δι
2813 2099 3046 2161 gressus
3089 2101 3256 2160 meos
3292 2081 3476 2160 dirige

582 2163 643 2222 ιιι
682 2163 922 2223 veritate
962 2172 1093 2238 tua,
1132 2172 1194 2221 vt
1232 2163 1485 2222 doceam
1525 2163 1587 2222 a
1626 2164 1835 2224 faciam
1874 2129 2040 2240 quod
2079 2164 2273 2242 iubeS,
2321 2165 2378 2222 δι
2417 2163 2758 2224 aedificetur
2777 2164 3046 2224 Ecclesia
3065 2176 3168 2224 tua
3186 2173 3485 2241 pertenue

582 2242 961 2303 ministerium
998 2250 1267 2302 nostrum
1308 2243 1664 2321 amplissima
1704 2243 2118 2304 benedictione
2159 2254 2258 2304 tua
2298 2244 2358 2303 in
2401 2243 2637 2302 Christo
2679 2245 2812 2302 Iesu
2853 2244 3114 2303 Domino
3156 2257 3382 2302 nosti-0.

1849 2540 2214 2549 ———-.———.a

760 2764 1221 2849 SEQmTUR
1270 2765 1595 2829 BREvls
1643 2768 2128 2835 NARRATIO
2176 2769 2302 2833 DE
2349 2768 2672 2834 MORBo
2717 2768 2838 2833 ET
2883 2766 3299 2831 PLACIDO.

1528 2892 1612 2955 D.
1664 2892 1786 2956 Fa.
1838 2893 2071 2973 JUNII
2120 2892 2398 2959 OBITU
2457 2896 2544 2983 1).

660 3078 831 3153 Qum
894 3076 1111 3135 felicius
1171 3093 1298 3135 esse
1350 3085 1545 3152 potest
1598 3076 1825 3137 homini
1874 3028 2243 3156 christiam,
2295 3084 2474 3156 quam
2514 3090 2577 3139 vt
2623 3081 2721 3159 pia
2761 3080 2910 3170 vita,
2951 3078 3030 3137 ad
3073 3077 3230 3153 piam
3275 3076 3482 3153 migra·

572 3155 823 3233 tionem,
864 3172 1222 3232 quocunque
1260 3156 1500 3214 tandem
1541 3174 1681 3216 casu
1720 3168 1822 3217 aut
1862 3159 2078 3219 morbo
2119 3155 2444 3237 pertingat?
2495 3162 2774 3220 Omnibus
2814 3160 2969 3218 enim
3011 3164 3096 3217 est
3133 3156 3326 3214 eadem
3345 3156 3488 3213 lethi

568 3237 693 3303 via,
747 3255 861 3293 non
913 3242 1099 3295 tamen
1150 3254 1296 3296 vaus
1350 3244 1435 3293 est
1470 3238 1623 3296 vitae
1662 3240 1879 3297 cunctis
1918 3240 2190 3315 exitiique
2229 3240 2450 3299 modus.
2514 3246 2585 3300 Et
2620 3249 2684 3300 vt
2725 3238 2864 3315 varij
2909 3236 3080 3297 variis
3120 3234 3482 3326 temporibus

569 3315 761 3373 morbi
801 3326 1160 3391 grassantur,
1204 3324 1411 3373 notum
1452 3325 1570 3391 est,
1613 3316 1763 3392 proh
1808 3316 2011 3376 dolor!
2065 3322 2243 3395 quam
2284 3321 2464 3396 longe
2504 3322 2737 3396 lateque
2780 3317 2955 3397 pestis
2998 3314 3277 3392 contagio
3319 3314 3480 3389 vbiq.

568 3405 763 3470 serpat
800 3413 873 3452 ac
912 3396 1159 3485 saeuiat‚
1201 3398 1380 3470 quam
1420 3394 1743 3472 improuiso
1776 3398 1830 3455 δι
1869 3398 2248 3457 vehementer
2287 3400 2527 3475 quosuis
2567 3398 2838 3459 inuadat.
2877 3415 2996 3475 qua
3023 3399 3187 3455 Deus
3207 3393 3481 3470 Optimus

566 3473 857 3532 Maximus
897 3474 951 3532 &
991 3474 1204 3551 impios
1246 3474 1407 3549 ferit,
1450 3484 1513 3533 vt
1551 3474 1699 3535 iuste
1738 3476 1990 3555 affligat3
2033 3477 2088 3535 δι
2131 3478 2259 3554 pios
2299 3488 2569 3557 exercet,
2606 3489 2669 3538 vt
2689 3490 2790 3538 aut
2811 3476 3098 3554 corrigat,
3134 3484 3234 3535 aut
3253 3472 3480 3551 (punita

568 3553 771 3641 mundi
810 3552 1255 3630 ingratitudine,
1300 3553 1581 3631 malisque
1621 3522 2024 3631 ingruentibus
2065 3560 2321 3634 ereptos)
2364 3559 2441 3618 ad
2483 3558 2787 3618 meliorem
2827 3557 3008 3617 vitam
3049 3521 3331 3615 traducat.
3384 3553 3478 3611 Ac

568 3630 666 3689 vix
708 3650 1045 3709 quenquam
1086 3650 1160 3691 ex
1198 3632 1485 3709 indigenis
1526 3644 1626 3693 aut
1666 3635 1873 3694 incolis
1913 3636 2256 3713 (Lugduno-
2237 3638 2516 3712 -Batauis)
2539 3657 2665 3698 esse
2701 3638 2981 3714 arbitror,
3017 3635 3160 3713 quin
3191 3635 3478 3695 iacturam

568 3710 823 3787 aliquam
864 3714 941 3771 ab
982 3714 1094 3771 hac
1138 3712 1493 3791 contagione
1534 3712 1594 3771 in
1635 3733 1724 3791 se,
1768 3724 1869 3773 aut
1907 3714 1969 3774 ιιι
2009 3715 2124 3774 suis
2165 3717 2400 3776 sentiat:
2442 3718 2523 3776 ita
2556 3730 2620 3777 ut
2650 3735 2856 3777 eorum
2877 3728 3243 3791 temporum,
3263 3712 3477 3789 quibus

572 3790 897 3883 Cyprianus
955 3791 1127 3866 viiu't,
1192 3792 1247 3850 δι
1300 3793 1484 3851 multa
1523 3792 1757 3869 piorum
1800 3792 1980 3854 millia
2020 3795 2132 3854 hac
2173 3796 2271 3854 lue
2311 3800 2623 3874 absumpta
2662 3808 2825 3875 sunt,
2865 3813 3202 3872 expressam
3241 3808 3479 3882 compe-

568 3868 782 3930 riamus
843 3872 1172 3949 imaginem.
1238 3873 1382 3931 Hoc
1442 3870 1615 3931 etiam
1678 3874 1921 3951 morb0,
1978 3892 2102 3933 non
2145 3874 2356 3935 mirum
2397 3880 2541 3954 (quo
2583 3880 2637 3937 δι
2677 3842 2876 3937 Dauid
2916 3878 2973 3936 δι
3013 3873 3295 3934 Ezechias
3336 3870 3478 3930 olim

570 3950 802 4009 fuerunt
843 3952 1004 4025 tacti)
1044 3960 1318 4028 correpta
1358 3950 1542 4028 priuS,
1584 3970 1763 4029 quam
1804 3953 2026 4012 fallacis
2066 3954 2240 4013 huius
2283 3956 2420 4015 mali
2459 3957 2716 4033 speciem
2757 3956 3031 4033 senserit,
3071 3950 3479 4013 honestissima

3055 4042 3486 4092 matronavxor

674 4328 763 4393 ι)
800 4328 1075 4405 Desumpta
1108 4344 1137 4379 e
1174 4328 1371 4379 funebri
1406 4330 1649 4381 Oratione
1682 4333 1751 4382 D.
1784 4334 1963 4383 branc.
1997 4332 2204 4383 Gomari
2241 4350 2392 4398 quarn
2425 4336 2600 4385 habuit
2633 4336 2682 4383 d.
2717 4334 2813 4383 vn
2847 4332 2966 4383 Kal.
3001 4332 3306 4387 Novembris
3340 4342 3474 4379 anno

583 4401 670 4443 eto
706 4404 793 4445 100
826 4405 865 4443 11
901 4394 954 4442 in
986 4395 1236 4445 auditorio
1271 4396 1479 4460 publico
1512 4398 1781 4462 Leydensi.
