3923 4875
1380 351 1487 393 nn
1544 349 1769 394 vana
1826 347 2362 395 rnnonoeu.
2573 397 2584 414 ,
3238 354 3302 416 5¹

420 512 755 590 sapientum
796 531 923 572 esse
964 530 1165 572 vanas,
1226 512 1353 572 Stat
1390 510 1563 588 igitur
1604 511 1751 572 illud
1790 510 2121 571 necessario
2161 511 2328 588 quod
2365 516 2501 574 ante
2535 513 2811 590 diximuS,
2841 531 2967 573 non
2995 514 3103 575 nisi
3121 515 3318 594 aequi-

418 592 774 671 uocatione,
814 608 993 669 quam
1034 601 1250 652 vocant
1293 592 1574 671 ἀνάλογον
1613 601 1920 670 vti-amque
1952 591 2126 651 simul
2160 593 2550 672 Theologiam
2580 597 2618 656 a
2653 593 2828 656 nobis
2866 595 3163 674 appellari.

1566 1037 1913 1097 CAPVT
1971 1037 2166 1098 IIII.

1447 1213 1547 1273 De
1595 1213 1915 1289 Theologia
1951 1213 2283 1292 archcypa.

502 1409 825 1486 Postquam
876 1411 955 1470 ab
1004 1409 1105 1469 illa
1153 1408 1517 1488 Theologiae
1556 1409 1769 1470 Sacrae
1806 1406 2194 1485 homonymia
2230 1426 2344 1468 nos
2383 1406 2826 1488 expediuimus,
2867 1411 3043 1469 Nunc
3085 1409 3324 1470 demum

423 1487 503 1548 de
564 1499 810 1564 vtraque
848 1489 1097 1550 seorsim
1137 1488 1291 1550 tradi
1328 1492 1365 1548 a
1403 1486 1578 1549 nobis
1617 1497 1855 1566 oportet
1895 1507 1966 1548 ea
2003 1504 2156 1565 quae
2194 1496 2331 1548 sunt
2371 1486 2618 1549 instituti
2657 1487 2860 1550 nostri.
2940 1491 3036 1548 Ac
3074 1489 3329 1566 primum

424 1565 665 1643 quidem
703 1565 779 1626 de
818 1567 1154 1660 Theologia
1192 1568 1515 1645 archetypa
1554 1565 1768 1629 dicturi
1805 1583 2006 1628 sumus
2046 1566 2246 1644 paucis
2262 1613 2280 1644 ,
2321 1587 2474 1649 quae
2511 1567 2685 1628 huius
2724 1567 2844 1628 loci
2876 1563 3147 1628 videntur
3171 1587 3328 1629 esse:

422 1644 657 1706 Deinde
716 1651 860 1708 vere
919 1647 1161 1709 liberius
1220 1646 1616 1708 diffundemus
1674 1646 1910 1708 alterius
1968 1646 2334 1724 Theologiae
2397 1653 2646 1711 ἒκτὺπου
2707 1646 3177 1726 explicationem.
3236 1650 3332 1725 De

424 1727 747 1804 archetypa
784 1737 981 1788 autem
1021 1727 1353 1805 Theologia
1393 1726 1606 1788 dicturi
1622 1772 1639 1807 ,
1678 1725 1825 1803 quid
1861 1724 1982 1787 dici
2019 1729 2057 1786 a
2093 1724 2269 1787 nobis
2307 1725 2528 1809 possit,
2566 1727 2622 1786 &
2641 1725 2785 1805 quid
2808 1726 2950 1788 item
2969 1745 3091 1788 non
3109 1726 3328 1806 possit,

424 1804 681 1866 breuiter
718 1805 869 1868 thesi
906 1824 1013 1866 vn.
1053 1806 1641 1885 comprehendimus:
1691 1808 2012 1883 Theologia
2050 1808 2364 1886 archcypa
2405 1814 2494 1868 est
2527 1809 2863 1866 diuinarum
2904 1827 3104 1867 rerum
3124 1810 3329 1868 diuina

426 1885 745 1962 Sapientia.
784 1887 935 1946 hanc
972 1889 1111 1949 vert>
1146 1907 1253 1948 nos
1289 1888 1609 1947 adoramus
1622 1931 1640 1965 ,
1682 1906 1752 1946 ac
1788 1907 1905 1946 non
1943 1889 2383 1962 inuestzgramus.
2435 1885 2639 1946 Priore
2677 1887 2982 1968 membro,
3022 1886 3166 1964 quid
3209 1886 3326 1947 dici

428 1967 466 2024 a
504 1963 678 2025 nobis
717 1963 794 2026 de
831 1984 903 2026 ea
940 1965 1155 2044 possit3
1193 1964 1526 2028 Posteriore
1539 2012 1560 2040 ‚
1602 1965 1745 2044 quid
1783 1984 1909 2027 non
1946 1965 2163 2045 possit,
2202 1967 2472 2046 religiose
2509 1963 2908 2026 discludimus.

507 2044 670 2120 Quid
709 2063 851 2124 ergo
887 2045 963 2106 de
1002 2048 1116 2107 hac
1154 2045 1275 2106 dici
1312 2045 1530 2124 possit,
1569 2044 1809 2124 propria
1848 2043 2243 2122 descriptione
2277 2051 2442 2124 (nam
2475 2045 2776 2108 Infinitum
2806 2045 3034 2107 definiri
3059 2048 3327 2124 profecte

429 2142 553 2183 non
614 2128 835 2202 potest)
891 2135 1189 2205 vtcunque
1250 2127 1751 2205 demonstramus,
1810 2142 2006 2185 rerum
2055 2127 2462 2188 communium
2501 2141 2646 2202 quas
2686 2126 2908 2186 Natura
2947 2127 3002 2185 δι
3043 2125 3328 2204 scriptura

429 2203 611 2264 docet
667 2203 1103 2284 enunciatione,
1166 2221 1351 2284 quum
1389 2207 1771 2284 archetypam
1811 2203 1935 2265 siue
1974 2206 2350 2284 πρωτότυσον
2388 2204 2780 2283 Theologiam
2819 2204 2964 2265 nihil
3001 2224 3128 2266 esse
3168 2204 3328 2266 aliud

426 2281 707 2362 dicimus,
746 2287 927 2361 quam
966 2287 1305 2346 divinarum
1344 2305 1543 2345 rerum
1583 2288 1843 2345 diuinam
1884 2284 2240 2360 Sapientiam
2257 2313 2276 2344 .-
2317 2285 2550 2362 Quibus
2569 2283 2762 2346 verbis
2782 2303 2906 2345 non
2927 2284 3329 2349 dffinitionem

426 2361 760 2424 statuimus:
812 2365 918 2425 sed
972 2364 1141 2444 quasi
1187 2363 1589 2426 definitionem
1602 2409 1619 2443 ,
1670 2365 1794 2426 siue
1835 2361 2292 2441 descriptionem
2329 2365 2629 2458 quandam
2666 2365 2980 2443 analogam
3021 2384 3093 2424 ex
3133 2382 3329 2424 rerum

422 2452 757 2504 nostrarum
797 2447 1101 2525 exemplu,
1140 2447 1196 2506 &
1234 2446 1523 2508 sermonis
1561 2444 1747 2507 nostri
1786 2441 2256 2507 conformatione
2296 2448 2490 2525 ahqua
2526 2445 2607 2506 ad
2646 2462 2740 2505 res
2771 2443 2998 2505 diuinas
3019 2443 3330 2523 applicata.

424 2524 583 2583 Nam
641 2523 811 2585 huius
869 2524 1235 2604 Theologiae
1293 2544 1420 2586 non
1478 2536 1567 2586 est
1622 2543 1805 2603 genus
1864 2526 2179 2602 sapientia,
2219 2526 2326 2586 sed
2365 2524 2534 2604 quasi
2573 2541 2758 2603 genus
2798 2523 3036 2602 ponitur
3073 2523 3333 2585 docendi

423 2620 632 2663 causa:
673 2601 788 2664 nisi
818 2605 970 2665 forte
1006 2608 1094 2681 (vt
1131 2606 1325 2683 placet
1358 2604 1753 2681 scholasticiS,
1790 2604 1968 2683 idque
2002 2602 2248 2665 omnino
2268 2604 2618 2680 rectissime)
2639 2602 2982 2681 sapientiam
3002 2602 3332 2681 praedicari

427 2681 508 2742 de
544 2683 681 2743 Deo
722 2682 989 2745 dicamus
1027 2684 1311 2763 vniuoce,
1350 2685 1427 2745 de
1464 2683 1640 2746 nobis
1679 2690 1823 2747 vere
1862 2682 2208 2763 aequiuoce.
2248 2686 2386 2745 Hac
2425 2694 2621 2746 autem
2660 2684 2885 2744 ratione
2905 2681 3187 2761 sapientia
3205 2701 3329 2742 non

422 2778 611 2840 genus
662 2773 753 2824 est
768 2808 786 2843 ‚
838 2763 945 2824 sed
996 2765 1389 2843 adaequatum
1429 2770 1518 2842 (vt
1565 2768 1807 2843 vocant)
1856 2762 2163 2843 proprium
2178 2808 2197 2843 ,
2236 2768 2464 2826 summe
2506 2761 2742 2842 proprie
2763 2764 2913 2822 ‘Deo
2953 2761 3330 2839 attributum:

424 2840 593 2917 quod
630 2840 769 2902 inde
807 2843 886 2904 ad
924 2863 1017 2904 res
1058 2854 1284 2906 creatas
1324 2856 1529 2907 nostro
1570 2864 1843 2906 sermone
1882 2844 2227 2905 transfertur
2265 2844 2609 2921 aequiuoce.
2650 2840 2926 2904 Similiter
2965 2842 3130 2919 quod
3155 2840 3331 2902 nobis

425 2930 517 2980 est
555 2920 916 2983 differentiae
952 2925 1126 3003 loco,
1164 2924 1229 2985 id
1268 2923 1331 2985 in
1368 2926 1504 2987 Deo
1544 2944 1660 2985 nec
1700 2934 1818 3003 est,
1857 2942 1975 2985 nec
2013 2921 2154 2983 facit
2192 2923 2614 2985 differentiam:
2663 2942 2804 2983 nam
2845 2921 3152 2998 quomodo
3193 2920 3332 2982 sim-

424 2998 781 3077 plicissimae
819 3002 904 3063 illi
941 3003 1229 3065 essentiae
1266 3005 1324 3063 &
1362 3005 1441 3065 ab
1494 3004 1659 3065 omni
1696 3002 2132 3083 compositione
2172 3020 2351 3081 quam
2389 3002 2773 3066 alienissimae
2812 3000 3140 3062 differentia
3158 2999 3334 3062 tribui

424 3078 667 3157 posset?
706 3083 843 3143 ciim
882 3082 1212 3145 differentia
1252 3082 1571 3145 constituat
1610 3083 1899 3145 rationem
1940 3100 2080 3145 suae
2119 3082 2366 3165 speciei,
2401 3095 2468 3145 vt
2505 3087 2698 3145 forma
2735 3080 3024 3143 rationem
3058 3079 3334 3141 materiae

426 3176 601 3221 suae:
659 3162 825 3222 Deus
886 3167 1031 3224 vere
1093 3162 1349 3226 essentia
1403 3163 1865 3242 simplicissimus
1922 3181 2108 3241 vsque
2169 3164 2321 3225 adeo
2379 3162 2484 3243 sit,
2517 3173 2582 3225 vt
2618 3181 2732 3224 nec
2769 3180 2878 3240 per
2917 3158 3335 3238 cogitationem

426 3238 668 3315 quidem
705 3241 1078 3320 probabilem
1117 3242 1476 3321 compositio
1517 3244 1635 3304 vlla
1673 3242 1786 3322 ipsi
1825 3242 2064 3305 attribui
2102 3242 2316 3320 possit:
2355 3244 2499 3305 Non
2536 3240 2815 3305 materiae
2851 3242 2910 3302 δι
2927 3242 3183 3319 formae,
3215 3258 3338 3301 non

425 3317 681 3458 partiulgn
695 3365 714 3398 ,
773 3339 900 3381 non
959 3322 1243 3384 essentiae
1297 3324 1354 3382 δι
1394 3341 1551 3397 esse,
1593 3340 1716 3383 non
1756 3322 2008 3385 subiecti
2046 3323 2104 3383 &
2143 3323 2570 3403 accidentium3
2609 3320 2747 3401 quia
2783 3320 2846 3380 in
2884 3322 3020 3381 Deo
3059 3318 3339 3398 quicquid

431 3406 556 3477 est,
652 3416 757 3460 eus
798 3410 908 3462 est.

512 3481 709 3569 Atque
768 3480 917 3541 haec
976 3498 1155 3543 causa
1212 3492 1301 3544 est
1316 3526 1334 3563 ,
1394 3499 1500 3543 cur
1562 3481 1941 3545 restrictionis
2000 3498 2207 3562 causa,
2266 3482 2391 3544 siue
2447 3484 2586 3543 loco
2647 3485 2735 3558 (vt
2771 3481 2950 3559 vulgo
2989 3482 3344 3559 appellatur)

430 3558 745 3635 specificae
802 3560 1190 3643 differentiae,
1230 3562 1591 3642 Sapientiam
1630 3564 1784 3624 hanc
1825 3566 2085 3623 diuinam
2127 3582 2254 3623 esse
2295 3562 2614 3625 adiecimus
2630 3608 2648 3640 ,
2685 3570 2750 3621 vt
2790 3561 3156 3622 essentialem
3195 3558 3342 3636 Dei,

432 3638 961 3715 supereminentem
975 3684 995 3719 ,
1048 3643 1104 3701 δι
1154 3650 1317 3703 extra
1354 3658 1649 3722 supraque
1688 3662 1865 3705 omne
1903 3658 2091 3721 genus
2131 3652 2398 3703 euectam
2439 3640 2784 3721 sapientiam
2822 3638 2922 3701 hic
2959 3640 3056 3719 agi
3092 3643 3130 3700 a
3165 3636 3340 3699 nobis

433 3718 803 3781 doceremus.
862 3721 1002 3780 Non
1054 3720 1213 3783 enim
1268 3732 1357 3783 est
1406 3722 1691 3801 sapientia
1706 3768 1723 3798 ‚
1776 3730 1955 3801 prout
1989 3721 2304 3799 sapientiae
2343 3740 2528 3801 genus
2567 3720 2914 3797 Philosophi
2950 3718 3340 3781 distinxerunt

438 3798 502 3871 (f.
550 3802 745 3875 1378.)
785 3801 943 3860 Nam
983 3800 1266 3880 sapientia
1302 3802 1403 3862 illa
1439 3803 1699 3864 humana
1735 3813 1931 3864 ortum
1950 3803 2132 3863 habet
2158 3800 2424 3881 aliunde,
2450 3804 2611 3864 velut
2627 3799 3043 3861 accidentaria:
3083 3797 3341 3859 Habitus

438 3887 557 3937 est:
620 3877 917 3957 principiis
976 3880 1263 3971 gignitur3
1308 3881 1609 3944 intellectu
1649 3892 2049 3960 componente
2090 3883 2145 3941 δι
2186 3880 2485 3942 diuidente
2524 3880 2728 3961 alitur3
2768 3878 3023 3939 rationes
3059 3876 3341 3939 conserit:

436 3958 849 4021 conclusiones
888 3979 963 4020 ex
1001 3978 1087 4020 eis
1126 3960 1333 4022 nectit:
1375 3962 1679 4023 scientiam
1720 3962 1929 4024 efficit:
1964 3962 2187 4023 arbitra
2225 3972 2314 4023 est
2352 3964 2409 4022 δι
2443 3960 2621 4021 iudex
2659 3960 2905 4021 istorum
2945 3957 3242 4020 omnium:
3286 3958 3341 4016 &

435 4046 632 4114 partes
670 4039 973 4101 constituit
1012 4039 1398 4119 ordinemque
1435 4041 1717 4120 partium,
1757 4058 1909 4119 quae
1948 4040 2264 4120 sapientiae
2301 4042 2594 4101 humanae
2631 4038 2930 4099 subiectae
2969 4048 3122 4099 sunt.
3171 4038 3346 4099 Haec

434 4118 581 4177 vero
640 4117 924 4195 sapientia
962 4130 1199 4180 aeterna
1236 4130 1355 4202 est,
1394 4122 1712 4183 essentialis
1727 4168 1744 4202 ,
1780 4124 2052 4200 adeoque
2090 4120 2340 4181 essentia
2378 4120 2523 4182 Dei:
2564 4118 2662 4180 cui
2700 4117 2901 4178 omnia
2939 4137 3064 4180 non
3101 4136 3176 4178 ex
3214 4116 3346 4178 vllis

434 4194 766 4287 principiis,
835 4197 1270 4277 compositione
1284 4246 1303 4281 ,
1381 4202 1437 4261 &
1497 4201 1788 4263 diuisione
1856 4202 2186 4263 intellectus
2199 4248 2217 4279 ,
2293 4198 2742 4263 ratiocinatione
2757 4242 2774 4275 ,
2837 4196 3347 4277 conclusionibus,

434 4274 711 4356 seienna,
771 4278 1158 4361 iudicatione,
1218 4282 1273 4341 &
1333 4280 1703 4343 ordinatione
1758 4291 1895 4343 sunt
1951 4278 2448 4360 praesentissima:
2509 4279 2613 4341 sed
2665 4278 3089 4356 simplicissime
3104 4323 3123 4359 ,
3165 4278 3342 4339 vnico

435 4354 707 4418 omnium
756 4358 929 4421 simul
966 4360 1181 4422 intuitu
1194 4406 1213 4443 ,
1264 4380 1338 4421 ac
1374 4380 1500 4423 non
1540 4362 1869 4425 successiue
1886 4408 1903 4441 ,
1942 4373 2007 4423 vt
2046 4364 2111 4423 fit
2149 4358 2359 4422 creatis
2398 4362 2604 4423 rebus:
2645 4360 2796 4421 haec
2834 4358 3120 4439 principia
3156 4356 3344 4435 gignit

3131 4457 3206 4497 ex
3243 4454 3308 4497 se
3323 4480 3340 4515 ,
