3923 4875
1313 337 1662 382 ‚russas
1719 335 2367 383 Tnnonoorcan.
3194 339 3307 400 199

387 501 558 558 Rom.
602 517 662 576 3.
707 517 798 571 24.
842 500 920 558 &⁹
959 519 1018 573 4.
1063 515 1154 576 25.
1199 501 1276 559 ὁ·
1319 516 1373 576 5.
1415 521 1473 574 9.
1514 501 1730 560 Ioann.
1779 519 1828 559 1.
1876 519 1967 575 29.
2006 515 2127 574 quo
2150 498 2365 558 certius
2384 497 2627 558 modum
2650 497 3090 575 clausulamque
3108 499 3307 560 salutis

388 579 662 656 definiat3
701 597 825 638 non
865 591 928 638 vt
969 579 1191 656 reliqua
1233 599 1368 656 pars
1408 579 1814 655 obedientiae,
1858 597 1977 656 qua
2018 579 2331 638 defunctus
2372 589 2459 638 est
2498 578 2557 636 in
2580 576 2726 653 vita,
2748 579 3123 638 excludatur:
3146 583 3307 654 (nam

387 659 628 736 PauluS,
671 659 806 718 Phi.
833 678 884 717 2.
913 677 965 734 7.
1006 660 1084 719 ab
1125 659 1294 720 initio
1334 661 1412 718 ad
1453 661 1630 719 finem
1673 676 1858 736 vsque
1898 669 2085 720 totam
2128 657 2610 736 comprehendit,
2650 657 2815 732 quOd
2836 656 3089 734 seipsum
3112 659 3305 718 exina-

385 737 628 816 niuerit,
669 739 862 798 forma
901 739 1054 798 serui
1095 751 1375 816 accepta.
1416 743 1470 800 &
1510 739 1660 816 patri
1700 739 1871 800 fuerit
1910 737 2201 799 obediens
2222 755 2405 815 vsque
2425 740 2503 797 ad
2525 747 2812 810 mortem,
2832 748 3089 798 mortem
3108 751 3307 799 autem

387 817 600 893 crucis)
655 819 759 878 sed
799 819 998 896 potius
1039 830 1102 879 vt
1141 820 1253 879 sub
1294 818 1500 879 mortis
1541 819 1908 897 obedientia,
1948 830 2230 895 tanquam
2270 819 2613 896 colophone
2651 818 2707 876 &
2746 815 3009 894 fastigiO,
3046 818 3306 878 contine-

385 909 538 958 atur.
595 900 749 958 Nam
791 901 1004 958 frustra
1043 899 1245 959 sancta
1284 899 1404 959 vita
1445 899 1718 960 iustitiam
1759 899 2113 977 promeritus
2143 898 2343 958 suisset
2364 898 2631 958 Christus
2646 939 2665 974 ,
2684 895 2795 956 nisi
2816 897 3273 976 chirographum
3290 943 3308 976 ,

384 979 552 1056 quod
593 989 719 1116 ergt
739 979 1121 1117 lcontrarium
1161 979 1368 1056 nobis,
1409 978 1468 1038 in
1509 998 1688 1040 cruce
1727 979 2028 1058 pendenS,
2072 982 2353 1054 tanquam
2386 976 2638 1038 iustitiae
2657 978 2713 1035 &
2734 977 3129 1054 perpessionis
3148 981 3303 1037 colo·

387 1061 620 1136 phone,
701 1077 736 1118 e
761 1059 994 1119 euisset.

469 1155 524 1212 7.
608 1141 804 1216 Atque
844 1141 992 1198 haec
1035 1140 1111 1198 de
1151 1137 1556 1198 humiliatione
1598 1137 1816 1199 Christi
1853 1141 2017 1216 Iesu,
2059 1139 2157 1198 cui
2196 1157 2271 1198 ex
2312 1137 2565 1197 aduerso
2609 1136 2927 1212 respondet
2976 1136 3157 1214 ipsius
3177 1140 3307 1196 Ea·-

385 1220 628 1277 altatio:
667 1219 744 1278 de
785 1237 904 1296 qua
943 1219 1264 1279 videndum
1306 1221 1354 1278 Ι.
1399 1219 1560 1295 Quid
1601 1219 1691 1279 sit.
1738 1239 1791 1278 2.
1834 1218 2007 1294 Quae
2046 1237 2222 1278 causa
2256 1217 2380 1278 eius
2398 1217 2679 1277 efficiens·
2715 1215 2899 1290 Quod
2920 1218 2997 1276 ad
3020 1217 3274 1294 primum
3293 1263 3311 1294 ,

387 1299 584 1358 Status
644 1299 1014 1359 exaltationis
1074 1310 1160 1359 est
1221 1299 1488 1360 conditio
1543 1317 1835 1376 personae
1889 1297 2107 1359 Christi
2156 1296 2575 1388 &amoeniam
2616 1315 2725 1374 pro
2768 1295 2999 1356 ratione
3034 1297 3217 1358 officii
3256 1299 3311 1358 ei

386 1379 772 1456 incumbenS,
833 1397 955 1456 quo
1019 1389 1261 1456 peracto
1321 1377 1383 1438 in
1444 1379 1534 1438 his
1593 1379 1760 1440 tern‘s
1813 1376 2170 1450 ministeri0,
2226 1379 2287 1436 id
2340 1393 2428 1436 est
2466 1375 2867 1437 satisfactione
2902 1396 3013 1454 pro
3054 1378 3314 1454 peccatis

387 1457 620 1536 generis
663 1458 902 1518 humani
943 1457 1249 1536 praestita,
1289 1460 1367 1518 de
1413 1460 1716 1518 voluntate
1759 1460 1946 1518 Patris
1984 1477 2047 1518 se
2088 1455 2411 1517 Dominum
2444 1455 2713 1516 omnium
2744 1456 3003 1534 gloriose
3022 1457 3280 1517 ostendit
3298 1503 3314 1530 ‚

389 1539 446 1596 &
495 1535 743 1614 gloriam
773 1557 968 1677 ‘Isiuzm
1019 1541 1194 1616 plene
1236 1540 1612 1616 perfecteque
1651 1539 2061 1600 manifestauit.
2124 1539 2268 1596 Luc.
2314 1555 2405 1608 24.
2454 1553 2547 1613 25.
2595 1538 2687 1597 26.
2730 1537 2945 1616 Philip.
2993 1557 3044 1596 2.
3088 1557 3143 1614 9.
3188 1540 3313 1597 &a

397 1637 450 1676 2.
503 1637 732 1691 ¹4·1·
850 1638 1072 1680 er.2.
1158 1663 1173 1678 .

473 1701 526 1757 8.
610 1633 1032 1758 Cosnditionem
1075 1636 1364 1776 p<⁷=rsonae
1407 1697 1624 1758 Christi
1664 1699 2045 1777 θεανθρώπου
2086 1696 2504 1757 exaltationem
2545 1713 2675 1756 esse
2714 1699 2852 1756 eum
2892 1695 3175 1774 dicimus,
3195 1698 3313 1757 hoc

393 1779 698 1854 volumus,
753 1777 1051 1838 Christum
1107 1779 1331 1839 scilicet
1369 1780 1686 1839 exaltatum
1729 1799 1858 1838 esse
1897 1797 2008 1837 suo
2050 1777 2268 1853 mode,
2308 1776 2635 1838 secundum
2676 1787 2987 1854 Vtramque
3024 1787 3315 1838 naturam.

394 1859 610 1934 ‚Ephes.
675 1878 724 1918 1.
784 1878 878 1918 20.
919 1859 1045 1918 ἅτ.
1105 1861 1262 1918 Phil.
1309 1878 1378 1936 2,
1420 1879 1478 1937 9.
1525 1878 1615 1919 10.
1677 1861 1870 1917 Hebr.
1916 1877 1970 1916 2.
2018 1875 2071 1933 7.
2120 1861 2176 1917 8.
2236 1859 2321 1917 Vt
2379 1856 2537 1916 enim
2600 1855 2927 1916 humiliatio
2988 1857 3315 1916 secundum

394 1947 701 2014 Vtramque
741 1948 1043 2012 naturam,
1083 1940 1188 1998 sed
1230 1939 1388 1998 varie
1428 1939 1710 2017 contigit;
1749 1937 1830 1998 ita
1868 1937 2161 2006 exaltatio
2188 1956 2309 1996 non
2350 1938 2543 1997 solum
2580 1938 2656 1997 ad
2678 1938 2995 1996 humanam
3018 1947 3315 2012 naturam,

395 2017 502 2077 sed
556 2017 734 2077 etiam
787 2019 865 2078 ad
906 2018 1202 2091 diuinam,
1243 2036 1352 2078 suo
1393 2020 1614 2098 mode,
1655 2017 1926 2096 pertinet.
1992 2021 2084 2077 Ac
2125 2020 2173 2078 I.
2215 2028 2280 2077 vt
2317 2016 2645 2076 humiliatio
2686 2017 3011 2076 secundum
3056 2015 3315 2077 diuinam

395 2109 664 2156 naturam
704 2097 954 2176 contigit
993 2117 1115 2158 non
1155 2099 1425 2159 absolute
1464 2100 1520 2157 &
1561 2098 1622 2158 in
1663 2117 1759 2172 se,
1801 2097 2129 2157 mutatione
2169 2097 2363 2174 aliqua
2404 2095 2689 2156 essentiae
2729 2099 2785 2158 81
2814 2097 3035 2173 gloriae
3056 2095 3319 2157 internae

397 2176 450 2234 &
492 2188 796 2254 aeternae,
835 2177 941 2238 sed
982 2179 1210 2238 tantum
1253 2181 1501 2256 relatae,
1542 2179 1768 2239 ratione
1809 2177 2219 2237 occultationis
2260 2176 2413 2236 illius
2452 2175 2845 2252 temporariae
2884 2194 3087 2236 coram
3132 2177 3319 2236 homi·

397 2256 599 2335 nibus,
639 2273 760 2333 qua
799 2257 1160 2320 maiestatem
1205 2274 1370 2318 suam
1409 2256 1672 2318 diuinam
1713 2259 1824 2318 sub
1865 2257 2201 2317 infirmitate
2245 2256 2437 2316 carnis
2478 2265 2811 2332 assumptae
2848 2256 2993 2314 texit
3013 2301 3031 2333 ,
3053 2263 3315 2316 carnem-

397 2353 514 2411 que
565 2354 732 2396 suam
784 2339 864 2397 ad
917 2338 1387 2416 redemptionem
1430 2342 1750 2399 electorum
1795 2336 1946 2397 mori
1987 2336 2206 2396 voluit:
2246 2337 2331 2397 sic
2371 2335 2645 2396 exaltatio
2688 2336 3011 2395 secundum
3052 2335 3314 2395 diuinam

397 2426 664 2477 naturam
723 2417 992 2479 consistit
1049 2437 1170 2479 non
1229 2419 1290 2479 in
1351 2421 1471 2480 vllo
1530 2418 1750 2497 gloriae
1801 2417 1952 2478 illius
2007 2415 2371 2477 incremento
2422 2416 2481 2476 in
2524 2433 2619 2491 se,
2673 2414 2780 2475 sed
2820 2415 2877 2474 in
2920 2415 3219 2475 illustriori
3260 2419 3315 2477 &

399 2496 648 2575 pleniori
688 2498 912 2575 gloriae
951 2510 1124 2559 antea
1163 2499 1394 2559 latentis
1435 2498 1900 2560 manifestatione
1939 2516 2013 2557 ac
2054 2497 2478 2575 patefactione,
2518 2498 2673 2569 (Act.
2718 2515 2771 2555 2.
2812 2498 2909 2572 36.
2950 2498 3127 2555 Rom.
3154 2516 3201 2554 1.
3236 2502 3317 2571 4.)

397 2595 604 2637 coram
664 2577 906 2655 Angelis
965 2582 1020 2639 &
1082 2578 1450 2653 hominibus,
1505 2580 1582 2639 de
1633 2595 1752 2656 qua
1791 2598 1853 2637 re
1895 2577 2155 2655 loquitur
2194 2576 2493 2652 Christus,
2538 2576 2752 2635 Ioann.
2800 2592 2891 2651 17.
2934 2590 2987 2651 5.
3030 2576 3315 2635 Glorifica

401 2676 528 2734 me,
579 2668 774 2735 pater,
823 2676 894 2719 ea
943 2658 1158 2737 gloria,
1212 2676 1391 2737 quam
1432 2658 1613 2719 habui
1651 2658 1810 2735 apud
1854 2668 1939 2734 te,
1982 2656 2323 2735 priusquam
2362 2656 2621 2716 mundus
2660 2668 2832 2715 esset.
2891 2657 2965 2714 11.
3012 2658 3090 2714 Vt
3132 2657 3314 2714 humi-

397 2736 560 2797 liatio
615 2738 942 2798 secundum
993 2742 1312 2799 humanam
1363 2750 1636 2798 naturam
1688 2737 1798 2797 sita
1837 2737 1947 2797 fuit
1986 2738 2047 2797 in
2086 2737 2266 2797 animi
2306 2735 2661 2811 humilitate,
2702 2736 2757 2794 &
2802 2735 2959 2795 vitae
3000 2754 3072 2794 ac
3110 2735 3317 2794 mortis

399 2816 592 2877 crucis
631 2816 1000 2879 obedientia:
1041 2818 1122 2879 ita
1161 2817 1440 2879 exaltatio
1480 2818 1592 2877 sita
1629 2830 1716 2877 est
1757 2836 1878 2877 non
1921 2818 1980 2876 in
2024 2816 2249 2878 virtutis
2264 2862 2282 2893 ,
2324 2816 2431 2875 sed
2470 2814 2532 2875 in
2572 2814 2921 2875 infirmitatis
2941 2814 3240 2874 ablatione
3261 2816 3316 2873 &

396 2898 695 2957 donorum
737 2896 1122 2959 habitualium
1163 2898 1554 2976 susceptione.
1595 2897 1890 2957 Exaltatio
1931 2896 2090 2957 enim
2135 2895 2351 2957 Christi
2366 2940 2381 2969 ‚
2426 2896 2627 2973 quoad
2667 2896 2984 2955 humanam
3016 2905 3285 2955 naturam
3298 2940 3317 2971 ,

398 2977 563 3037 Duas
603 2978 782 3036 habet
821 2988 1034 3055 partes.
1093 2977 1289 3038 Prima
1327 2990 1446 3055 est,
1487 2976 1780 3054 depositio
1819 2976 2047 3037 seruilis
2080 2976 2440 3037 conditionis
2479 2977 2534 3035 &
2576 2973 2977 3035 infirmitatum
3020 2974 3315 3051 omnium,

399 3074 548 3134 quas
587 3056 855 3117 Christus
895 3077 1105 3119 omnes
1145 3061 1261 3118 vna
1300 3060 1434 3117 cum
1478 3060 1736 3117 humana
1777 3066 2017 3134 natura,
2067 3067 2325 3134 excepto
2366 3066 2563 3116 tamen
2605 3064 2891 3133 peccato,
2932 3066 3317 3132 assumserat,

399 3138 595 3197 Hebr.
639 3158 697 3210 4.
749 3153 835 3215 15.
885 3149 948 3198 vt
985 3149 1121 3199 sunt
1159 3140 1376 3213 fames,
1417 3140 1640 3198 Matth.
1683 3158 1740 3210 4.
1787 3158 1838 3196 2.
1881 3138 1959 3196 er·
2005 3156 2097 3195 21.
2148 3141 2237 3197 18.
2276 3134 2431 3213 sitis,
2472 3136 2684 3194 Ioann.
2727 3154 2787 3207 4.
2832 3151 2884 3209 7.
2927 3134 3318 3213 DefatigatiO,

401 3218 617 3277 loann.
658 3237 714 3289 4.
757 3218 811 3277 6.
853 3220 1215 3295 Lacrymae,
1256 3222 1468 3278 loann.
1519 3237 1608 3277 11.
1651 3234 1747 3295 35.
1790 3216 2148 3295 ignominia,
2187 3216 2413 3277 Matth.
2460 3234 2551 3275 11.
2600 3234 2688 3292 19.
2730 3216 2808 3274 ὁ*
2856 3234 2945 3274 12.
2969 3234 3063 3288 24.
3104 3216 3318 3275 loann.

403 3300 457 3355 8.
501 3300 596 3371 48.
640 3296 1005 3377 ignorantia,
1057 3302 1264 3359 Marc.
1325 3318 1415 3375 13.
1459 3317 1554 3374 32.
1615 3297 1964 3375 patibilitas,
2020 3295 2373 3373 mortalitas,
2414 3295 2525 3355 Ere.
2588 3296 2865 3355 Secunda
2903 3305 2989 3355 est
3030 3296 3323 3355 humanae

403 3388 643 3437 naturae
683 3377 1034 3455 glorificatio
1051 3424 1068 3454 ,
1111 3389 1238 3438 tum
1279 3380 1480 3456 quoad
1521 3396 1738 3455 corpus
1753 3422 1770 3451 ,
1813 3387 1938 3437 tum
1981 3376 2181 3454 quoad
2223 3376 2499 3436 animam.
2542 3376 2778 3453 Corpus
2816 3374 2975 3434 enim
2997 3374 3217 3435 Christi
3236 3385 3325 3434 est

401 3455 724 3533 gloriosum
763 3458 1089 3534 redditum,
1130 3460 1393 3539 Philipp.
1438 3476 1494 3533 3.
1539 3478 1632 3517 21.
1673 3458 1897 3518 Matth.
1945 3474 2036 3532 17.
2083 3476 2136 3515 2.
2176 3458 2389 3534 Ephesi.
2442 3474 2493 3516 1.
2538 3474 2633 3515 2ο.
2672 3474 2765 3514 22.
2806 3458 3137 3515 Hehraeor.
3177 3474 3225 3515 1.
3263 3474 3319 3530 9.

402 3538 484 3595 ita
521 3548 584 3595 vt
623 3536 696 3597 sit
736 3539 792 3598 81
833 3549 1069 3599 maneat
1108 3538 1168 3597 in
1207 3550 1510 3599 aeternum
1551 3535 2029 3615 incorruptibile,
2069 3534 2425 3614 impatibile,
2458 3536 2819 3614 immortale,
2839 3546 3079 3594 auctum
3102 3535 3323 3594 robore

404 3616 458 3675 81
500 3616 790 3695 agilitate,
833 3620 1212 3696 resplendens
1252 3619 1483 3696 fulgore
1521 3618 1576 3676 81
1609 3618 1796 3695 gloria
1817 3616 2057 3677 coelesti
2078 3626 2255 3693 atque
2274 3616 2493 3676 diuina.
2534 3615 2847 3676 Caeterum
2868 3632 3085 3692 corpus
3107 3614 3323 3674 Christi

401 3706 700 3773 vtcunque
749 3700 866 3758 hoc
921 3698 1103 3759 modo
1156 3696 1576 3776 glorificatum,
1631 3708 1828 3757 tamen
1870 3696 2157 3775 solidum,
2193 3694 2698 3773 circumscriptum
2716 3739 2734 3772 ,
2774 3694 3031 3770 finitum,
3065 3692 3321 3771 visibile,

399 3776 462 3852 (f.
509 3778 703 3854 1675.)
743 3777 1070 3856 palpabile,
1111 3788 1275 3839 certo
1315 3782 1454 3838 loco
1493 3776 1670 3837 situm
1713 3796 1866 3852 esse,
1907 3795 2141 3855 semper
2178 3774 2385 3855 fuisse,
2427 3776 2482 3835 &
2516 3785 2804 3853 perpetuo
2828 3790 3177 3857 umansurum
3209 3785 3321 3834 sta-

401 3852 645 3933 tuimus,
684 3859 825 3917 Luc.
873 3876 966 3931 24.
1007 3877 1107 3936 39.
1146 3858 1398 3919 Animae
1438 3862 1580 3917 vero
1621 3857 1794 3917 dotes
1831 3866 2040 3917 auctae
2082 3866 2217 3917 sunt
2256 3856 2311 3915 δι
2350 3857 2675 3933 perfectae,
2697 3872 2881 3931 vsque
2899 3854 2977 3914 ad
2996 3871 3319 3929 summam,

401 3952 554 4013 quae
620 3936 678 3997 in
733 3948 1004 3998 naturam
1064 3950 1322 3998 creatam
1362 3938 1574 3999 cadere
1616 3948 1838 4015 potest,
1881 3937 2306 4015 perfectionem
2320 3982 2337 4012 ,
2380 3934 2504 3995 siue
2545 3936 2915 3994 Intellectum
2956 3942 3291 4011 spectemus
3306 3978 3323 4012 ,

395 4014 522 4075 siue
561 4018 952 4079 voluntatem.

477 4115 534 4171 9.
617 4097 836 4171 Quoad
889 4096 1251 4158 intellectum
1298 4098 1535 4175 attinet,
1573 4095 1685 4157 scit
1723 4094 1847 4157 iam
1867 4096 2135 4157 Christus
2154 4096 2215 4155 in
2236 4095 2423 4173 gloria
2444 4110 2581 4170 sua,
2602 4094 2861 4153 humana
2878 4102 3103 4169 mente,
3124 4095 3327 4155 omnia

393 4193 800 4253 quaecumque
839 4177 899 4237 in
937 4195 1044 4238 sua
1083 4177 1518 4247 humiliatione,
1561 4187 1803 4255 propter
1841 4196 1986 4251 nos,
2028 4176 2348 4255 ignorauit3
2385 4178 2590 4234 Marc.
2621 4190 2712 4249 13.
2732 4192 2829 4249 32.
2860 4175 3084 4236 Matth.
3110 4194 3203 4235 21.
3233 4194 3321 4250 19.

395 4258 560 4315 adeo
605 4271 666 4315 vt
707 4256 852 4317 nihil
893 4268 1015 4317 tam
1058 4260 1308 4317 arduum
1353 4258 1456 4317 sit.
1498 4257 1642 4315 nihil
1683 4268 1803 4316 tam
1845 4256 2137 4316 minutum
2177 4256 2235 4315 in
2278 4255 2555 4315 omnibus
2594 4254 2709 4313 Dei
2748 4254 3058 4331 operibuS,
3096 4254 3217 4315 hoc
3236 4266 3326 4315 est

395 4335 544 4413 suis,
612 4337 970 4413 praeteritis,
1035 4337 1444 4416 praesentibus
1484 4340 1540 4397 81
1581 4336 1814 4414 suturis,
1854 4338 2018 4414 quod
2058 4354 2180 4396 non
2222 4336 2280 4396 in
2322 4344 2601 4415 promptu
2641 4334 2747 4413 sit,
2784 4352 3161 4413 quocumque
3198 4353 3324 4394 mo-

3114 4423 3320 4475 mento
