3923 4875
90 4429 97 4558 —-
90 3609 99 4314 -—————-----
90 3113 98 3570 —--—-——-—-
90 2044 97 2996 q——--—-—v—--v—-vq—-=——-

1396 346 1803 393 ememor
1866 348 2080 391 raas
2137 348 2221 391 11.
3148 346 3262 411 475

312 509 771 591 perscriberet,
834 508 1258 589 Ecclesiaeque
1300 510 1719 571 assemandum
1764 516 1819 573 δι
1860 511 2302 573 decantandum
2345 510 2628 590 traderet,
2667 510 2766 571 hic
2789 508 3026 589 proprie
3043 510 3272 573 videtur

324 610 503 667 esse,
544 602 608 651 vt
650 590 873 651 fructus
910 586 1074 671 pacis
1112 608 1293 667 quam
1332 588 1603 651 Ecclesia
1638 592 1677 651 a
1714 592 1851 653 Deo
1891 592 2102 670 habet,
2158 590 2465 670 perspicue
2505 602 2864 669 exponeret3
2905 594 2960 651 δι
3009 604 3270 652 contem-

322 669 603 749 platione
645 669 881 732 illorum
895 714 914 748 ,
958 668 1191 731 animos
1224 668 1680 749 vniuscuiusque
1719 669 1845 732 veri
1872 670 2133 733 membri
2169 670 2230 731 in
2271 670 2506 733 Christo
2549 670 2934 749 Ecclesiaque
2972 670 3126 732 insiti
3165 690 3271 749 per

325 750 561 831 fidem,
598 750 677 811 ad
718 760 1033 829 vti-umque
1072 750 1367 831 studium,
1406 760 1533 812 tum
1576 752 1874 813 fructuum
1917 768 2071 829 quos
2111 749 2325 831 singuli
2361 762 2571 813 natura
2607 751 2906 831 cupimus,
2948 761 3072 811 tum
3105 750 3268 830 pacis

324 847 498 909 quae
556 829 725 892 nobis
786 830 960 893 datur
1000 833 1055 892 &
1097 832 1398 893 fructuosa
1438 841 1527 893 est
1556 850 1664 911 per
1706 832 1953 912 gratiam
1966 876 1985 909 ‚
2017 832 2227 892 eadem
2265 850 2450 909 opera
2487 832 2860 893 accenderet.
2939 832 3096 893 Nam
3135 831 3268 911 quis

326 912 570 973 fructus
606 908 1132 973 excellentissimos
1176 910 1381 973 videns
1420 930 1545 973 non
1585 910 1860 992 appetat?
1914 910 2049 991 quis
2085 912 2362 973 arborem
2403 910 2563 973 illam
2607 912 2701 973 vel
2739 913 3022 991 plantam,
3055 932 3130 973 ex
3149 931 3268 990 qua

328 992 572 1053 fructus
634 990 1065 1071 progignuntur
1128 990 1630 1072 excellentissimi,
1677 1012 1801 1054 non
1854 1003 2180 1073 anteponat
2220 991 2471 1054 caeteris
2511 994 2717 1071 rebus,
2758 990 2808 1055 si
2845 988 3032 1071 sapit?
3089 994 3266 1055 Hanc

328 1071 525 1151 igitur
562 1081 751 1133 artem
792 1070 1063 1133 adhibuit
1098 1074 1347 1151 PsalteS,
1386 1082 1451 1133 vt
1489 1072 1751 1152 singulos
1770 1075 1919 1151 no(f.
1947 1092 2022 1151 74
2027 1070 2273 1152 5)strssm
2304 1072 2382 1133 ad
2409 1071 2666 1134 eundem
2697 1073 2878 1133 finem
2915 1090 3265 1151 persequen-

332 1152 492 1213 dum
532 1163 796 1231 raperet,
836 1168 1016 1232 quem
1054 1152 1181 1231 ipse
1216 1152 1506 1215 vtendum
1544 1152 2004 1232 docendumque
2043 1163 2433 1233 proposuerat
2471 1150 2601 1215 sibi.

424 1232 673 1293 Summa
705 1244 905 1295 autem
944 1242 1062 1311 est,
1100 1231 1255 1295 illius
1292 1232 1485 1313 paciS,
1525 1251 1705 1313 quam
1746 1232 1807 1295 in
1837 1232 2261 1295 communione
2300 1243 2640 1295 sanctorum
2679 1250 2817 1295 cum
2856 1234 2992 1295 Deo
3014 1232 3266 1295 Ecclesi-

332 1319 502 1390 aque
566 1310 691 1373 eius
749 1312 1089 1375 obtinemus
1104 1358 1122 1393 ,
1182 1315 1409 1375 fructus
1468 1332 1593 1375 esse
1654 1314 1831 1377 bonis
1879 1315 2156 1377 omnibus
2199 1313 2708 1376 commendabiles
2721 1359 2740 1394 ,
2797 1316 2854 1375 &
2893 1330 3268 1391 summopere

335 1391 715 1471 appetendos
728 1438 749 1469 ,
787 1404 917 1455 tum
955 1393 1237 1455 bonitatis
1279 1392 1543 1473 ipsorum
1559 1439 1577 1474 ,
1619 1404 1744 1456 tum
1778 1394 2083 1457 suauitatis
2121 1398 2179 1457 δι
2217 1392 2596 1457 iucunditatis
2636 1393 2898 1455 nomine.
2938 1396 3078 1455 Hos
3111 1393 3266 1455 enim

335 1475 569 1533 fructus
607 1471 753 1533 nihil
790 1474 851 1535 in
893 1490 1089 1534 rerum
1140 1482 1349 1535 natura
1386 1474 1717 1553 adaequare
1757 1474 2040 1567 dignitate
2079 1485 2277 1553 potest
2294 1519 2314 1547 ,
2353 1474 2574 1536 nedum
2613 1474 2994 1535 antecellere:
3035 1472 3175 1551 quia
3205 1482 3269 1535 vt

335 1550 511 1613 radix
526 1597 545 1627 ,
585 1550 671 1613 sic
710 1552 887 1615 etiam
930 1555 1157 1616 fructus
1196 1564 1334 1616 sunt
1370 1557 1409 1613 a
1446 1555 1576 1616 sola
1613 1554 2034 1617 benedictione
2070 1554 2352 1634 Domini,
2405 1553 2508 1634 qui
2547 1553 2724 1615 nobis
2761 1551 3062 1615 benedicit
3102 1552 3268 1615 omni

336 1631 765 1773 benedictione
818 1632 1105 1714 spirituali
1162 1632 1226 1696 in
1264 1632 1413 1695 locis
1452 1634 1982 1713 supercaelestibus
2023 1634 2082 1695 in
2121 1634 2360 1698 Christo
2376 1680 2394 1715 ,
2455 1644 2520 1695 vt
2557 1632 2827 1713 Ephesiis
2862 1631 3067 1696 scribit
3105 1636 3267 1713 Apo·

341 1726 442 1775 sto
466 1730 535 1773 us
572 1732 703 1792 oep.
754 1732 807 1777 1.
846 1735 904 1776 v.
986 1759 1002 1776 .

424 1796 627 1857 Partes
665 1793 865 1873 itaque
904 1734 1077 1869 ligius
1116 1794 1331 1857 Psalmi
1370 1794 1431 1857 in
1475 1794 1812 1857 vniuersum
1842 1796 2000 1857 duae
2033 1795 2346 1874 ponendae
2365 1800 2532 1857 suntz‘
2567 1796 2724 1855 Nam
2743 1794 2999 1873 primum
3019 1794 3270 1857 habetur

344 1872 677 1957 propositio
730 1872 911 1937 totius
962 1875 1294 1955 argumenti
1308 1922 1325 1953 ,
1365 1893 1541 1937 versu
1581 1874 1797 1955 primo.
1870 1874 2104 1937 Deinde
2142 1881 2287 1939 vero
2328 1874 2618 1954 expositio
2659 1878 2716 1939 δι
2752 1873 3046 1937 enarratio
3083 1871 3268 1953 illius,

342 1954 585 2016 duobus
624 1954 1026 2035 sequentibus.
1064 1954 1538 2035 Propositionem
1576 1966 1773 2017 autem
1815 1956 2114 2036 Propheta
2150 1955 2214 2017 in
2251 1956 2412 2016 hunc
2452 1954 2700 2021 modum
2733 1952 3004 2029 instituit,
3036 1963 3102 2015 vt
3139 1973 3265 2015 rem

343 2034 591 2113 quidem
630 2046 931 2115 proponat
967 2035 1167 2099 verbis
1206 2036 1569 2117 simplicibus
1582 2083 1599 2109 ,
1641 2035 1933 2100 dicendo:
1973 2039 2208 2099 Bonum
2231 2038 2308 2097 ὁ*
2326 2055 2624 2099 amoenum
2649 2045 2737 2098 est
2749 2035 3270 2113 habitarefraffes

346 2117 521 2175 etiam
580 2118 699 2178 vn&
722 2136 745 2176 .·
804 2116 925 2177 Sed
988 2128 1185 2179 tamen
1225 2118 1545 2197 amplificet
1590 2116 1937 2195 dignitatem
1975 2116 2130 2178 illius
2167 2117 2404 2177 duobus
2443 2116 2729 2177 sermonis
2769 2112 3002 2194 figurati
3039 2114 3267 2194 modis,

348 2196 491 2255 cum
532 2194 710 2275 dicit,
750 2216 872 2258 ecce
889 2242 908 2275 ,
946 2200 1124 2276 qudm
1165 2198 1402 2276 bonum,
1444 2200 1521 2259 ὃν
1559 2200 1735 2275 quam
1758 2217 2078 2259 amoenum.
2111 2197 2372 2258 Primum
2403 2196 2600 2274 itaque
2621 2197 2696 2258 de
2715 2196 2841 2274 ipsa
2859 2194 3267 2275 propositione

348 2274 695 2354 simpliciter
734 2276 945 2338 dicturi
985 2295 1187 2339 sumus
1201 2323 1220 2356 ,
1263 2276 1479 2339 deinde
1519 2283 1664 2339 vero
1706 2276 2137 2357 desti-ingemas
2179 2276 2277 2338 illa
2315 2288 2662 2339 ornamenta
2691 2276 2770 2337 ad
2789 2274 3266 2356 amplificandam

342 2356 771 2435 propositionis
803 2356 1154 2437 dignitatem
1192 2359 1312 2419 hoc
1350 2358 1490 2420 loco
1528 2356 1813 2419 adhibita.

426 2436 535 2498 Est
572 2434 747 2516 igitur
786 2439 933 2500 haec
969 2439 1331 2520 propositio,
1373 2439 1862 2501 communionem
1904 2447 2247 2500 sanctorum
2281 2439 2504 2500 bonam
2535 2442 2590 2500 δι
2610 2457 2925 2500 amoenam
2944 2439 3040 2498 vel
3065 2435 3266 2499 iucun-

347 2515 503 2603 dam¹
541 2536 691 2580 esse.
750 2519 1111 2582 Communio
1152 2529 1496 2582 sanctorum
1547 2518 1863 2581 denotatur
1900 2518 1994 2580 his
2030 2519 2245 2582 verbis,
2307 2519 2610 2582 Habitare
2633 2519 2878 2598 fratres
2918 2521 3088 2580 etiam
3129 2519 3267 2582 vn&-

349 2598 533 2674 Quod
573 2608 771 2661 autem
810 2601 1153 2662 adfirmatur
1191 2599 1272 2663 de
1307 2601 1421 2662 hac
1460 2597 1886 2662 communione
1900 2645 1919 2680 ,
1958 2600 2158 2662 verbis
2197 2598 2566 2678 simplicibus
2591 2602 2649 2661 &
2667 2598 2880 2678 apertis
2901 2596 3266 2662 enuntiatum

350 2689 471 2770 est,
526 2679 751 2741 bonam
790 2679 1063 2742 videlicet
1102 2699 1234 2744 eam
1274 2681 1331 2742 δι
1368 2699 1681 2742 amoenam
1722 2699 1867 2748 esse.
1928 2680 2030 2740 Ad
2069 2679 2556 2742 communionem
2597 2689 2937 2742 sanctorum
2980 2679 3141 2740 recte
3179 2676 3263 2740 in-

349 2759 729 2838 telhgendam
788 2761 911 2824 duo
952 2758 1228 2824 distincte
1268 2778 1419 2840 opus
1458 2770 1547 2822 est
1585 2761 1919 2840 obseruari,
1976 2759 2152 2840 quid,
2211 2759 2289 2821 de
2348 2760 2564 2838 quibus
2611 2759 2872 2840 dicatur;
2931 2776 3147 2836 nempe
3187 2757 3264 2820 de

353 2838 566 2900 sanctis
605 2851 811 2902 sancta
849 2839 1224 2904 communio:
1267 2843 1387 2920 qua
1426 2839 1915 2904 communionem
1958 2839 2018 2902 in
2059 2839 2418 2902 antecedens
2457 2841 2771 2902 Canticum
2801 2838 3044 2919 copiose
3071 2837 3267 2900 decla·

352 2918 629 2982 rauimus.
688 2921 889 2983 Sancti
949 2921 1052 3000 qui
1113 2922 1174 2984 in
1233 2923 1347 2983 hac
1406 2921 1833 2984 communione
1894 2930 2031 2984 sunt
2045 2967 2063 3000 ,
2121 2920 2517 3000 appellatione
2555 2921 2838 3000 fratrum
2879 2919 3266 2982 denotantur:

355 2999 713 3063 Communio
750 3007 897 3065 vero
936 3019 1089 3082 quae
1130 3002 1280 3064 inter
1318 3001 1481 3082 ipsos
1520 3011 1637 3082 est,
1678 3003 1982 3067 communi
2021 3001 2386 3064 habitatione
2412 3020 2519 3080 per
2539 2999 2954 3082 synecdochen
2975 2999 3270 3066 Hebraeis

357 3079 625 3142 vsitatam
668 3081 771 3144 hic
802 3083 1153 3145 adumbrata
1192 3093 1301 3144 est.
1647 3154 1653 3162 ,

430 3161 525 3222 Ac
565 3163 773 3224 fratres
812 3163 1057 3241 quidem
1094 3163 1465 3242 appellantur
1503 3159 1692 3224 sancti
1730 3162 1832 3241 qui
1872 3162 1934 3224 in
1975 3161 2245 3224 Ecclesia
2285 3171 2442 3242 sunt,
2481 3181 2606 3224 non
2631 3172 2874 3223 naturae
2895 3160 3123 3240 ordine,
3163 3160 3270 3222 sed

356 3239 573 3318 gratiae
625 3241 861 3306 diuinae
914 3241 1200 3306 instituto.
1280 3244 1549 3306 Fratrum
1589 3242 1749 3306 enim
1789 3243 1913 3304 duo
1955 3252 2090 3304 sunt
2126 3261 2374 3323 genera,
2428 3261 2540 3321 pro
2579 3241 2805 3303 ratione
2843 3239 3270 3320 principiorum

356 3337 425 3380 ex
473 3319 691 3399 quibus
742 3323 1081 3386 efficiuntur
1128 3325 1356 3386 fratres.
1434 3324 1637 3385 Vnum
1677 3321 2032 3402 principium
2072 3332 2283 3384 natura
2319 3332 2438 3402 est3
2478 3321 2804 3385 secundum
2843 3339 3024 3399 quam
3064 3322 3270 3382 fratres

358 3397 475 3460 siue
531 3401 925 3466 remotissimo
938 3449 957 3484 ,
1024 3415 1089 3466 vt
1140 3420 1342 3465 sumus
1400 3422 1611 3466 omnes
1669 3403 1771 3480 filij
1832 3401 2052 3466 Adami
2066 3447 2086 3482 ,
2145 3403 2225 3464 ad
2264 3420 2440 3463 vnam
2481 3401 2739 3495 speciem
2780 3401 2970 3479 (cuius
3005 3399 3174 3462 radix
3211 3403 3268 3466 ἃ

360 3477 703 3560 principium
761 3482 871 3547 fuit
928 3485 1151 3563 Adam)
1206 3483 1563 3565 pertinentes
1576 3529 1595 3564 ,
1648 3483 1772 3546 siue
1830 3482 2222 3564 intermediis3
2280 3491 2459 3561 prout
2519 3492 2671 3544 mter
2708 3482 2822 3544 hos
2860 3482 3014 3544 duos
3049 3482 3268 3561 gradus

358 3563 750 3638 germanitatis
789 3563 1026 3643 plurimi
1066 3565 1243 3627 etiam
1284 3583 1358 3626 ex
1406 3576 1650 3626 naturae
1689 3574 1790 3625 aut
1828 3559 1988 3626 ciuili
2027 3563 2238 3627 ordine
2277 3571 2380 3640 τῆς
2419 3563 2804 3639 coenatque
2841 3562 3060 3642 gradus
3094 3561 3270 3623 inter·

360 3656 609 3707 currunt.
649 3645 805 3708 Cum
842 3658 1043 3707 autem
1082 3643 1143 3706 in
1182 3645 1451 3708 Ecclesia
1487 3663 1611 3707 non
1652 3645 1797 3706 fiant
1834 3643 2052 3724 gradus
2090 3642 2186 3705 isti
2257 3653 2322 3704 vt
2359 3641 2465 3722 qui
2500 3645 2539 3703 a
2567 3651 2776 3704 natura
2795 3641 2928 3720 sint,
2947 3643 3054 3705 sed
3071 3639 3269 3720 potius

364 3718 417 3780 in
456 3740 525 3784 ea
562 3721 966 3804 inueniatur,
1004 3735 1071 3786 vt
1108 3729 1146 3788 a
1184 3736 1396 3787 natura
1435 3724 1603 3806 facti3
1642 3743 1887 3786 necesse
1925 3734 2050 3804 est,
2089 3733 2154 3786 vt
2281 3721 2616 3784 ternitatem
2653 3723 2844 3802 hanc,
2883 3723 2962 3783 de
3001 3739 3122 3814 qua
3147 3719 3269 3800 agit

362 3801 603 3892 Jsaltes,
644 3805 706 3867 in
745 3803 1017 3867 Ecclesia
1056 3824 1181 3867 non
1220 3808 1259 3868 a
1298 3816 1507 3867 natura
1527 3851 1545 3884 ‚
1586 3805 1693 3867 sed
1732 3806 1811 3868 ab
1850 3803 2116 3867 instituto
2156 3803 2357 3882 aliquo
2396 3801 2712 3866 sentiamus
2751 3803 3061 3880 proficisci.
3099 3801 3268 3880 quod

361 3883 677 3948 institutum
716 3904 841 3948 non
879 3885 1203 3948 humanum
1216 3932 1237 3967 ,
1276 3887 1385 3948 sed
1426 3887 1693 3949 diuinum
1734 3905 1863 3949 esse
1901 3905 1978 3948 eo
2017 3883 2439 3964 cognoscimus
2453 3929 2472 3963 ,
2525 3883 2692 3962 quod
2731 3883 2904 3945 Pater
2942 3881 3270 3960 Ecclesiae,

364 3963 455 4038 qui
494 3965 599 4027 dat
636 3965 944 4028 Ecclesiae
982 3967 1045 4028 id
1085 3985 1215 4030 esse
1248 3967 1414 4046 quod
1454 3978 1543 4029 est
1556 4013 1575 4046 ,
1614 3965 1775 4029 idem
1816 3976 1903 4029 est
1940 3966 2350 4028 membrorum
2389 3975 2557 4044 pater
2571 4008 2590 4042 ,
2628 3963 2734 4042 qui
2773 3961 2876 4025 dat
2915 3962 2998 4026 eis
3038 3981 3166 4026 esse
3205 3961 3268 4023 in

364 4045 617 4108 Ecclesia
672 4045 734 4108 id
793 4047 961 4125 quod
998 4057 1153 4110 sunt.
1232 4048 1449 4110 Sumus
1499 4056 1698 4108 autem
1740 4047 1891 4110 inter
1928 4065 2042 4108 nos
2080 4048 2317 4125 fratres,
2353 4044 2614 4124 primum
2647 4041 2890 4123 quidem
2927 4041 2989 4105 in
3029 4040 3268 4106 Christo

364 4125 647 4192 conciliati
704 4127 873 4208 De03
922 4125 1143 4188 deinde
1201 4133 1345 4191 vero
1405 4127 1555 4190 inter
1592 4145 1705 4189 nos
1746 4127 1809 4190 in
1850 4125 2118 4189 Christo:
2173 4125 2313 4205 quia
2353 4123 2620 4188 Christus
2659 4134 2840 4202 caput
2877 4133 2967 4186 est
3005 4121 3173 4184 cuius
3211 4121 3270 4184 vi

365 4205 619 4272 omnium
660 4207 1067 4270 membrorum
1103 4206 1257 4270 inter
1294 4227 1359 4270 se
1389 4227 1719 4287 compages
1760 4218 1850 4269 est
1887 4216 2320 4288 coagmentata,
2352 4207 2407 4265 δι
2446 4215 2640 4266 totum
2679 4221 2896 4284 corpus
2921 4223 2994 4266 ex
3025 4202 3110 4265 eis
3127 4221 3270 4264 con-

366 4288 617 4352 stitutum
656 4287 905 4368 assurgit
943 4287 1006 4349 in
1048 4285 1261 4350 iustam
1300 4297 1580 4350 staturam
1600 4287 1801 4382 ipsius.
1840 4289 2062 4367 Ephes.
2085 4307 2142 4362 4.
2171 4307 2196 4347 ι
2205 4303 2260 4366 5.
2291 4289 2382 4348 16.
2424 4284 2764 4348 Secundum
2803 4283 3091 4346 rationem
3112 4283 3270 4344 hanc

368 4367 622 4450 proxime
662 4365 812 4428 inter
851 4387 916 4430 se
956 4367 1232 4432 dicuntur
1272 4371 1497 4450 francs,
1536 4384 1873 4448 quicunque
1912 4367 1976 4430 in
2014 4366 2254 4431 Christo
2295 4369 2351 4429 δι
2388 4365 2657 4428 Ecclesia
2697 4374 2834 4426 sunt
2871 4361 3138 4445 germani
3155 4361 3272 4503 ῧᾞ
