3923 4875
1603 315 2204 368 PRAEFATIO.
3256 322 3355 372 vu

413 500 740 575 veterum,
764 493 842 563 vo*
857 493 1130 578 πνεῦμα
1151 492 1460 597 ἒνδιῆκοιζ
1471 500 1840 576 arguentes,
1857 492 1997 557 sive
2018 490 2312 577 Epicuro
2336 494 2503 559 duce
2528 492 2780 583 ἡδονήν
2807 502 3127 561 venantes
3160 520 3358 565 κατα-

412 582 858 676 στηματικῇν,
893 585 960 648 in
981 583 1384 648 Pantheismi
1409 585 1546 651 sive
1568 583 2029 649 Materialismi
2055 603 2179 649 nos
2205 604 2360 649 cum
2392 586 2679 671 posteris
2713 584 3071 652 ferventem
3094 590 3357 673 penitus

415 677 708 743 deiciant
753 677 1105 759 abyssum3
1151 674 1290 740 sive
1333 695 1532 740 omne
1578 676 1759 759 quod
1805 696 1844 739 e
1879 677 2111 760 spiritu
2159 676 2495 760 spirituale
2543 697 2769 741 orsum
2793 680 3239 764 constipando
3286 678 3357 743 in

413 768 782 846 materiem,
806 768 947 832 sive
964 787 1184 846 omne,
1209 766 1392 850 quod
1415 788 1454 833 e
1479 768 1776 833 materiei
1799 776 2036 833 natura
2059 766 2343 833 solidum
2366 778 2485 847 est,
2511 769 2579 832 in
2605 768 2940 834 nimbosas
2965 769 3355 837 resolvendo

417 857 717 937 nebulaS,
755 879 954 924 omne
1002 858 1184 943 quod
1225 856 1560 942 palpabile
1606 866 1848 935 exstat,
1889 858 1956 922 in
2003 858 2304 924 volatiles
2352 880 2729 944 vacuasque
2758 860 3075 926 diluendo
3119 880 3353 927 auras·
3336 908 3353 941 ,

416 948 683 1018 Fichtio
728 950 1016 1035 Hegelio
1063 948 1176 1029 illi,
1215 948 1285 1012 hi
1335 948 1664 1028 Helveti0,
1697 948 1986 1026 ComtiO,
2035 948 2671 1037 Schoppenhaverio
2702 951 2949 1017 addicti
2992 953 3343 1039 magistris,

508 1042 626 1107 ῙΠ.
717 1042 863 1107 Iam
910 1049 1164 1107 restant
1212 1039 1736 1123 Christianismi,
1790 1062 1961 1125 quos
2008 1042 2303 1126 cogitate
2348 1045 2552 1109 modo
2597 1044 2993 1124 transibam,
3037 1045 3351 1121 fautore3‚

417 1134 532 1217 qui
585 1132 765 1199 letali
825 1133 1253 1219 pantheismo
1309 1132 1618 1198 Triunius
1665 1133 1796 1197 Dei
1843 1133 2115 1211 cultum,
2153 1133 2471 1201 classicae
2516 1136 2843 1200 venustati
2892 1155 3131 1220 pacem
3173 1146 3354 1202 tran-

413 1224 946 1310 quillitatemque
1011 1225 1509 1305 redemtorum,
1569 1226 1859 1289 terrestri
1930 1224 2213 1310 denique
2283 1227 2430 1292 solo
2476 1226 2767 1291 coeleste
2811 1225 3095 1307 Christi,
3157 1247 3355 1313 quem

413 1317 718 1395 adorant,
767 1311 1308 1402 anteponendum
1331 1317 1686 1382 aestimant
1719 1336 2017 1400 regnum.
2046 1316 2451 1383 Dilabuntur
2480 1327 2705 1383 autem
2746 1327 2815 1384 et
2846 1316 2957 1381 hi
2940 1320 3062 1403 ipsi
3085 1319 3221 1385 sere
3244 1320 3355 1384 tri-

411 1409 682 1493 partit0,
709 1410 930 1492 prouti
955 1408 1235 1489 Romae,
1267 1408 1768 1493 Wittenbergae
1791 1418 1909 1473 aut
1933 1406 2354 1474 Genevarum
2402 1410 2481 1474 iis
2528 1410 2771 1475 arridet
2792 1410 2973 1474 urbs,
2997 1410 3352 1476 Parvulum

413 1500 687 1585 quidem
711 1500 901 1565 initio
923 1497 1116 1565 huius
1153 1500 1400 1565 saeculi
1449 1510 1882 1578 momentum,
1931 1521 2050 1585 per
2088 1500 2260 1565 laeta
2276 1498 2708 1585 Syncretismi
2745 1502 3024 1579 somnia,
3065 1502 3357 1569 diversas

411 1591 729 1657 ecclesias
753 1592 820 1655 in
845 1612 1051 1657 unum
1073 1590 1320 1657 Christi
1341 1592 1516 1657 ovile
1557 1613 1721 1657 mox
1745 1591 2231 1675 recolligendas
2266 1594 2394 1658 sibi
2420 1597 2845 1660 decreverant
2878 1593 3356 1659 adlectantium

413 1684 784 1769 imaginum
808 1683 1262 1749 amabilissimi
1307 1684 1830 1764 adumbratoreS,
1859 1704 2023 1747 mox
2070 1694 2300 1748 tamen
2324 1684 2867 1769 perincommode
2904 1705 3027 1749 suo
3049 1706 3356 1770 perspec-

410 1775 545 1841 turi
591 1774 985 1841 detrimento
1023 1775 1326 1840 inanibus
1365 1774 1544 1840 hisce
1581 1785 1648 1840 et
1670 1775 2101 1841 mendacibus
2121 1776 2465 1843 insomniis
2488 1798 2561 1843 se
2584 1775 2917 1857 „incidere
2939 1778 3009 1841 in
3033 1774 3353 1861 Scyllam,

412 1866 621 1933 vitare
663 1868 1008 1952 cupientes
1050 1863 1538 1951 Charybdim”,
1585 1888 1708 1932 nec
1751 1867 1933 1933 aliud
1978 1868 2076 1931 sic
2122 1868 2255 1952 agi,
2281 1868 2403 1933 nisi
2450 1878 2527 1935 ut
2548 1868 2791 1934 iterum
2812 1866 3137 1933 historiae
3160 1876 3357 1955 rupto

417 1956 776 2043 obsequie,
841 1958 1190 2025 Roussavii
1251 1958 1696 2043 generaliores
1765 1958 1849 2024 de
1913 1978 1986 2022 re
2054 1958 2250 2023 civili
2312 1959 2402 2025 ad
2470 1980 2613 2025 rem
2660 1958 3191 2025 ecclesiasticam
3238 1980 3353 2027 ac-

416 2050 996 2117 commodarentur
1045 2047 1334 2135 pensiles
1367 2048 1867 2134 titubantesque
1905 2048 2272 2133 opiniones.
2310 2048 2730 2135 Quicumque
2758 2050 2965 2115 semel
2988 2072 3113 2136 per
3144 2050 3356 2119 histo-

407 2142 544 2208 riae
580 2142 887 2209 incedere
930 2143 1109 2207 viam
1155 2141 1284 2207 sibi
1333 2142 1646 2224 decrevit,
1695 2142 1843 2226 ipso
1865 2139 2278 2226 propellente
2302 2141 2615 2208 historiae
2639 2142 2857 2227 geni0,
2884 2142 2937 2206 is
2963 2163 3289 2229 praeceps
3311 2162 3355 2209 a

411 2254 456 2299 a
497 2233 1014 2318 generalioribus
1072 2234 1162 2299 ad
1230 2232 1546 2318 specialia
1567 2282 1584 2311 ,
1653 2252 1698 2297 a
1742 2233 1928 2317 vagis
1973 2232 2058 2297 ad
2107 2243 2413 2299 concreta
2430 2284 2447 2313 ‚
2520 2254 2563 2301 a
2608 2234 2833 2299 vacuis
2878 2236 2967 2300 ad
3018 2235 3235 2301 solida
3288 2235 3353 2301 vi

411 2324 803 2391 irresistibili
848 2346 1112 2411 prorsus
1159 2325 1426 2409 rapitur.
1476 2324 1654 2389 HInc
1691 2325 1897 2390 nostri
1926 2344 2191 2409 quoque
2214 2327 2361 2391 aevi
2388 2324 2767 2405 Christiani,
2796 2324 3043 2391 dolosis
3068 2348 3347 2413 propere

412 2413 846 2504 Syncretismi
884 2416 1161 2484 habenis
1205 2417 1504 2496 abiectiS,
1551 2416 1824 2483 iamiam
1869 2415 1961 2482 ab
2007 2417 2263 2482 arboris
2313 2439 2555 2502 genere
2602 2419 2783 2503 quod
2824 2426 3017 2484 extra
3056 2422 3352 2505 speeiem

410 2528 767 2596 nusquam,
813 2510 903 2576 ad
947 2509 1207 2596 fagum,
1253 2509 1342 2574 ad
1399 2509 1675 2588 ulmum,
1718 2509 1808 2575 ad
1854 2528 2176 2593 quercum
2224 2509 2598 2591 redeuntes,
2636 2531 2792 2576 suas
2840 2511 3083 2594 quique
3126 2531 3353 2578 sacras

411 2600 864 2686 repetiverunt
907 2601 1106 2668 aedes
1122 2649 1142 2681 ,
1193 2620 1670 2688 romanumque
1736 2620 1956 2664 rursus
2003 2609 2071 2666 et
2120 2598 2557 2668 lutheranum
2631 2609 2705 2667 ut
2764 2608 2831 2667 et
2876 2601 3348 2685 reformatum,

409 2691 768 2780 praeclaris
808 2693 1140 2760 maiorum
1186 2692 1515 2778 martyriis
1561 2692 1925 2778 inclytum,
1970 2691 2098 2756 sibi
2147 2692 2604 2775 restituerunt,
2650 2693 2791 2759 imo
2838 2694 3347 2776 revindicavere,

411 2803 684 2852 nomen.

493 2875 613 2942 IV.
692 2875 803 2942 De
817 2873 1258 2960 papis-tarum
1293 2874 1656 2942 ecclesiae
1637 2895 1708 2940 m
1737 2872 1873 2940 suis
1897 2876 2345 2942 restaurandis
2366 2874 2667 2956 consilio,
2694 2885 2959 2954 conatu,
2986 2875 3347 2960 molimine,

407 2987 762 3054 progressu
799 2966 914 3033 vix
957 2975 1080 3048 est,
1123 2967 1306 3053 quod
1332 2986 1663 3034 moneam.
1710 2965 2066 3051 Propalam
2113 2964 2280 3032 haec
2320 2975 2478 3033 sunt
2521 2977 2591 3034 et
2636 2969 2828 3052 quasi
2878 2967 2947 3032 in
2969 2969 3200 3034 oculos
3247 2969 3346 3035 in-

409 3069 694 3126 currunt.
742 3058 986 3125 Fervet
1021 3056 1260 3126 Curiae
1282 3059 1632 3126 Romanae
1654 3056 1914 3124 fervens
1937 3055 2435 3145 indefessusque
2458 3058 2667 3124 labor.
2692 3057 2959 3126 Clamat
2980 3059 3349 3128 Concilium

409 3151 931 3232 oecumenicum,
979 3150 1161 3236 quod
1201 3171 1450 3236 magna
1479 3171 1641 3217 voce
1663 3150 1920 3234 Papam
1942 3147 2362 3215 infallibilem
2398 3150 2868 3236 nuncprimum
2892 3152 3349 3237 proclamavit.

407 3237 675 3309 Clamat
695 3243 1088 3324 Brittannia,
1123 3241 1235 3308 ubi
1262 3242 1620 3308 nobiliores
1642 3262 1682 3307 e
1703 3239 2129 3307 nobilissimis
2154 3240 2242 3307 ad
2264 3262 2338 3306 se
2359 3242 2573 3326 rapuit
2596 3242 3174 3310 familias.Clamat
3188 3241 3353 3308 Ger-

407 3335 654 3415 mania,
693 3334 810 3401 ubi
843 3333 1100 3402 Galliae
1136 3333 1402 3419 subegit
1435 3334 1750 3400 invictum
1789 3334 2133 3399 victorem.
2174 3331 2438 3398 Clamat
2478 3337 2709 3418 patria,
2748 3333 2862 3400 ubi
2887 3335 3351 3420 episcoporum

405 3433 846 3512 reposuerunt
857 3425 1068 3492 sedes.
1093 3423 1354 3492 Clamat
1365 3425 1702 3492 Americal
1725 3423 1993 3490 Clamat
2006 3423 2194 3489 Asia!
2222 3422 2487 3491 Clamat
2511 3426 2687 3491 orbis
2712 3426 3053 3492 universus
3068 3427 3085 3494 1
3102 3463 3191 3476 —-—
3208 3427 3351 3492 Nec

403 3519 615 3604 magis
636 3517 802 3585 latet
823 3516 983 3602 quid
1003 3517 1186 3603 apud
1205 3515 1572 3584 Germanos
1592 3515 1978 3603 perfecerint
2000 3513 2297 3582 Lutheri
2314 3517 2607 3583 asseclae
2644 3517 2852 3603 (haud
2876 3537 3140 3598 nomen,
3167 3519 3349 3603 quod

401 3608 603 3690 absit,
627 3609 746 3676 sed
767 3607 1055 3675 hominis
1075 3611 1284 3674 secuti
1309 3608 1808 3689 consessionem)
1833 3607 1948 3692 qui
1973 3607 2101 3674 sub
2117 3608 2465 3674 Villmario
2480 3609 2549 3674 in
2566 3609 2829 3688 Hessia,
2843 3609 2970 3674 sub
2986 3609 3347 3678 Kliefothio

405 3699 562 3768 aliis.
591 3700 661 3768 in
707 3701 1021 3768 Borussia
1063 3701 1234 3768 duce
1256 3721 1495 3787 puram
1526 3708 1759 3785 putam
1797 3719 1956 3765 suae
1987 3701 2282 3766 nativam
2313 3698 2633 3766 ecclesiae
2655 3721 3055 3766 renovavere
3083 3700 3342 3784 faciem,

401 3792 600 3879 inque
636 3791 778 3860 dies
823 3792 1038 3878 magis
1087 3792 1259 3858 vires
1301 3802 1658 3872 sumentes,
1699 3791 2034 3876 adaugent
2056 3791 2391 3873 continuo,
2415 3811 2549 3875 qua
2594 3794 2727 3857 iarn
2777 3790 3143 3876 pollebant,
3186 3812 3345 3860 auc-

401 3885 758 3950 toritatem.
785 3921 866 3936 —
894 3881 1096 3969 Quod
1137 3903 1298 3949 vero
1341 3883 1432 3950 ad
1475 3883 1882 3968 reformatas
1927 3881 2165 3947 attinet
2210 3881 2543 3964 ecclesias,
2582 3883 2762 3951 haud
2796 3881 3063 3964 infitior,
3106 3904 3223 3950 eas
3247 3884 3340 3952 ob

398 3993 590 4042 suam
658 3997 776 4062 per
835 3975 1050 4042 varias
1115 3974 1353 4062 plagas
1420 3976 1896 4062 dispersionem
1941 3974 2265 4040 tardiores
2307 3995 2431 4059 pro
2482 3983 2781 4060 tempore
2824 3974 3115 4056 venisse;
3162 3995 3341 4043 nunc

401 4075 632 4134 autem
696 4067 899 4134 hasce
962 4086 1228 4154 quoque
1294 4067 1609 4135 ecclesias
1677 4073 1989 4150 prompte
2056 4073 2125 4131 et
2166 4064 2471 4132 alacriter
2515 4087 2635 4152 per
2694 4066 2981 4133 eundem
3027 4065 3339 4134 historiae

399 4159 736 4227 tramitem
775 4180 929 4227 cum
973 4179 1224 4246 magna
1269 4160 1570 4225 incedere
1615 4155 2015 4224 confidentia
2030 4206 2049 4239 ,
2115 4157 2378 4244 egregie
2420 4161 2720 4242 gaudent
2768 4157 2955 4238 laici,
3005 4158 3303 4244 theologi
3320 4207 3337 4238 ,

398 4247 770 4318 liberalium
813 4253 1062 4319 artium
1108 4251 1392 4319 cultores
1435 4270 1671 4318 omnes
1711 4247 1958 4333 quibus
1974 4297 1993 4330 ,
2048 4248 2221 4318 bene
2280 4269 2369 4316 ex
2410 4250 2614 4316 animi
2664 4251 2995 4318 sententia
3040 4249 3339 4356 ecclesiis

3093 4351 3337 4407 nostns
