3923 4875
435 0 896 89 proc'uraturuni
930 9 1093 88 quod
1133 0 1363 71 bonum
1404 21 1493 72 est
1532 9 1840 71 Ecclesiae
1878 10 2011 70 Dei.
2056 9 2222 86 Quid
2260 0 2456 71 autein
2495 8 2643 70 illud
2681 9 2756 70 sit
2796 0 2963 87 quod
3001 11 3230 72 bonum
3268 20 3355 73 est

437 90 739 152 Ecclesiae
777 89 924 168 Dei,
964 88 1028 150 in
1067 90 1558 168 praecedentibus
1598 89 1735 152 satis
1775 89 2108 170 explicauit.
2146 91 2381 152 Bonum
2414 106 2713 151 summum
2732 90 3034 151 Ecclesiae
3051 101 3170 170 est,
3192 91 3358 169 quod

438 169 652 232 domus
713 180 805 231 est
861 170 1122 232 Iehouae
1180 169 1295 232 Dei
1356 170 1542 233 nostri
1564 216 1581 246 ,
1643 170 1721 232 ad
1781 169 1975 248 ipsum
2036 169 2305 232 ordinata
2358 168 2832 232 constantissime
2872 170 2934 231 in
2974 171 3212 233 Christo
3252 190 3358 251 per

437 251 725 312 vnitatem
776 248 1052 329 Spiritus:
1105 251 1225 312 hoc
1279 270 1411 312 esse
1460 250 1633 312 iuius.
1704 250 1797 310 Ex
1834 269 1910 311 eo
1948 251 2116 312 bono
2156 261 2482 328 sequuntur
2519 250 2683 312 bona
2722 250 2952 330 omnia,
3014 268 3170 328 quae
3207 251 3357 312 deri·

436 342 649 392 uantur
680 331 744 392 in
779 349 893 392 nos
930 334 967 390 a
1007 329 1297 392 Domino:
1339 331 1462 392 siue
1522 330 1901 410 percipienda
1940 329 2098 392 intus
2136 334 2175 390 a
2213 331 2422 410 nobis,
2459 341 2522 392 vt
2566 342 2702 392 sunt
2735 331 2958 392 fructus
2975 331 3059 393 illi
3080 332 3325 409 Spiritus
3341 377 3358 407 ,

437 429 591 489 quos
650 415 789 472 ante
848 411 1144 489 Propheta
1201 411 1565 490 nominauit,
1626 430 1743 490 pax
1782 413 1837 472 δι
1878 411 2162 490 gaudium
2200 409 2264 471 in
2304 410 2524 490 Spiritu
2563 420 2799 490 sanct03
2840 411 2966 473 siue
3002 413 3358 490 proferenda

436 495 473 551 a
526 490 703 553 nobis
755 511 830 553 ex
869 508 993 570 quo
1031 507 1233 553 sumus
1274 490 1334 551 in
1375 490 1675 553 Christum
1715 490 1899 570 insiti,
1938 494 1994 553 &
2033 501 2340 553 consortes
2382 491 2520 553 facti
2561 491 2724 570 pacis
2765 491 3136 569 laetitiaeqffl
3177 491 3340 570 spiri·

435 571 607 633 malis
656 571 841 643 illius,
895 581 961 632 vt
999 583 1136 633 sunt
1174 573 1397 632 fructus
1435 570 1518 632 illi
1558 571 1835 650 Spiritus,
1876 571 1980 648 qui
2019 571 2080 632 in
2120 571 2583 633 sanctificatione
2624 571 2809 647 vitae,
2849 571 2906 632 δι
2946 573 3262 648 charitate,
3303 576 3357 634 δι

436 671 586 745 pace
641 660 972 728 versantur3
1031 651 1156 713 siue
1214 656 1378 712 extra
1437 651 1676 730 insuper
1722 650 2071 713 accedentia
2110 670 2215 730 per
2253 650 2736 713 benedictionem
2773 651 2889 713 Dei
2906 698 2924 731 ,
2964 662 3027 713 vt
3067 662 3204 714 sunt
3245 673 3359 730 pax

436 733 535 793 illa
572 733 629 792 &
669 730 1030 810 prosperitas
1069 731 1401 810 Ecclesiae,
1442 733 1517 793 de
1545 750 1663 809 qua
1702 732 2001 810 Propheta
2033 736 2169 794 ante
2209 751 2546 793 sermonem
2586 732 2891 795 habuerat.
2944 734 3118 794 Haec
3158 732 3358 795 omnia

437 811 701 891 quisquis
758 823 1057 890 procurat,
1115 823 1395 890 procurat
1451 811 1755 873 Ecclesiae
1815 814 2084 873 bonnm:
2136 812 2241 890 qui
2279 831 2404 875 non
2444 822 2754 893 procurat,
2793 812 3099 875 Ecclesiae
3139 809 3326 873 officit
3341 857 3359 890 ,

436 903 566 954 vtut
623 891 737 953 sibi
795 892 962 953 aliter
1009 891 1296 953 videatur.
1347 893 1558 970 Neque
1616 891 1864 953 dubium
1925 903 2045 968 est,
2105 891 2249 970 quin
2309 893 2389 953 ad
2427 893 2577 954 haec
2618 892 2821 954 omnia
2860 894 3155 972 Propheta
3192 904 3361 954 actus

437 971 656 1051 Spiritu
709 972 825 1033 Dei
865 971 1200 1050 respexerit.
1241 973 1665 1033 Verumtamen
1705 974 1843 1033 cum
1882 970 1968 1032 illi
2006 973 2229 1033 fructus
2269 975 2306 1032 a
2345 975 2540 1034 forma
2581 971 2886 1034 Ecclesiae
2927 973 3157 1035 interna
3176 983 3359 1034 exter-

436 1061 632 1130 naque
669 1051 822 1133 sint}
877 1070 991 1113 nec
1030 1061 1196 1114 extra
1233 1052 1594 1133 Ecclesiam,
1634 1052 1742 1113 sed
1774 1052 1836 1112 in
1878 1051 2183 1130 Ecclesia,
2217 1051 2280 1113 id
2320 1064 2437 1132 est,
2477 1052 2538 1114 in
2579 1052 2878 1132 Domino,
2930 1051 3032 1131 qui
3073 1052 3362 1114 inhabitat

435 1131 799 1211 Ecclesiam,
836 1131 1493 1211 sint‘praesentissima:
1534 1131 1727 1194 verius
1767 1131 1831 1193 id
1872 1150 2001 1194 esse
2041 1131 2349 1214 existimo,
2390 1151 2568 1213 agere
2609 1133 2969 1212 Prophetam
3010 1133 3264 1194 maxime
3286 1133 3362 1194 de

435 1212 611 1273 tertio
649 1211 754 1273 illo
794 1214 1092 1274 bonorum
1130 1231 1347 1306 genere
1384 1211 1599 1291 quibus
1637 1210 1779 1274 foris
1818 1211 2120 1274 benedicit
2161 1215 2326 1275 Deus
2365 1213 2436 1274 iis
2477 1231 2629 1293 quos
2671 1212 2902 1274 interna
2942 1213 3363 1275 benedictione

438 1291 791 1355 instruxerit.
829 1291 1050 1354 Omnia
1086 1291 1260 1372 igitur
1296 1295 1459 1354 bona
1497 1293 1600 1353 dat
1637 1293 1803 1354 Deus
1818 1337 1836 1370 ,
1876 1295 1933 1354 δι
1973 1292 2176 1354 omnia
2216 1292 2554 1371 quaerimus
2596 1294 2765 1372 data;
2810 1293 2949 1372 quia
2983 1312 3096 1355 nec
3117 1293 3217 1354 illa
3236 1293 3363 1372 ipsa

436 1391 589 1452 quae
628 1373 769 1432 data
806 1383 975 1450 sunt,
1011 1391 1127 1434 nec
1165 1392 1277 1435 nos
1316 1372 1477 1452 ipsos
1516 1373 1697 1450 (adeo
1736 1372 1900 1433 caeci
1939 1390 2142 1434 sumus
2185 1372 2522 1436 infirmitate
2563 1377 2790 1450 nostra)
2832 1373 3128 1436 inuenturi
3159 1373 3362 1451 simus,

436 1452 548 1513 nisi
584 1469 739 1530 quos
774 1451 1039 1530 quotidie
1080 1455 1481 1531 exploremus,
1522 1453 1578 1512 δι
1618 1455 1780 1515 bona
1819 1453 1933 1513 Dei
1947 1497 1966 1532 ,
2007 1464 2133 1515 tum
2174 1470 2327 1530 quae
2367 1453 2484 1515 iam
2526 1472 2600 1515 ex
2641 1456 2800 1515 facto
2820 1453 3019 1527 dedit,
3060 1465 3186 1515 tum
3208 1472 3362 1531 quae

437 1536 618 1611 porro
657 1533 915 1625 gratiose
951 1534 1194 1594 daturus
1231 1543 1351 1612 est,
1390 1551 1742 1611 quaeramus
1780 1531 1841 1593 in
1881 1533 2168 1594 Domino.
2213 1535 2451 1595 Horum
2493 1532 2553 1593 in
2593 1544 2953 1596 numeroest
2976 1553 3111 1613 pax,
3131 1536 3360 1595 bonum

437 1612 864 1691 suauissimum,
904 1614 1072 1690 quod
1110 1633 1175 1675 se
1215 1623 1665 1691 procuraturum
1705 1613 2044 1692 spondebat
2083 1615 2305 1675 Psaltes
2325 1625 2487 1676 certa
2522 1613 2772 1692 Spiritus
2793 1614 2906 1675 Dei
2928 1613 3361 1691 testificatione,

437 1693 713 1833 ssessmis’
772 1692 1199 1773 Persequimini
1256 1711 1467 1772 pacem
1525 1696 1582 1756 δι
1641 1691 2096 1755 sanctimoniam
2109 1739 2128 1774 ,
2185 1692 2311 1756 sine
2351 1713 2471 1772 qua
2513 1713 2696 1756 nemo
2738 1696 2936 1756 Deum
2981 1694 3210 1756 visurus
3253 1703 3360 1755 est.

505 1791 538 1834 e
582 1792 631 1834 r.
678 1792 768 1834 12.
820 1792 913 1848 14,

517 1853 683 1929 Quas
742 1853 825 1913 ob
884 1871 1012 1931 res,
1069 1863 1369 1932 quotquot
1425 1871 1626 1917 sumus
1689 1853 1793 1933 qui
1845 1872 2068 1916 nomen
2113 1854 2250 1916 Deo
2300 1853 2454 1933 patri
2493 1872 2601 1933 per
2644 1853 2948 1916 Christum
2988 1855 3263 1916 dedimus
3304 1853 3364 1916 in

436 1932 670 2013 spiritu,
711 1933 813 2011 qui
852 1933 932 1994 ad
965 1934 1295 1995 Ecclesiam
1332 1933 1852 2012 indulgentissimis
1889 1932 2380 2012 promissionibus
2401 1937 2456 1996 δι
2476 1933 2902 2014 gratiosissimo
2922 1935 3166 1997 foedere
3186 1935 3366 2014 ipsius

440 2029 853 2093 prouocamur,
893 2013 997 2092 qui
1036 2013 1095 2074 in
1117 2015 1355 2075 Christo
1375 2014 1666 2093 redempti
1684 2030 1886 2075 sumus
1905 2014 2096 2092 pretio
2109 2014 2479 2093 amplissimo
2493 2059 2511 2094 ,
2541 2014 2645 2092 qui
2665 2014 2725 2075 in
2742 2015 3010 2076 Ecclesia
3028 2016 3213 2094 pedes
3233 2034 3369 2076 nos·

437 2106 563 2154 tros
582 2093 971 2179 consisteptes
988 2094 1368 2172 agnoscimus
1386 2094 1601 2156 virtute
1621 2095 1732 2155 Dei
1745 2140 1762 2173 ,
1804 2094 1907 2173 qui
1927 2093 2270 2157 testimonio
2297 2094 2605 2156 communi
2624 2093 2846 2174 gratiae
2864 2095 3104 2157 diuinae
3124 2095 3369 2157 fruimur

438 2173 501 2235 in
540 2175 729 2235 domo
768 2173 892 2236 eius
907 2219 926 2250 ,
963 2183 1028 2234 vt
1066 2191 1288 2236 nomen
1328 2175 1510 2254 ipsius
1550 2193 1661 2253 pro
1701 2185 1865 2236 tanta
1884 2175 2281 2236 beneficentia
2300 2186 2579 2255 percepta
2598 2176 3005 2255 celebremus,
3037 2173 3140 2256 qui
3162 2176 3370 2237 ordine

437 2253 619 2332 ipsius
676 2254 881 2316 diuino
932 2264 1111 2334 atque
1154 2256 1418 2316 humano
1458 2255 1538 2315 ad
1577 2254 1667 2316 ius
1707 2254 2032 2317 colendum
2071 2255 2128 2316 δι
2168 2256 2648 2334 persequendum
2693 2255 3042 2317 deducimur
3056 2302 3075 2335 ,
3117 2256 3220 2334 qui
3260 2256 3369 2316 cir-

438 2334 923 2412 cumsplendente
979 2335 1112 2396 luce
1172 2334 1408 2398 testium
1460 2333 1574 2395 Dei
1635 2336 1693 2395 &
1754 2333 1971 2397 Christi
2028 2335 2652 2415 sanctissimorumque
2697 2336 2776 2396 ad
2815 2354 3028 2415 pacem
3068 2335 3372 2397 Ecclesiae

438 2415 878 2493 procurandam
927 2413 1313 2497 accersimur3
1367 2413 1471 2495 qui
1510 2414 1769 2493 denique
1809 2415 2087 2494 exemplo
2129 2415 2482 2478 sanctissimi
2520 2417 2856 2496 Prophetae
2896 2415 3148 2478 Dauidis
3190 2416 3370 2477 infor·

439 2513 671 2556 mamur
729 2496 808 2557 de
866 2495 1143 2557 omnibus
1181 2496 1294 2557 illis
1332 2496 1564 2563 pietatis
1602 2496 2021 2563 charitatisque
2062 2515 2203 2563 erga
2244 2497 2578 2558 Ecclesiam
2591 2542 2608 2563 ,
2668 2498 2726 2556 &
2767 2497 3004 2563 fratres,
3048 2498 3106 2557 &
3142 2497 3370 2558 amicos
