3923 4875
559 329 674 388 206
1503 347 1832 391 ‘rursus
1889 344 2543 394 rnrotoercaa.

551 507 654 566 fiat
711 505 1117 582 inefficaciter,
1155 506 1278 567 siue
1317 519 1443 570 tum
1483 507 1709 568 interne
1751 518 1876 570 tum
1917 513 2157 572 externe
2198 510 2515 572 efficaciter
2552 510 2633 570 ad
2674 509 2943 570 salutem.
3006 511 3211 574 Priore
3250 515 3437 578 modo
3452 561 3475 596 ,

553 586 722 646 multi
761 587 1036 647 dicuntur
1076 587 1295 664 vocati,
1340 587 1662 664 posteriore
1706 587 1878 666 pauci
1919 589 2109 649 electi.
2166 591 2390 650 Matth.
2436 609 2528 650 21.
2580 590 2667 648 16.

635 685 692 743 3.
775 666 1028 728 Vocatio
1069 667 1228 728 enim
1265 669 1416 729 haec
1454 667 1712 746 gratiosa
1749 669 1828 729 ad
1857 669 2108 730 salutem
2126 669 2526 749 distinguitur,
2556 677 2733 746 provt
2750 669 2831 728 ab
2850 669 3066 732 effectu
3082 669 3143 732 in
3166 675 3473 738 efficacem

555 749 610 808 δι
652 747 1047 824 inefficacem,
1087 747 1170 808 ita
1207 747 1392 812 modo
1433 747 1695 810 vocandi·
1725 748 1784 808 in
1821 759 2127 810 externam
2168 753 2226 810 δι
2266 749 2559 810 internam
2576 793 2595 828 ,
2632 767 2737 810 seu
2775 747 2837 810 in
2876 767 3263 814 communem
3282 757 3339 815 δι
3360 754 3474 816 sin-

553 827 838 906 gularem.
879 828 1052 903 Quae
1089 827 1228 888 licet
1267 827 1328 888 in
1365 827 1664 890 ordinaria
1705 829 2019 890 vocatione
2058 831 2136 890 ad
2176 831 2427 891 salutem
2465 827 2885 890 subordinatae
2902 841 3040 890 sunt
3053 875 3072 909 ,
3104 851 3217 911 pro
3234 833 3475 898 diuerso

551 919 748 968 tamen
787 919 1060 987 respectu
1101 910 1156 968 &
1197 907 1596 970 subiectorum
1636 908 1798 970 varia
1837 907 2067 970 ratione
2107 909 2411 988 differunt,
2454 919 2627 987 provt
2648 928 2723 970 ex
2742 909 3143 988 subsequente
3162 930 3471 978 causarum

550 989 998 1066 comparatione
1035 988 1277 1066 patebit.

631 1085 690 1139 4.
769 1069 925 1130 Nam
986 1067 1315 1130 vocationis
1371 1078 1648 1130 externae
1707 1072 1794 1144 (vt
1853 1069 1928 1128 de
1990 1067 2089 1128 illa
2126 1067 2324 1146 priore
2364 1071 2503 1130 loco
2540 1072 2807 1147 agamus)
2846 1088 3031 1133 causa
3072 1071 3338 1149 qfficieus
3378 1086 3468 1138 est

543 1152 958 1228 φιλανθρωπία
1018 1148 1162 1226 Dei,
1223 1165 1326 1208 seu
1387 1167 1684 1226 propensa
1739 1167 1814 1207 ex
1865 1167 1928 1210 se
1969 1149 2049 1208 ad
2089 1147 2427 1210 hominibus
2467 1147 2957 1210 benefaciendum
2997 1152 3303 1232 voluntas,
3345 1171 3471 1232 quo

544 1239 816 1304 respectu
857 1227 1187 1290 animarum
1229 1245 1432 1288 amans
1476 1229 1530 1287 δι
1571 1229 1844 1288 Saluator
1883 1229 2193 1290 hominum
2232 1228 2295 1289 in
2332 1227 2619 1307 scriptura
2658 1231 3008 1307 appellatur.
3056 1250 3105 1292 1.
3158 1233 3305 1293 Tim
3326 1253 3387 1306 4.
3406 1238 3468 1296 6.

629 1323 682 1384 5.
761 1309 1036 1368 Materia
1051 1354 1070 1386 ,
1129 1325 1232 1370 seu
1294 1307 1670 1383 Subiectum,
1711 1319 1843 1368 sunt
1883 1327 2095 1370 omnes
2136 1308 2435 1386 homines,
2472 1309 2551 1370 ad
2590 1327 2745 1386 quos
2782 1307 3062 1386 pertingit
3101 1311 3467 1389 praedicatio

543 1385 706 1448 verbi
761 1387 905 1466 Dei,
945 1391 1001 1450 δι
1045 1387 1412 1468 participatio
1455 1389 1973 1450 Sacramentorum
1988 1434 2006 1464 ,
2048 1406 2155 1466 per
2194 1389 2498 1450 Ecclesiae
2538 1387 2957 1467 ministerium,
2998 1390 3223 1468 absque
3266 1391 3465 1455 discri-

545 1466 701 1527 mine
745 1467 1083 1545 nationum,
1123 1485 1370 1528 sexuum
1413 1469 1468 1528 δι
1509 1479 1783 1528 statuum.

621 1550 678 1608 6.
757 1550 985 1608 Forma
1000 1593 1017 1627 ,
1059 1559 1148 1608 est
1179 1559 1419 1608 externa
1449 1547 1549 1608 illa
1583 1547 1746 1612 verbi
1780 1547 2174 1627 praedicatio,
2216 1549 2731 1610 sacramentorum
2764 1547 3224 1629 administratio,
3264 1553 3467 1614 Eccle-

541 1627 662 1689 siae
719 1629 1242 1706 membrorumque
1302 1627 1453 1689 illius
1512 1629 1572 1688 in
1630 1647 1698 1689 se
1755 1631 1810 1690 δι
1869 1627 2023 1689 inter
2076 1647 2138 1690 se
2179 1627 2527 1690 communio
2540 1672 2559 1707 ,
2598 1646 2753 1705 quae
2790 1627 2992 1688 omnia
3029 1647 3105 1690 ex
3145 1641 3311 1708 parte
3352 1633 3465 1692 Dei

539 1707 794 1787 gratiose
834 1709 1186 1784 offeruntur,
1227 1727 1300 1768 ex
1341 1707 1594 1768 hominis
1634 1719 1799 1786 parte
1839 1707 2107 1768 sensibus
2152 1708 2553 1786 percipiuntur
2585 1705 2868 1785 externis,
2902 1726 3027 1769 non
3048 1719 3246 1772 tamen
3268 1716 3461 1778 ἅπλῶς

542 1787 898 1849 sufficienter
935 1789 990 1848 δι
1029 1788 1352 1849 efficienter
1391 1787 1468 1848 ad
1509 1789 1776 1850 salutem.

625 1885 678 1943 7.
761 1870 928 1928 Finis
969 1879 1228 1929 remotus
1242 1913 1260 1936 .
1300 1878 1390 1930 est
1428 1869 1650 1946 gratiae
1689 1868 1842 1930 illius
1881 1867 2119 1929 diuinae
2166 1867 2572 1930 manifestatio.
2617 1865 2955 1945 Proximus,
2997 1879 3061 1928 vt
3100 1871 3196 1929 vel
3226 1870 3465 1948 reprobi

543 1947 862 2008 reddantur
901 1949 1318 2028 &ready-'roo
1333 1995 1347 2024 ,
1389 1951 1484 2011 vel
1523 1951 1586 2010 v‘t
1623 1948 1798 2010 electi
1837 1967 1944 2026 per
1980 1947 2199 2026 gradus
2238 1951 2275 2008 ὲ,
2296 1949 2429 2010 Deo
2449 1947 2774 2010 destinatos
2792 1947 3165 2010 adducantur
3182 1949 3263 2010 ad
3284 1951 3463 2010 finem

541 2045 742 2104 suum,
786 2027 846 2088 id
885 2038 1001 2104 est,
1039 2029 1288 2088 salutem
1329 2039 1652 2090 aeternam.

621 2110 676 2166 8.
777 2109 1102 2168 Vocatiom's
1143 2111 1284 2168 vero
1322 2109 1588 2168 internae
1602 2154 1622 2186 ,
1659 2107 1917 2170 efficacis
1957 2113 2013 2168 δι
2054 2108 2319 2170 salutaris
2356 2111 2559 2184 (quam
2604 2117 2803 2168 tamen
2841 2109 2881 2167 a
2918 2105 3117 2184 priore
3158 2107 3219 2168 in
3258 2109 3460 2170 electis

537 2205 662 2248 non
723 2205 1092 2265 separamus,
1151 2205 1266 2246 nec
1325 2205 1586 2266 vnquam
1635 2190 1696 2250 in
1736 2187 2039 2250 ordinaria
2078 2188 2154 2249 ad
2194 2191 2446 2248 salutem
2490 2187 2583 2247 via
2620 2189 2679 2250 δι
2716 2187 2944 2247 ratione
2984 2187 3243 2265 separari
3282 2208 3461 2280 posse

538 2267 922 2340 affirmamus)
975 2285 1156 2326 causa
1195 2267 1454 2344 efficiet&
1496 2280 1614 2345 est,
1664 2271 1907 2328 εὐδοκία
1947 2269 2047 2326 illa
2088 2268 2201 2328 Dei
2242 2269 2302 2328 in
2344 2265 2581 2328 Christo
2620 2269 2781 2346 Iesu,
2824 2284 2929 2326 seu
2966 2264 3153 2344 gratia
3190 2271 3305 2328 Del
3346 2269 3458 2330 sin·

540 2346 758 2425 gularis
817 2358 1058 2426 propter
1119 2347 1438 2408 Christum.
1499 2349 1640 2410 Duo
1699 2348 1860 2408 enim
1919 2349 2069 2408 haec
2106 2348 2166 2408 in
2207 2349 2320 2408 hac
2360 2347 2655 2408 efficiente
2692 2363 2871 2408 causa
2908 2359 3271 2414 concurrunt
3284 2393 3303 2425 ,
3346 2349 3463 2408 Dei

537 2428 977 2506 beneplacitum
1018 2437 1302 2505 tanquam
1341 2446 1516 2489 causa
1555 2430 1973 2510 προηγουμένη,
2016 2428 2169 2489 vnde
2209 2431 2266 2490 δι
2304 2429 2385 2489 ab
2424 2428 2719 2506 Apostolo
2754 2425 2969 2488 dicitur
2992 2425 3227 2489 vocatio
3248 2446 3458 2489 secun—

537 2508 682 2568 dum
722 2506 1092 2586 propositum
1130 2507 1272 2569 Dei:
1313 2510 1370 2569 &
1407 2508 1626 2571 Christi
1668 2512 1875 2588 λίτρον
1891 2556 1906 2585 ,
1947 2519 2231 2586 tanquam
2270 2524 2449 2569 causa
2489 2507 2804 2569 meritoria.

619 2607 678 2664 9.
757 2590 1028 2649 Materia
1043 2632 1061 2665 ,
1121 2606 1225 2647 seu
1285 2588 1614 2651 subiectum
1666 2587 1840 2649 huius
1877 2588 2233 2666 vocationis,
2272 2599 2411 2649 sunt
2446 2588 2559 2649 soli
2596 2586 3011 2666 praedestinati
3052 2591 3107 2649 δι
3140 2586 3341 2659 electi3
3380 2588 3459 2649 ad

538 2668 1028 2730 communionem
1087 2668 1306 2745 gratiae
1367 2670 1422 2729 δι
1480 2669 1702 2747 gloriae
1755 2669 1820 2743 (f.
1871 2670 2047 2747 1681)
2100 2671 2179 2731 ab
2220 2679 2494 2747 aeterno,
2532 2670 2591 2731 δι
2627 2668 2688 2729 in
2727 2677 2998 2746 tempore
3038 2668 3117 2729 ad
3156 2667 3457 2745 vtriusque

538 2748 1026 2809 communionem
1067 2748 1385 2809 efficaciter
1425 2750 1638 2809 vocati.

621 2847 714 2889 ιο.
791 2832 1022 2889 Forma
1035 2872 1053 2903 ,
1101 2838 1334 2904 praeter
1370 2828 1538 2890 verbi
1575 2826 2107 2921 praedicationem,
2147 2830 2663 2889 Sacramentorum
2698 2825 3301 2905 administrationem,
3342 2828 3452 2887 Ec·

535 2908 750 2969 clesiae
789 2906 1302 2984 communionem,
1343 2919 1434 2969 est
1473 2920 1632 2969 acuo
1673 2910 1772 2969 illa
1809 2910 2021 2969 efficax
2060 2907 2307 2987 Spiritus
2351 2907 2465 2969 Dei
2504 2908 2564 2969 in
2602 2906 2807 2985 nobiS,
2841 2909 2900 2967 &
2920 2908 3247 2969 secundum
3264 2907 3458 2983 illam,

535 2998 664 3048 tota
725 2988 980 3049 hominis
1038 2986 1377 3063 renouatio,
1417 3006 1572 3066 quae
1608 2990 1788 3067 vulgo
1835 2988 2201 3066 regeneratio
2240 2989 2303 3049 in
2342 2988 2655 3066 Scripturis
2696 2986 2927 3047 dicitur.
2966 2986 3127 3049 Finis
3166 2997 3461 3065 remotus,

535 3068 726 3147 gloria
767 3069 880 3130 Dei
921 3067 1216 3127 vocantis:
1259 3066 1596 3145 proximuS,
1638 3070 1794 3130 salus
1833 3068 2092 3131 hominis
2132 3067 2350 3129 vocati.

620 3167 643 3206 1
661 3168 684 3206 1
698 3194 711 3207 .
793 3150 898 3208 Est
957 3166 1099 3226 ergo
1158 3151 1381 3209 vocatio
1435 3151 1522 3208 acl
1566 3152 1806 3208 salutem
1822 3194 1840 3224 ,
1889 3148 2049 3209 actio
2089 3150 2301 3210 efficax
2340 3151 2395 3209 δι
2433 3145 2689 3225 gratiosa
2730 3145 2977 3225 Spiritus
3022 3146 3221 3209 Sancti
3260 3145 3458 3223 obsig-

530 3227 724 3289 nantis
763 3229 823 3288 in
865 3226 1068 3287 electis
1108 3246 1282 3287 verae
1321 3228 1461 3289 fidei
1497 3228 1886 3289 instrumento
1902 3272 1920 3307 ,
1949 3229 2119 3290 verbi
2154 3227 2659 3307 praedicationem
2675 3272 2693 3304 ,
2712 3244 2885 3288 vsum
2906 3228 3427 3287 Sacramentorum
3440 3270 3458 3303 ,

533 3306 749 3368 Christi
790 3306 1210 3385 Ecclesiaeque
1247 3307 1400 3367 illius
1442 3308 1930 3370 communionem
1946 3354 1965 3385 ,
1994 3310 2075 3371 ad
2092 3312 2341 3372 salutem
2360 3306 2595 3367 illorum
2610 3351 2627 3384 ,
2648 3308 2707 3366 &
2728 3316 3031 3367 aeternam
3052 3305 3166 3367 Dei
3186 3304 3456 3384 gloriam.

618 3407 641 3445 1
654 3408 708 3448 2.
790 3389 882 3447 Ex
933 3402 1052 3464 qua
1106 3386 1450 3449 definitione
1497 3391 1554 3450 δι
1603 3405 1915 3449 causarum
1954 3388 2399 3449 enumeratione
2414 3433 2433 3466 ,
2474 3384 2587 3446 tria
2626 3392 2966 3465 πορισματα
3006 3396 3291 3461 tanquam
3328 3404 3459 3445 con·

531 3470 785 3527 sectaria
824 3466 1275 3528 concluduntur.
1328 3487 1376 3529 r.
1415 3468 1812 3529 vocationem
1855 3470 2189 3545 efficacem,
2230 3477 2407 3548 prout
2446 3465 2789 3544 gratuitam,
2824 3464 2909 3525 ita
2934 3468 2992 3525 δι
3024 3465 3458 3555 &permanaret

531 3566 686 3625 esse,
747 3548 914 3610 cuius
967 3548 1166 3607 Deum
1217 3564 1338 3607 non
1390 3549 1705 3627 poeniteat.
1774 3570 1827 3609 2.
1869 3550 2006 3610 Non
2059 3568 2268 3609 omnes
2312 3546 2539 3608 interne
2578 3549 2617 3605 a
2656 3546 2789 3607 Deo
2831 3545 3033 3607 vocari
3072 3561 3175 3622 qm
3214 3547 3456 3603 externe

535 3638 876 3706 mouentur,
936 3627 1075 3687 licet
1123 3625 1388 3689 internae
1441 3628 1592 3689 illius
1643 3627 1977 3690 vocationis
2015 3646 2251 3689 sensum
2290 3646 2433 3704 prae
2472 3645 2537 3687 se
2576 3628 2727 3685 ferre
2766 3623 3087 3703 aliquando
3130 3622 3456 3683 videantur.

533 3709 688 3768 Nam
739 3708 965 3769 idcirco
1007 3707 1283 3767 effectum
1325 3708 1655 3769 vocationis
1693 3710 1928 3769 illorum
1944 3754 1963 3787 ,
2004 3718 2206 3787 gustus
2246 3707 2559 3783 duntaxat3
2598 3705 2863 3767 internae
2906 3708 3047 3766 vero
3062 3750 3081 3782 ,
3118 3702 3285 3763 verbi
3318 3718 3457 3761 cum

535 3788 652 3847 fide
693 3800 1011 3869 σύγκρασις
1051 3786 1111 3846 in
1153 3788 1211 3847 S.
1253 3788 1554 3866 Scriptura
1595 3788 1814 3864 (Hebr.
1856 3810 1915 3863 4.
1961 3791 2041 3849 ὁ·
2076 3790 2163 3861 6.)
2204 3786 2557 3848 nominatur.
2599 3804 2657 3863 3.
2700 3784 3099 3847 vocationem
3139 3784 3297 3843 hanc
3330 3801 3457 3843 esse

536 3866 709 3944 doni,
763 3888 887 3928 non
939 3863 1154 3943 meriti,
1206 3866 1427 3944 gratiae
1466 3887 1590 3929 non
1631 3878 1904 3948 naturae,
1945 3868 2085 3929 ideo
2124 3870 2321 3927 Deum
2362 3866 2619 3945 gratiose
2661 3882 2877 3925 vocare
2922 3882 3075 3942 quos
3112 3864 3270 3941 vult,
3310 3861 3459 3923 iuste

533 3965 686 4023 quos
737 3950 895 4024 vult,
955 3966 1080 4007 non
1137 3964 1382 4023 vocare,
1436 3958 1537 4009 aut
1587 3968 1710 4008 non
1764 3968 1979 4011 vocare
2018 3946 2379 4029 :efficaciter3
2434 3956 2749 4022 vtrurnque
2790 3950 2933 4009 vero
2974 3944 3190 4022 libere,
3232 3944 3459 4020 absque

537 4030 998 4107 προσυποληψίᾳ
1037 4038 1137 4088 aut
1177 4028 1376 4105 culpa.

1813 4258 2183 4267 —n—-—-

2960 4429 3457 4491 XXXIILDE
