3923 4875
1430 349 1760 396 ‘russas
1816 349 2468 398 rntonocrcar..
3257 343 3369 413 ‘139

468 514 645 574 etiam
683 512 815 589 (vbi
854 511 1043 572 visum
1088 511 1197 572 erit
1236 525 1443 572 contra
1480 513 1683 573 omnia
1714 513 1912 572 media
1950 512 2272 590 peragitur.
2305 513 2479 589 :quod
2521 529 2672 590 opus
2710 530 2830 571 non
2871 529 3078 588 parum
3121 509 3280 571 facit’-
3300 511 3374 570 ad

470 593 719 672 gloriam
763 591 877 652 Dei
918 592 1351 669 illustrandam
1392 594 1634 669 eiusque
1674 592 1998 670 potentiam
2037 593 2552 664 manifestandam
2593 602 2656 650 vt
2696 609 2847 668 quae
2885 591 3058 649 nullis
3098 590 3377 650 adstricta

470 684 558 733 est
599 669 809 732 mediis
836 670 1110 730 externis.
1151 672 1477 732 Mediatum
1518 675 1659 730 vero
1700 689 1851 749 opus
1892 672 2008 730 Dei
2037 688 2348 746 vocamus»,
2391 637 2552 748 quod
2574 670 2645 731 sit
2665 689 2772 746 per
2791 669 2951 728 varia
2971 669 3198 746 media,
3219 688 3377 729 nunc

471 771 595 830 per
613 763 880 810 naturam
920 751 1278 828 superiorem
1321 751 1510 828 illam,
1548 769 1711 811 nunc
1760 771 1865 830 per
1904 753 2059 810 lianc
2097 751 2468 828 inferiorem,
2507 763 2628 810 tam
2669 767 3044 810 communem
3066 767 3245 825 quam
3265 751 3377 809 sin·

472 833 759 922 gularem,
800 848 959 889 nunc
998 829 1251 921 denique
1289 850 1395 906 per
1435 830 1689 908 singulas
1729 840 1973 890 naturae
2013 842 2206 908 partes
2245 795 2570 890 secundum
2609 840 2904 906 naturam,
2939 829 2993 886 δι.
3023 846 3198 918 supra
3219 841 3379 888 natu—

474 931 599 970 ram
640 909 863 987 ipsam
902 922 1079 986 prout
1118 911 1305 968 visum
1350 921 1438 970 est
1478 909 1761 970 maiestati
1805 909 1949 970 eius.
1991 913 2187 987 Atque
2226 911 2344 970 hoc
2381 909 2673 987 singulare
2713 919 2802 968 est
2839 907 3120 968 bonitatis
3140 908 3376 968 diuinae

474 1009 609 1050 cum
650 989 933 1066 sapientia
970 989 1069 1048 illa
1108 1006 1212 1048 sua
1252 991 1649 1066 πολυποιηὲλφ
1690 989 2046 1049 coniunctae
2085 989 2518 1064 testimonium,
2557 989 2777 1066 Ephes.
2819 1007 2876 1064 3.
2927 1009 3014 1047 10.
3056 989 3216 1063 qued
3240 991 3376 1048 curn

474 1069 597 1146 ipse
638 1086 788 1128 vnus
826 1085 1003 1127 causa
1042 1067 1115 1128 sit
1156 1085 1350 1128 rerum
1389 1069 1653 1127 omnium
1692 1069 1982 1146 efficiens,
2023 1070 2319 1146 finesque,
2357 1071 2614 1137 fortnas
2647 1069 2702 1128 δι
2721 1069 2884 1128 ideas
2905 1086 3095 1128 rerum
3113 1066 3378 1127 omnium

473 1149 531 1208 in
590 1167 697 1208 sua
756 1146 936 1225 ipsius
996 1148 1211 1208 habeat
1250 1158 1481 1222 men-te,
1522 1157 1697 1223 atque
1742 1148 1823 1208 ita
1862 1149 2078 1208 habeat
2117 1159 2180 1208 vt
2215 1150 2296 1208 ad
2339 1150 2627 1208 mundum
2666 1150 2824 1208 hunc
2863 1147 3198 1207 vniuersum
3239 1151 3276 1206 a
3315 1166 3377 1208 55

474 1230 695 1288 factum
731 1245 809 1286 ex
848 1226 1033 1287 nihilo
1071 1192 1578 1301 conseruandum,
1612 1236 1789 1304 atque
1816 1228 2314 1320 gubernandum'
2295 1247 2422 1306 ipse
2444 1244 2592 1286 vnus
2613 1227 2892 1287 sufficiat:
2915 1227 3164 1288 voluerit
3182 1237 3380 1286 tamen

474 1306 820 1398 dignitatem
878 1305 1228 1366 causalitatis
1289 1309 1378 1382 (vt
1428 1307 1505 1364 ita
1547 1307 1777 1382 loquar)
1815 1307 1994 1367 etiam
2029 1325 2172 1367 cum
2215 1307 2494 1368 creaturis
2535 1306 3006 1380 communicare,
3044 1325 3154 1384 pro
3196 1307 3381 1368 modo

476 1387 499 1446 i
538 1403 757 1446 sarum.

498 1407 613 1524 P6.
691 1465 1035 1534 Caeterum,
1088 1465 1226 1541 quia
1272 1465 1479 1524 Malia
1527 1465 1673 1524 haec
1710 1485 1832 1526 non
1878 1467 2044 1527 vnius
2081 1477 2216 1526 sunt
2254 1465 2514 1543 generis,
2553 1484 2625 1525 ea
2660 1466 2721 1525 in
2759 1469 2972 1525 classes
3009 1483 3142 1526 suas
3180 1465 3380 1526 distin·

478 1562 743 1622 guemus.
783 1544 985 1604 Media
1018 1544 1135 1604 alia
1168 1555 1304 1604 sunt
1342 1544 1696 1614 necessaria,
1716 1545 1831 1605 alia
1848 1543 2270 1623 contingentia.
2318 1547 2678 1605 Necessaria
2709 1563 2861 1606 voco
2882 1563 3035 1622 quae
3054 1543 3380 1606 secundum

477 1634 745 1684 naturam
786 1641 951 1683 suam
987 1638 1217 1684 certum
1258 1623 1589 1684 necessario
1628 1627 1960 1700 producunt
2005 1627 2308 1685 effectum:
2349 1627 2753 1700 Contingentia
2790 1629 2932 1685 vero
2972 1643 3122 1701 quae
3153 1625 3379 1684 contin-

478 1715 703 1782 genter.
742 1705 879 1780 1115,
920 1703 1193 1764 definitae
1228 1721 1496 1764 massae:
1533 1705 1711 1770 haec,
1738 1703 2079 1764 indefinitae
2111 1707 2148 1764 5
2171 1704 2530 1782 Philosopho
2553 1705 2706 1764 hanc
2727 1704 2808 1764 ob
2829 1723 3068 1764 causam
3086 1703 3382 1766 dicuntur.

481 1786 611 1843 Lib.
658 1803 713 1843 5.
754 1785 931 1854 Phys.
972 1792 1098 1859 ιφ.
1141 1799 1198 1861 5.
1258 1785 1479 1842 Eorum
1524 1801 1677 1860 quae
1716 1784 2042 1844 necessaria
2079 1803 2397 1858 vocatum,
2435 1785 2558 1843 duo
2603 1794 2738 1843 sunt
2777 1803 3015 1860 genera.
3063 1785 3192 1843 Alia
3222 1784 3382 1843 enim

478 1875 617 1922 sunt
655 1882 762 1940 per
798 1881 861 1922 55
900 1863 955 1922 δι
998 1864 1264 1922 absolute
1306 1863 1663 1954 necessaria,
1703 1865 2048 1924 necessitate
2087 1867 2175 1938 (vt
2213 1866 2452 1956 vocant)
2493 1863 2931 1940 consequentis,
2973 1863 3083 1922 alia
3105 1883 3177 1923 ex
3193 1863 3382 1940 hypo-

480 1943 659 2019 thesi,
719 1941 1060 2003 necessitate
1120 1941 1597 2020 consequentiae.
1671 1943 2154 2021 Contingentium
2214 1944 2392 2020 ratio,
2455 1943 2549 2003 ἐπι
2604 1943 2671 2001 τὸ
2737 1947 3001 2021 uideor,
3054 1943 3386 2003 attribuitur

479 2021 672 2082 causis
722 2023 779 2080 δι
830 2019 1053 2080 effectis
1102 2021 1329 2081 ratione
1368 2024 1724 2098 futurorum,
1764 2025 2120 2098 casualium,
2161 2023 2653 2098 fortuitorumque
2693 2026 2885 2082 futura
2923 2023 3157 2101 omnia,
3198 2035 3264 2082 vt
3301 2023 3386 2082 ιιι-

482 2115 647 2160 certa
682 2100 859 2161 nobis
896 2111 1064 2178 sunt,
1102 2101 1181 2160 ita
1220 2101 1280 2160 in
1320 2118 1605 2178 suspenso
1645 2102 1964 2178 habemuS,
2003 2121 2078 2161 ac
2118 2102 2167 2162 si
2207 2101 2487 2161 vtramuis
2527 2101 2585 2160 in
2610 2113 2834 2178 partem
2857 2119 3153 2179 propensa
3173 2104 3388 2163 forent.

484 2179 767 2241 Omnium
826 2180 998 2254 item,
1058 2197 1211 2256 quae
1272 2185 1435 2255 (casu
1498 2182 1589 2240 vel
1644 2181 1908 2257 fortuito)
1957 2182 2266 2258 accidunt,
2309 2199 2512 2241 caussa
2555 2191 2641 2239 est
2683 2181 2937 2240 incerta:
2980 2183 3197 2259 quippe
3239 2200 3390 2259 quae

484 2271 732 2338 possunt
790 2259 917 2319 fieri
972 2263 1009 2318 a
1070 2259 1332 2336 pluribus
1392 2259 1601 2320 causis,
1662 2261 1848 2320 Casus
1909 2260 2067 2322 enim
2123 2279 2245 2320 ιιοιι
2292 2272 2380 2321 est
2419 2258 2807 2320 determinata
2845 2277 3055 2337 causa,
3098 2264 3290 2321 Arist.
3335 2281 3390 2321 2.

484 2341 719 2410 physic.
776 2348 905 2416 cap.
969 2353 1025 2416 5.
1084 2340 1201 2399 Sed
1256 2357 1465 2399 caussa
1514 2359 1621 2416 per
1670 2340 1942 2401 accidens
1983 2341 2040 2399 in
2081 2340 2151 2400 iis
2189 2357 2341 2417 quae
2382 2349 2700 2419 operantur
2743 2341 2828 2398 ob
2869 2341 3078 2416 finem,
3121 2341 3226 2400 sed
3265 2341 3391 2402 sine

485 2419 775 2480 electione
791 2462 808 2495 ,
868 2417 1049 2495 idque
1106 2418 1165 2480 in
1226 2423 1358 2480 raro
1410 2418 1909 2511 contingentibus.
1971 2419 2304 2481 Fortuitum
2356 2429 2553 2481 autern
2594 2419 2712 2479 hoc
2751 2437 2871 2479 vno
2913 2419 3106 2480 differt
3143 2423 3180 2479 a
3221 2440 3386 2495 casu,

487 2498 651 2576 qued
690 2498 764 2559 sit
803 2498 861 2558 in
902 2498 971 2559 iis
1012 2516 1163 2577 quae
1202 2500 1424 2559 habent
1464 2498 1834 2560 electionem.

568 2596 621 2654 7.
703 2580 912 2655 Neque
952 2578 1101 2638 haec
1138 2578 1427 2638 sententia
1464 2590 1687 2656 pugnat
1727 2596 1863 2639 cum
1892 2578 2264 2656 prouidentia
2295 2578 2540 2639 Diuina.
2563 2577 2672 2638 etsi
2693 2578 2852 2637 enim
2875 2589 3142 2655 respectu
3165 2579 3388 2638 aeterni

488 2658 711 2729 decreti
752 2656 938 2717 diuini
978 2667 1257 2735 tanquam
1300 2675 1511 2718 causae
1547 2658 1773 2735 primae
1814 2659 1869 2717 δι
1910 2670 2174 2719 remotae
2215 2658 2546 2719 necessaria
2583 2658 2698 2718 sint
2737 2658 2961 2718 omnia:
3005 2660 3151 2719 haec
3193 2668 3391 2717 tamen

488 2737 803 2797 necessitas
862 2756 986 2796 non
1036 2736 1189 2797 tollit
1241 2736 1733 2815 contingentiam,
1772 2736 1911 2813 quia
1952 2739 2090 2798 licet
2129 2754 2402 2816 suprema
2441 2756 2618 2797 causa
2657 2737 2732 2797 sit
2770 2738 3133 2814 necessaria,
3175 2738 3396 2797 scilicet

492 2820 759 2878 voluntas
797 2816 942 2877 Dei:
986 2826 1179 2894 potest
1212 2818 1466 2877 effectus
1496 2836 1623 2877 esse
1663 2818 2048 2895 contingens,
2081 2827 2322 2895 propter
2343 2836 2580 2877 causam
2603 2817 2931 2894 proximam
2954 2818 3395 2895 contingentem

490 2899 543 2956 δι
584 2896 1113 2957 indeterminatam.
1155 2914 1247 2987 res
1284 2908 1481 2956 autem
1522 2896 1978 2957 denominantur
2015 2896 2203 2975 magis
2238 2899 2277 2956 ὲ.
2316 2916 2491 2957 causa
2533 2896 2834 2975 proxima,
2881 2915 3060 2973 quam
3091 2901 3127 2955 a
3147 2909 3393 2958 remota.

488 2977 677 3053 adde,
715 2976 877 3053 qued
920 2995 1013 3035 res
1053 2974 1238 3055 magis
1278 2975 1726 3036 considerantur
1764 2976 1823 3035 ιιι
1862 2996 1959 3053 55,
2001 2979 2180 3053 quam
2222 2988 2398 3053 prout
2437 2988 2572 3037 sunt
2609 2976 2668 3035 ιιι
2711 2986 2905 3036 mente
2945 2975 3123 3035 etiam
3159 2976 3391 3036 diuina:

491 3068 551 3114 vt
611 3056 759 3132 lapis
800 3076 920 3115 non
963 3056 1273 3116 vocabitur
1302 3055 1729 3127 immaterialis,
1773 3056 2043 3133 quamuis
2083 3055 2158 3115 sit
2195 3054 2650 3115 immaterialiter
2695 3056 2755 3115 in
2796 3056 2994 3115 animo
3035 3072 3137 3115 seu
3176 3068 3395 3116 mente.

489 3136 725 3209 Tertio,
770 3134 1146 3196 Prouidentia
1183 3136 1295 3196 Dei
1332 3155 1453 3195 non
1498 3145 1683 3195 mutat
1725 3148 1961 3195 naturas
1995 3154 2216 3207 rerum,
2237 3137 2344 3195 sed
2363 3154 2455 3195 res
2475 3154 2682 3195 omnes
2702 3136 2990 3212 gubernat
3012 3134 3170 3195 iuxta
3186 3154 3390 3195 earum

490 3228 742 3276 naturas.
783 3213 979 3292 itaque
1016 3214 1425 3293 contingentes
1464 3232 1669 3305 causas
1709 3218 1764 3275 &
1804 3216 2163 3275 uoluntarias
2203 3216 2284 3275 ita
2321 3215 2506 3293 regit,
2544 3226 2607 3275 vt
2646 3214 3056 3292 contingenter
3093 3227 3296 3294 agant,
3339 3219 3393 3276 δι

489 3294 813 3354 voluntarie
871 3305 1067 3371 agant.
1126 3296 1461 3370 Postremo,
1522 3314 1591 3354 ea
1644 3294 1772 3372 ipsa
1812 3313 1964 3371 quae
2009 3297 2185 3357 rebus
2224 3293 2630 3373 contingentia
2667 3304 2831 3371 sunt,
2871 3296 2930 3353 in
2971 3312 3107 3355 eum
3148 3296 3392 3355 modum

488 3375 722 3434 fuerunt
780 3377 818 3433 a
871 3374 1245 3434 Prouidentia
1301 3378 1411 3433 hac
1470 3372 1769 3434 ordinata:
1812 3373 1906 3434 cui
1949 3394 2070 3434 non
2115 3386 2250 3445 sunt
2287 3374 2719 3451 contingentia,
2763 3376 2868 3433 sed
2908 3374 3023 3433 alia
3060 3373 3218 3447 aliis,
3259 3375 3396 3435 licet

494 3452 719 3531 integra
758 3452 1105 3514 necessitate
1144 3453 1567 3531 providentiae.

568 3536 630 3592 8.
714 3536 913 3609 Atque
961 3536 1109 3592 haec
1160 3534 1237 3593 de
1276 3534 1465 3610 prima
1504 3532 1841 3593 Mediomm
1882 3532 2288 3593 distinctione.
2332 3534 2408 3592 ad
2447 3534 2687 3593 alteram
2731 3542 3109 3593 transeamus.
3171 3534 3397 3592 Rursus

494 3614 735 3689 Media,
777 3613 889 3673 alia
928 3622 1063 3671 sunt
1102 3614 1305 3682 Bona,
1349 3624 1468 3672 tam
1510 3612 1794 3673 naturalia
1832 3614 1919 3687 (vt
1946 3610 2336 3689 substantiae,
2373 3623 2595 3689 motus,
2615 3612 2907 3691 actiones,
2927 3614 2982 3672 ὅτ
3001 3610 3395 3689 perfectiones

492 3696 713 3768 rerum)
770 3696 951 3769 quam
1004 3692 1333 3751 voluntaria
1388 3694 1445 3753 δι
1496 3692 1739 3752 moralia
1776 3691 2000 3768 (qualia
2041 3702 2177 3752 sunt
2221 3690 2461 3753 virtutes
2501 3692 2729 3767 ciuiles,
2771 3694 2826 3752 &
2865 3692 3244 3769 spirituales.)
3283 3691 3397 3751 alia

492 3782 628 3830 sunt
676 3774 891 3840 Mala
944 3774 999 3833 δι
1052 3770 1111 3829 ιιι
1166 3789 1230 3830 55
1278 3772 1635 3832 inordinata.
1676 3781 1923 3847 vtraque
1963 3772 2110 3831 haec
2149 3772 2312 3830 Deus
2350 3770 2586 3831 ordinat
2625 3782 2746 3831 tam
2787 3773 2948 3831 bona
2986 3774 3166 3848 quam
3203 3772 3394 3830 mala:

492 3868 629 3909 nam
675 3853 911 3926 (1640)
952 3850 1059 3910 etsi
1101 3851 1318 3911 malum
1360 3870 1479 3911 non
1523 3862 1613 3911 est
1656 3852 1913 3923 bonum,
1952 3852 2115 3911 bona
2156 3862 2244 3911 est
2283 3862 2482 3910 tamen
2525 3851 2660 3910 mali
2701 3850 2777 3910 ad
2815 3852 3041 3911 bonum
3083 3849 3398 3911 ordinatio,
3437 3875 3458 3895 ·

493 3930 661 4021 Bona
694 3930 896 4007 itaque
934 3930 991 3989 &
1032 3930 1267 3991 ordinat
1306 3932 1362 3991 &
1402 3940 1673 4007 potenter
1710 3929 1915 3989 efficit:
1955 3931 2114 3990 mala
2152 3928 2386 3990 ordinat
2427 3934 2481 3991 δι
2519 3928 2830 4009 permittit,
2869 3947 2991 3989 non
3027 3930 3225 3991 efficit.
3267 3932 3398 3990 Per-

492 4008 693 4070 missio
752 4021 951 4070 autem
1010 4009 1157 4069 haec
1216 4028 1339 4069 non
1402 4020 1489 4070 est
1546 4009 1736 4081 nuda,
1789 4011 1884 4070 vel
1938 4009 2115 4069 etiam
2167 4029 2242 4069 ex
2282 4009 2656 4101 impotentia,
2695 4018 2872 4087 prout
2908 4019 3044 4069 sunt
3085 4008 3398 4086 plurimum

486 4089 779 4149 humanae
818 4087 1235 4180 permissiones
1250 4130 1269 4164 ,
1310 4090 1417 4149 sed
1458 4108 1531 4149 ex
1574 4090 1873 4149 voluntate
1912 4088 2098 4149 libera
2137 4106 2290 4166 quae
2329 4089 2537 4149 iniusta
2577 4090 2800 4150 censeri
2837 4108 2958 4149 non
3000 4100 3226 4169 potest,
3262 4091 3398 4150 cum

492 4168 657 4227 Deus
698 4187 773 4228 ex
812 4168 1014 4229 officio
1056 4166 1321 4228 inhibere
1361 4187 1483 4227 non
1524 4178 1821 4245 teneatur„
1861 4168 2000 4245 quia
2037 4170 2200 4228 nullo
2241 4167 2365 4229 iure
2401 4168 2686 4261 cuiquam·
2719 4168 3036 4229 obstrictus
3073 4178 3180 4229 est.
3246 4170 3396 4229 Nam

488 4250 623 4323 quis
660 4249 839 4325 dedit,
880 4250 957 4307 ὁ*
994 4248 1267 4306 reddemr
1303 4244 1457 4326 apsi?
1497 4250 1667 4308 Rom.
1724 4268 1747 4305 1
1763 4268 1812 4308 1.
1858 4268 1953 4325 34.
1995 4268 2050 4320 4.
2107 4249 2226 4309 Sed
2255 4248 2330 4308 de
2353 4250 2471 4308 hac
2501 4248 2612 4307 Dei
2632 4248 2786 4308 circa
2807 4250 2962 4308 mala
2985 4249 3398 4328 Pei-missione,

494 4342 701 4403 agetur
732 4326 996 4404 pluribus
1036 4326 1094 4387 ιιι
1137 4344 1263 4403 seq.
1302 4328 1713 4405 disputatione.

3134 4429 3190 4486 9.
3271 4410 3399 4468 Emi
