<?xml version="1.0" encoding="UTF-8"?>
<!DOCTYPE html PUBLIC "-//W3C//DTD XHTML 1.0 Transitional//EN"
    "http://www.w3.org/TR/xhtml1/DTD/xhtml1-transitional.dtd">
<html xmlns="http://www.w3.org/1999/xhtml" xml:lang="en" lang="en">
 <head>
  <title>
</title>
<meta http-equiv="Content-Type" content="text/html;charset=utf-8" />
  <meta name='ocr-system' content='tesseract 3.04.00' />
  <meta name='ocr-capabilities' content='ocr_page ocr_carea ocr_par ocr_line ocrx_word'/>
</head>
<body>
  <div class='ocr_page' id='page_1' title='image "./dfranciscijunii00junigoog_0392.png"; bbox 0 0 3923 4875; ppageno 0'>
   <div class='ocr_carea' id='block_1_1' title="bbox 1261 337 3297 412">
    <p class='ocr_par' dir='ltr' id='par_1_1' title="bbox 1261 337 3297 412">
     <span class='ocr_line' id='line_1_1' title="bbox 1261 337 3297 412; baseline 0.003 -24"><span class='ocrx_word' id='word_1_1' title='bbox 1261 346 1364 388; x_wconf 74' lang='lat' dir='ltr'>nn</span> <span class='ocrx_word' id='word_1_2' title='bbox 1423 342 1844 389; x_wconf 68' lang='lat' dir='ltr'>Poma-un</span> <span class='ocrx_word' id='word_1_3' title='bbox 1903 342 2162 389; x_wconf 70' lang='lat' dir='ltr'>mosis</span> <span class='ocrx_word' id='word_1_4' title='bbox 2222 344 2511 391; x_wconf 69' lang='lat' dir='ltr'>ossan.</span> <span class='ocrx_word' id='word_1_5' title='bbox 3178 337 3297 412; x_wconf 84' lang='lat'>363</span> 
     </span>
    </p>
   </div>
   <div class='ocr_carea' id='block_1_2' title="bbox 375 504 3307 2184">
    <p class='ocr_par' dir='ltr' id='par_1_2' title="bbox 375 504 3307 2184">
     <span class='ocr_line' id='line_1_2' title="bbox 387 504 3307 588; baseline 0.003 -23"><span class='ocrx_word' id='word_1_6' title='bbox 387 504 819 584; x_wconf 86' lang='lat' dir='ltr'>distinguantur</span> <span class='ocrx_word' id='word_1_7' title='bbox 875 504 1102 567; x_wconf 89' lang='lat' dir='ltr'>ratione</span> <span class='ocrx_word' id='word_1_8' title='bbox 1159 507 1373 567; x_wconf 89' lang='lat' dir='ltr'>solum.</span> <span class='ocrx_word' id='word_1_9' title='bbox 1453 506 1728 585; x_wconf 82' lang='lat' dir='ltr'><strong>Exempli</strong></span> <span class='ocrx_word' id='word_1_10' title='bbox 1765 523 1975 585; x_wconf 88' lang='lat' dir='ltr'>causa,</span> <span class='ocrx_word' id='word_1_11' title='bbox 2034 504 2255 567; x_wconf 85' lang='lat' dir='ltr'>obiecti</span> <span class='ocrx_word' id='word_1_12' title='bbox 2288 506 2345 567; x_wconf 73' lang='lat'>81</span> <span class='ocrx_word' id='word_1_13' title='bbox 2385 506 2517 569; x_wconf 85' lang='lat' dir='ltr'>finis</span> <span class='ocrx_word' id='word_1_14' title='bbox 2556 508 2672 568; x_wconf 85' lang='lat' dir='ltr'>alia</span> <span class='ocrx_word' id='word_1_15' title='bbox 2712 508 2861 569; x_wconf 88' lang='lat' dir='ltr'>ratio</span> <span class='ocrx_word' id='word_1_16' title='bbox 2902 521 3022 587; x_wconf 87' lang='lat' dir='ltr'>est,</span> <span class='ocrx_word' id='word_1_17' title='bbox 3083 511 3132 571; x_wconf 90' lang='lat' dir='ltr'>si</span> <span class='ocrx_word' id='word_1_18' title='bbox 3174 511 3307 588; x_wconf 87' lang='lat' dir='ltr'>quis</span> 
     </span>
     <span class='ocr_line' id='line_1_3' title="bbox 388 585 3305 683; baseline 0.002 -38"><span class='ocrx_word' id='word_1_19' title='bbox 388 605 512 645; x_wconf 90' lang='lat' dir='ltr'>rem</span> <span class='ocrx_word' id='word_1_20' title='bbox 550 585 802 645; x_wconf 90' lang='lat' dir='ltr'>alienam</span> <span class='ocrx_word' id='word_1_21' title='bbox 845 586 1100 655; x_wconf 88' lang='lat' dir='ltr'>furetur</span> <span class='ocrx_word' id='word_1_22' title='bbox 1139 598 1202 644; x_wconf 89' lang='lat' dir='ltr'>vt</span> <span class='ocrx_word' id='word_1_23' title='bbox 1241 586 1326 645; x_wconf 89' lang='lat' dir='ltr'>rei</span> <span class='ocrx_word' id='word_1_24' title='bbox 1365 586 1560 646; x_wconf 89' lang='lat' dir='ltr'>furtim</span> <span class='ocrx_word' id='word_1_25' title='bbox 1602 587 1914 678; x_wconf 80' lang='lat' dir='ltr'>subreptae</span> <span class='ocrx_word' id='word_1_26' title='bbox 1954 585 2203 647; x_wconf 90' lang='lat' dir='ltr'>domino</span> <span class='ocrx_word' id='word_1_27' title='bbox 2238 586 2425 648; x_wconf 88' lang='lat' dir='ltr'>obsit:</span> <span class='ocrx_word' id='word_1_28' title='bbox 2468 586 2613 663; x_wconf 87' lang='lat' dir='ltr'>alia,</span> <span class='ocrx_word' id='word_1_29' title='bbox 2656 586 2705 648; x_wconf 90' lang='lat' dir='ltr'>si</span> <span class='ocrx_word' id='word_1_30' title='bbox 2726 600 2789 647; x_wconf 84' lang='lat' dir='ltr'>vt</span> <span class='ocrx_word' id='word_1_31' title='bbox 2809 607 2949 650; x_wconf 87' lang='lat' dir='ltr'>suae</span> <span class='ocrx_word' id='word_1_32' title='bbox 2968 592 3305 683; x_wconf 84' lang='lat' dir='ltr'>necessitati</span> 
     </span>
     <span class='ocr_line' id='line_1_4' title="bbox 385 686 3299 839; baseline 0.002 -34"><span class='ocrx_word' id='word_1_33' title='bbox 385 746 540 805; x_wconf 91' lang='lat' dir='ltr'>Nam</span> <span class='ocrx_word' id='word_1_34' title='bbox 579 744 642 805; x_wconf 91' lang='lat' dir='ltr'>in</span> <span class='ocrx_word' id='word_1_35' title='bbox 673 686 770 807; x_wconf 85' lang='lat' dir='ltr'>=his</span> <span class='ocrx_word' id='word_1_36' title='bbox 809 710 1092 825; x_wconf 88' lang='lat' dir='ltr'>exemplis</span> <span class='ocrx_word' id='word_1_37' title='bbox 1131 762 1314 806; x_wconf 87' lang='lat' dir='ltr'>vnum</span> <span class='ocrx_word' id='word_1_38' title='bbox 1353 745 1590 807; x_wconf 90' lang='lat' dir='ltr'>obiecto</span> <span class='ocrx_word' id='word_1_39' title='bbox 1635 750 1690 807; x_wconf 73' lang='grc' dir='ltr'>δι</span> <span class='ocrx_word' id='word_1_40' title='bbox 1729 748 1847 807; x_wconf 87' lang='lat' dir='ltr'>fine</span> <span class='ocrx_word' id='word_1_41' title='bbox 1887 710 2195 822; x_wconf 87' lang='lat' dir='ltr'>conuenit,</span> <span class='ocrx_word' id='word_1_42' title='bbox 2262 745 2489 839; x_wconf 89' lang='lat' dir='ltr'>reliqua</span> <span class='ocrx_word' id='word_1_43' title='bbox 2529 746 2835 809; x_wconf 87' lang='lat' dir='ltr'>obiectum</span> <span class='ocrx_word' id='word_1_44' title='bbox 2876 753 2913 809; x_wconf 75' lang='lat' dir='ltr'>a</span> <span class='ocrx_word' id='word_1_45' title='bbox 2952 750 3069 810; x_wconf 82' lang='lat' dir='ltr'>fine</span> <span class='ocrx_word' id='word_1_46' title='bbox 3107 750 3299 812; x_wconf 90' lang='lat' dir='ltr'>diuer-</span> 
     </span>
     <span class='ocr_line' id='line_1_5' title="bbox 385 824 3297 918; baseline 0.003 -33"><span class='ocrx_word' id='word_1_47' title='bbox 385 843 517 885; x_wconf 89' lang='lat' dir='ltr'>sum</span> <span class='ocrx_word' id='word_1_48' title='bbox 557 825 796 887; x_wconf 87' lang='lat' dir='ltr'>habent.</span> <span class='ocrx_word' id='word_1_49' title='bbox 838 827 1247 904; x_wconf 86' lang='lat' dir='ltr'>Quaecunque</span> <span class='ocrx_word' id='word_1_50' title='bbox 1285 824 1460 904; x_wconf 84' lang='lat' dir='ltr'>igitur</span> <span class='ocrx_word' id='word_1_51' title='bbox 1482 828 1650 918; x_wconf 44' lang='lat' dir='ltr'>‚leges</span> <span class='ocrx_word' id='word_1_52' title='bbox 1689 825 1800 887; x_wconf 88' lang='lat' dir='ltr'>tria</span> <span class='ocrx_word' id='word_1_53' title='bbox 1819 826 1969 887; x_wconf 87' lang='lat' dir='ltr'>haec</span> <span class='ocrx_word' id='word_1_54' title='bbox 1990 824 2383 903; x_wconf 88' lang='lat' dir='ltr'>coniunctim,</span> <span class='ocrx_word' id='word_1_55' title='bbox 2418 826 2542 887; x_wconf 90' lang='lat' dir='ltr'>siue</span> <span class='ocrx_word' id='word_1_56' title='bbox 2564 847 2627 889; x_wconf 90' lang='lat' dir='ltr'>re</span> <span class='ocrx_word' id='word_1_57' title='bbox 2646 826 2907 906; x_wconf 88' lang='lat' dir='ltr'>diuersa,</span> <span class='ocrx_word' id='word_1_58' title='bbox 2928 829 3052 891; x_wconf 90' lang='lat' dir='ltr'>siue</span> <span class='ocrx_word' id='word_1_59' title='bbox 3072 830 3297 893; x_wconf 89' lang='lat' dir='ltr'>ratione</span> 
     </span>
     <span class='ocr_line' id='line_1_6' title="bbox 385 873 3301 987; baseline 0.002 -23"><span class='ocrx_word' id='word_1_60' title='bbox 385 904 662 965; x_wconf 90' lang='lat' dir='ltr'>distincta</span> <span class='ocrx_word' id='word_1_61' title='bbox 723 904 874 965; x_wconf 91' lang='lat' dir='ltr'>inter</span> <span class='ocrx_word' id='word_1_62' title='bbox 929 924 1030 982; x_wconf 92' lang='lat' dir='ltr'>se,</span> <span class='ocrx_word' id='word_1_63' title='bbox 1081 906 1351 967; x_wconf 86' lang='lat' dir='ltr'>obtinent</span> <span class='ocrx_word' id='word_1_64' title='bbox 1388 904 1598 969; x_wconf 89' lang='lat' dir='ltr'>rationi</span> <span class='ocrx_word' id='word_1_65' title='bbox 1638 906 1722 967; x_wconf 90' lang='lat' dir='ltr'>illi</span> <span class='ocrx_word' id='word_1_66' title='bbox 1761 917 2033 968; x_wconf 88' lang='lat' dir='ltr'>aeternae</span> <span class='ocrx_word' id='word_1_67' title='bbox 2072 908 2479 985; x_wconf 80' lang='lat' dir='ltr'>conformata,</span> <span class='ocrx_word' id='word_1_68' title='bbox 2540 926 2647 967; x_wconf 88' lang='lat' dir='ltr'>eae</span> <span class='ocrx_word' id='word_1_69' title='bbox 2688 873 2936 968; x_wconf 85' lang='grc' dir='ltr'>οιιιιιίιιὸ</span> <span class='ocrx_word' id='word_1_70' title='bbox 2976 928 3088 987; x_wconf 91' lang='lat' dir='ltr'>pro</span> <span class='ocrx_word' id='word_1_71' title='bbox 3128 912 3301 971; x_wconf 90' lang='lat' dir='ltr'>bonis</span> 
     </span>
     <span class='ocr_line' id='line_1_7' title="bbox 384 985 3299 1064; baseline 0.002 -20"><span class='ocrx_word' id='word_1_72' title='bbox 384 985 693 1045; x_wconf 85' lang='lat' dir='ltr'>habendae</span> <span class='ocrx_word' id='word_1_73' title='bbox 733 996 886 1047; x_wconf 87' lang='lat' dir='ltr'>sunt.</span> <span class='ocrx_word' id='word_1_74' title='bbox 927 986 1080 1047; x_wconf 89' lang='lat' dir='ltr'>Cum</span> <span class='ocrx_word' id='word_1_75' title='bbox 1118 997 1316 1046; x_wconf 89' lang='lat' dir='ltr'>autem</span> <span class='ocrx_word' id='word_1_76' title='bbox 1355 988 1566 1046; x_wconf 72' lang='lat' dir='ltr'>contra</span> <span class='ocrx_word' id='word_1_77' title='bbox 1607 985 1784 1049; x_wconf 87' lang='lat' dir='ltr'>vnico</span> <span class='ocrx_word' id='word_1_78' title='bbox 1827 986 2067 1047; x_wconf 84' lang='lat' dir='ltr'>defectu</span> <span class='ocrx_word' id='word_1_79' title='bbox 2090 1003 2285 1046; x_wconf 88' lang='lat' dir='ltr'>rerum</span> <span class='ocrx_word' id='word_1_80' title='bbox 2305 986 2383 1046; x_wconf 90' lang='lat' dir='ltr'>ad</span> <span class='ocrx_word' id='word_1_81' title='bbox 2403 988 2633 1047; x_wconf 89' lang='lat' dir='ltr'>bonum</span> <span class='ocrx_word' id='word_1_82' title='bbox 2653 986 3070 1064; x_wconf 89' lang='lat' dir='ltr'>pertinentium</span> <span class='ocrx_word' id='word_1_83' title='bbox 3094 988 3299 1051; x_wconf 89' lang='lat' dir='ltr'>vitium</span> 
     </span>
     <span class='ocr_line' id='line_1_8' title="bbox 384 1063 3299 1159; baseline 0.002 -34"><span class='ocrx_word' id='word_1_84' title='bbox 384 1066 560 1126; x_wconf 89' lang='lat' dir='ltr'>rebus</span> <span class='ocrx_word' id='word_1_85' title='bbox 602 1064 868 1142; x_wconf 88' lang='lat' dir='ltr'>accidat,</span> <span class='ocrx_word' id='word_1_86' title='bbox 910 1068 966 1127; x_wconf 75' lang='grc' dir='ltr'>δι</span> <span class='ocrx_word' id='word_1_87' title='bbox 995 1064 1323 1126; x_wconf 79' lang='lat' dir='ltr'>efficiantur</span> <span class='ocrx_word' id='word_1_88' title='bbox 1354 1067 1568 1137; x_wconf 87' lang='lat' dir='ltr'>malae,</span> <span class='ocrx_word' id='word_1_89' title='bbox 1614 1065 1837 1145; x_wconf 79' lang='lat' dir='ltr'>optime</span> <span class='ocrx_word' id='word_1_90' title='bbox 1878 1063 2187 1126; x_wconf 85' lang='lat' dir='ltr'>statuimus</span> <span class='ocrx_word' id='word_1_91' title='bbox 2226 1084 2325 1127; x_wconf 91' lang='lat' dir='ltr'>eas</span> <span class='ocrx_word' id='word_1_92' title='bbox 2363 1068 2548 1159; x_wconf 75' lang='lat' dir='ltr'>leges</span> <span class='ocrx_word' id='word_1_93' title='bbox 2562 1070 2619 1127; x_wconf 87' lang='lat'>&amp;</span> <span class='ocrx_word' id='word_1_94' title='bbox 2656 1066 2949 1147; x_wconf 85' lang='lat' dir='ltr'>actiones,</span> <span class='ocrx_word' id='word_1_95' title='bbox 3010 1086 3161 1147; x_wconf 88' lang='lat' dir='ltr'>quae</span> <span class='ocrx_word' id='word_1_96' title='bbox 3202 1072 3299 1131; x_wconf 87' lang='lat' dir='ltr'>vel</span> 
     </span>
     <span class='ocr_line' id='line_1_9' title="bbox 384 1143 3302 1241; baseline 0.002 -37"><span class='ocrx_word' id='word_1_97' title='bbox 384 1162 506 1205; x_wconf 84' lang='lat' dir='ltr'>vno</span> <span class='ocrx_word' id='word_1_98' title='bbox 569 1156 1006 1206; x_wconf 86' lang='lat' dir='ltr'>momentorum</span> <span class='ocrx_word' id='word_1_99' title='bbox 1067 1144 1303 1205; x_wconf 90' lang='lat' dir='ltr'>illorum</span> <span class='ocrx_word' id='word_1_100' title='bbox 1358 1143 1670 1207; x_wconf 88' lang='lat' dir='ltr'>destitutae</span> <span class='ocrx_word' id='word_1_101' title='bbox 1731 1158 1900 1221; x_wconf 89' lang='lat' dir='ltr'>sunt,</span> <span class='ocrx_word' id='word_1_102' title='bbox 1961 1148 2146 1206; x_wconf 88' lang='lat' dir='ltr'>malas</span> <span class='ocrx_word' id='word_1_103' title='bbox 2204 1155 2381 1223; x_wconf 88' lang='lat' dir='ltr'>atque</span> <span class='ocrx_word' id='word_1_104' title='bbox 2446 1144 2685 1207; x_wconf 86' lang='lat' dir='ltr'>vitiosas</span> <span class='ocrx_word' id='word_1_105' title='bbox 2724 1166 2870 1209; x_wconf 86' lang='lat' dir='ltr'>esse.</span> <span class='ocrx_word' id='word_1_106' title='bbox 2912 1166 3019 1207; x_wconf 88' lang='lat' dir='ltr'>cur</span> <span class='ocrx_word' id='word_1_107' title='bbox 3048 1148 3302 1241; x_wconf 81' lang='lat' dir='ltr'>autem?</span> 
     </span>
     <span class='ocr_line' id='line_1_10' title="bbox 382 1223 3301 1320; baseline 0.002 -36"><span class='ocrx_word' id='word_1_108' title='bbox 382 1244 597 1303; x_wconf 89' lang='lat' dir='ltr'>nempe</span> <span class='ocrx_word' id='word_1_109' title='bbox 657 1223 797 1303; x_wconf 92' lang='lat' dir='ltr'>quia</span> <span class='ocrx_word' id='word_1_110' title='bbox 856 1226 1018 1303; x_wconf 85' lang='lat' dir='ltr'>leges</span> <span class='ocrx_word' id='word_1_111' title='bbox 1068 1227 1362 1286; x_wconf 89' lang='lat' dir='ltr'>humanae</span> <span class='ocrx_word' id='word_1_112' title='bbox 1398 1226 1475 1286; x_wconf 92' lang='lat' dir='ltr'>de</span> <span class='ocrx_word' id='word_1_113' title='bbox 1533 1224 2014 1287; x_wconf 82' lang='lat' dir='ltr'>conclusionibus</span> <span class='ocrx_word' id='word_1_114' title='bbox 2066 1228 2328 1286; x_wconf 85' lang='lat' dir='ltr'>feruntur</span> <span class='ocrx_word' id='word_1_115' title='bbox 2366 1225 2634 1317; x_wconf 78' lang='lat' dir='ltr'>proprie,</span> <span class='ocrx_word' id='word_1_116' title='bbox 2692 1245 2816 1287; x_wconf 91' lang='lat' dir='ltr'>non</span> <span class='ocrx_word' id='word_1_117' title='bbox 2856 1226 2933 1287; x_wconf 94' lang='lat' dir='ltr'>de</span> <span class='ocrx_word' id='word_1_118' title='bbox 2972 1226 3301 1320; x_wconf 88' lang='lat' dir='ltr'>principiis:</span> 
     </span>
     <span class='ocr_line' id='line_1_11' title="bbox 383 1304 3302 1398; baseline 0.002 -33"><span class='ocrx_word' id='word_1_119' title='bbox 383 1304 814 1366; x_wconf 73' lang='lat' dir='ltr'>Conclusiones</span> <span class='ocrx_word' id='word_1_120' title='bbox 865 1315 1062 1365; x_wconf 86' lang='lat' dir='ltr'>autem</span> <span class='ocrx_word' id='word_1_121' title='bbox 1101 1322 1254 1383; x_wconf 87' lang='lat' dir='ltr'>quae</span> <span class='ocrx_word' id='word_1_122' title='bbox 1294 1324 1368 1364; x_wconf 90' lang='lat' dir='ltr'>ex</span> <span class='ocrx_word' id='word_1_123' title='bbox 1407 1304 1706 1384; x_wconf 88' lang='lat' dir='ltr'>principiis</span> <span class='ocrx_word' id='word_1_124' title='bbox 1745 1305 1858 1366; x_wconf 87' lang='lat' dir='ltr'>illis</span> <span class='ocrx_word' id='word_1_125' title='bbox 1899 1317 2181 1367; x_wconf 88' lang='lat' dir='ltr'>eruuntur</span> <span class='ocrx_word' id='word_1_126' title='bbox 2194 1349 2211 1384; x_wconf 95' lang='lat'>,</span> <span class='ocrx_word' id='word_1_127' title='bbox 2251 1304 2312 1366; x_wconf 83' lang='lat' dir='ltr'>vi</span> <span class='ocrx_word' id='word_1_128' title='bbox 2344 1304 2767 1398; x_wconf 85' lang='lat' dir='ltr'>principiorum</span> <span class='ocrx_word' id='word_1_129' title='bbox 2806 1306 3042 1367; x_wconf 89' lang='lat' dir='ltr'>illorum</span> <span class='ocrx_word' id='word_1_130' title='bbox 3083 1308 3267 1371; x_wconf 86' lang='lat' dir='ltr'>iustae</span> <span class='ocrx_word' id='word_1_131' title='bbox 3283 1355 3302 1388; x_wconf 91' lang='lat'>,</span> 
     </span>
     <span class='ocr_line' id='line_1_12' title="bbox 381 1384 3301 1477; baseline 0.002 -33"><span class='ocrx_word' id='word_1_132' title='bbox 381 1386 664 1445; x_wconf 82' lang='lat' dir='ltr'>honestae</span> <span class='ocrx_word' id='word_1_133' title='bbox 677 1429 696 1463; x_wconf 89' lang='lat'>,</span> <span class='ocrx_word' id='word_1_134' title='bbox 755 1384 924 1445; x_wconf 89' lang='lat' dir='ltr'>vtiles</span> <span class='ocrx_word' id='word_1_135' title='bbox 983 1388 1038 1447; x_wconf 71' lang='grc' dir='ltr'>δι</span> <span class='ocrx_word' id='word_1_136' title='bbox 1095 1384 1458 1446; x_wconf 87' lang='lat' dir='ltr'>necessariae</span> <span class='ocrx_word' id='word_1_137' title='bbox 1497 1398 1663 1463; x_wconf 88' lang='lat' dir='ltr'>sunt,</span> <span class='ocrx_word' id='word_1_138' title='bbox 1704 1389 1760 1447; x_wconf 78' lang='grc' dir='ltr'>δι</span> <span class='ocrx_word' id='word_1_139' title='bbox 1797 1388 1959 1465; x_wconf 89' lang='lat' dir='ltr'>leges</span> <span class='ocrx_word' id='word_1_140' title='bbox 2010 1403 2213 1445; x_wconf 89' lang='lat' dir='ltr'>earum</span> <span class='ocrx_word' id='word_1_141' title='bbox 2254 1385 2498 1477; x_wconf 89' lang='lat' dir='ltr'>perinde</span> <span class='ocrx_word' id='word_1_142' title='bbox 2538 1384 2950 1448; x_wconf 79' lang='lat' dir='ltr'>immutabiles,</span> <span class='ocrx_word' id='word_1_143' title='bbox 3007 1387 3301 1467; x_wconf 90' lang='lat' dir='ltr'>Principia</span> 
     </span>
     <span class='ocr_line' id='line_1_13' title="bbox 379 1463 3298 1557; baseline 0.002 -33"><span class='ocrx_word' id='word_1_144' title='bbox 379 1474 578 1525; x_wconf 88' lang='lat' dir='ltr'>autem</span> <span class='ocrx_word' id='word_1_145' title='bbox 638 1465 698 1525; x_wconf 88' lang='lat' dir='ltr'>in</span> <span class='ocrx_word' id='word_1_146' title='bbox 750 1466 926 1525; x_wconf 89' lang='lat' dir='ltr'>rebus</span> <span class='ocrx_word' id='word_1_147' title='bbox 975 1466 1298 1525; x_wconf 88' lang='lat' dir='ltr'>moralibus</span> <span class='ocrx_word' id='word_1_148' title='bbox 1351 1464 1818 1557; x_wconf 87' lang='lat' dir='ltr'>quotiescunque</span> <span class='ocrx_word' id='word_1_149' title='bbox 1857 1466 2255 1543; x_wconf 88' lang='lat' dir='ltr'>appellamus,</span> <span class='ocrx_word' id='word_1_150' title='bbox 2296 1463 2407 1525; x_wconf 91' lang='lat' dir='ltr'>tria</span> <span class='ocrx_word' id='word_1_151' title='bbox 2445 1464 2545 1525; x_wconf 89' lang='lat' dir='ltr'>illa</span> <span class='ocrx_word' id='word_1_152' title='bbox 2583 1466 2930 1527; x_wconf 89' lang='lat' dir='ltr'>necessitate</span> <span class='ocrx_word' id='word_1_153' title='bbox 2970 1466 3121 1528; x_wconf 90' lang='lat' dir='ltr'>iusta</span> <span class='ocrx_word' id='word_1_154' title='bbox 3155 1489 3298 1530; x_wconf 92' lang='lat' dir='ltr'>con·</span> 
     </span>
     <span class='ocr_line' id='line_1_14' title="bbox 379 1541 3300 1637; baseline 0.002 -33"><span class='ocrx_word' id='word_1_155' title='bbox 379 1541 672 1635; x_wconf 87' lang='lat' dir='ltr'>iungimus</span> <span class='ocrx_word' id='word_1_156' title='bbox 721 1547 807 1620; x_wconf 89' lang='lat' dir='ltr'>(vt</span> <span class='ocrx_word' id='word_1_157' title='bbox 845 1561 983 1605; x_wconf 91' lang='lat' dir='ltr'>cum</span> <span class='ocrx_word' id='word_1_158' title='bbox 1027 1544 1405 1636; x_wconf 87' lang='lat' dir='ltr'>Scholasticis</span> <span class='ocrx_word' id='word_1_159' title='bbox 1450 1547 1790 1636; x_wconf 83' lang='lat' dir='ltr'>loquamur)</span> <span class='ocrx_word' id='word_1_160' title='bbox 1829 1546 2147 1606; x_wconf 90' lang='lat' dir='ltr'>terminum</span> <span class='ocrx_word' id='word_1_161' title='bbox 2185 1547 2224 1604; x_wconf 75' lang='lat' dir='ltr'>a</span> <span class='ocrx_word' id='word_1_162' title='bbox 2265 1563 2417 1623; x_wconf 90' lang='lat' dir='ltr'>quo,</span> <span class='ocrx_word' id='word_1_163' title='bbox 2456 1543 2582 1607; x_wconf 89' lang='lat' dir='ltr'>siue</span> <span class='ocrx_word' id='word_1_164' title='bbox 2622 1546 3101 1637; x_wconf 87' lang='lat' dir='ltr'>fundamentum,</span> <span class='ocrx_word' id='word_1_165' title='bbox 3143 1548 3300 1609; x_wconf 87' lang='lat' dir='ltr'>vnde</span> 
     </span>
     <span class='ocr_line' id='line_1_15' title="bbox 379 1622 3299 1717; baseline 0.002 -33"><span class='ocrx_word' id='word_1_166' title='bbox 379 1622 573 1685; x_wconf 85' lang='lat' dir='ltr'>existit</span> <span class='ocrx_word' id='word_1_167' title='bbox 613 1623 798 1717; x_wconf 71' lang='lat' dir='ltr'>actio,</span> <span class='ocrx_word' id='word_1_168' title='bbox 840 1624 1154 1685; x_wconf 87' lang='lat' dir='ltr'>terminum</span> <span class='ocrx_word' id='word_1_169' title='bbox 1195 1623 1256 1685; x_wconf 89' lang='lat' dir='ltr'>in</span> <span class='ocrx_word' id='word_1_170' title='bbox 1295 1643 1452 1703; x_wconf 91' lang='lat' dir='ltr'>qu0,</span> <span class='ocrx_word' id='word_1_171' title='bbox 1491 1625 1616 1686; x_wconf 86' lang='lat' dir='ltr'>siue</span> <span class='ocrx_word' id='word_1_172' title='bbox 1656 1627 1989 1701; x_wconf 87' lang='lat' dir='ltr'>obiectum,</span> <span class='ocrx_word' id='word_1_173' title='bbox 2031 1624 2093 1684; x_wconf 86' lang='lat' dir='ltr'>in</span> <span class='ocrx_word' id='word_1_174' title='bbox 2130 1642 2252 1701; x_wconf 89' lang='lat' dir='ltr'>quo</span> <span class='ocrx_word' id='word_1_175' title='bbox 2292 1624 2635 1687; x_wconf 87' lang='lat' dir='ltr'>terminatur</span> <span class='ocrx_word' id='word_1_176' title='bbox 2673 1626 2863 1705; x_wconf 82' lang='lat' dir='ltr'>actiO,</span> <span class='ocrx_word' id='word_1_177' title='bbox 2906 1628 3299 1689; x_wconf 86' lang='lat' dir='ltr'>&amp;terminum</span> 
     </span>
     <span class='ocr_line' id='line_1_16' title="bbox 377 1670 3299 1799; baseline 0.002 -36"><span class='ocrx_word' id='word_1_178' title='bbox 377 1703 455 1764; x_wconf 90' lang='lat' dir='ltr'>ad</span> <span class='ocrx_word' id='word_1_179' title='bbox 495 1721 694 1794; x_wconf 81' lang='lat' dir='ltr'>quem,</span> <span class='ocrx_word' id='word_1_180' title='bbox 725 1704 850 1765; x_wconf 90' lang='lat' dir='ltr'>siue</span> <span class='ocrx_word' id='word_1_181' title='bbox 889 1706 1100 1795; x_wconf 87' lang='lat' dir='ltr'>finem,</span> <span class='ocrx_word' id='word_1_182' title='bbox 1139 1704 1199 1765; x_wconf 92' lang='lat' dir='ltr'>in</span> <span class='ocrx_word' id='word_1_183' title='bbox 1240 1722 1363 1783; x_wconf 92' lang='lat' dir='ltr'>quo</span> <span class='ocrx_word' id='word_1_184' title='bbox 1404 1706 1749 1767; x_wconf 85' lang='lat' dir='ltr'>terminatur</span> <span class='ocrx_word' id='word_1_185' title='bbox 1787 1670 2200 1796; x_wconf 84' lang='lat' dir='ltr'>praecipientis</span> <span class='ocrx_word' id='word_1_186' title='bbox 2219 1702 2363 1782; x_wconf 89' lang='lat' dir='ltr'>legis</span> <span class='ocrx_word' id='word_1_187' title='bbox 2383 1717 2484 1766; x_wconf 90' lang='lat' dir='ltr'>aut</span> <span class='ocrx_word' id='word_1_188' title='bbox 2498 1704 2725 1784; x_wconf 88' lang='lat' dir='ltr'>agentis</span> <span class='ocrx_word' id='word_1_189' title='bbox 2745 1672 3038 1767; x_wconf 89' lang='lat' dir='ltr'>hominis</span> <span class='ocrx_word' id='word_1_190' title='bbox 3010 1706 3299 1799; x_wconf 34' lang='lat' dir='ltr'>‘intentio-</span> 
     </span>
     <span class='ocr_line' id='line_1_17' title="bbox 379 1782 3299 1885; baseline 0.001 -42"><span class='ocrx_word' id='word_1_191' title='bbox 379 1800 499 1862; x_wconf 89' lang='lat' dir='ltr'>qua</span> <span class='ocrx_word' id='word_1_192' title='bbox 538 1802 611 1843; x_wconf 86' lang='lat' dir='ltr'>ex</span> <span class='ocrx_word' id='word_1_193' title='bbox 651 1782 980 1846; x_wconf 88' lang='lat' dir='ltr'>intentione</span> <span class='ocrx_word' id='word_1_194' title='bbox 1023 1784 1081 1843; x_wconf 91' lang='lat' dir='ltr'>in</span> <span class='ocrx_word' id='word_1_195' title='bbox 1122 1786 1298 1845; x_wconf 87' lang='lat' dir='ltr'>rebus</span> <span class='ocrx_word' id='word_1_196' title='bbox 1338 1783 1545 1850; x_wconf 87' lang='lat' dir='ltr'>ethicis</span> <span class='ocrx_word' id='word_1_197' title='bbox 1586 1798 1821 1847; x_wconf 88' lang='lat' dir='ltr'>nostrae</span> <span class='ocrx_word' id='word_1_198' title='bbox 1861 1783 2127 1846; x_wconf 90' lang='lat' dir='ltr'>actiones</span> <span class='ocrx_word' id='word_1_199' title='bbox 2166 1785 2513 1862; x_wconf 82' lang='lat' dir='ltr'>plurimum,</span> <span class='ocrx_word' id='word_1_200' title='bbox 2553 1788 2608 1847; x_wconf 72' lang='grc' dir='ltr'>δι</span> <span class='ocrx_word' id='word_1_201' title='bbox 2642 1788 2841 1885; x_wconf 80' lang='lat' dir='ltr'>legum</span> <span class='ocrx_word' id='word_1_202' title='bbox 2862 1784 3128 1847; x_wconf 87' lang='lat' dir='ltr'>omnium</span> <span class='ocrx_word' id='word_1_203' title='bbox 3155 1807 3299 1849; x_wconf 88' lang='lat' dir='ltr'>con·</span> 
     </span>
     <span class='ocr_line' id='line_1_18' title="bbox 379 1862 3298 1962; baseline 0.001 -39"><span class='ocrx_word' id='word_1_204' title='bbox 379 1862 524 1923; x_wconf 91' lang='lat' dir='ltr'>ditio</span> <span class='ocrx_word' id='word_1_205' title='bbox 577 1862 935 1925; x_wconf 84' lang='lat' dir='ltr'>aestimatur.</span> <span class='ocrx_word' id='word_1_206' title='bbox 993 1866 1065 1924; x_wconf 91' lang='lat' dir='ltr'>In</span> <span class='ocrx_word' id='word_1_207' title='bbox 1106 1864 1196 1925; x_wconf 89' lang='lat' dir='ltr'>his</span> <span class='ocrx_word' id='word_1_208' title='bbox 1237 1863 1423 1926; x_wconf 92' lang='lat' dir='ltr'>tribus</span> <span class='ocrx_word' id='word_1_209' title='bbox 1463 1864 1762 1962; x_wconf 89' lang='lat' dir='ltr'>principiis</span> <span class='ocrx_word' id='word_1_210' title='bbox 1801 1876 2069 1926; x_wconf 90' lang='lat' dir='ltr'>naturam</span> <span class='ocrx_word' id='word_1_211' title='bbox 2106 1863 2256 1925; x_wconf 90' lang='lat' dir='ltr'>boni</span> <span class='ocrx_word' id='word_1_212' title='bbox 2296 1864 2353 1923; x_wconf 86' lang='lat'>&amp;</span> <span class='ocrx_word' id='word_1_213' title='bbox 2394 1863 2534 1925; x_wconf 88' lang='lat' dir='ltr'>mali</span> <span class='ocrx_word' id='word_1_214' title='bbox 2567 1866 2887 1957; x_wconf 84' lang='lat' dir='ltr'>plurimum</span> <span class='ocrx_word' id='word_1_215' title='bbox 2934 1866 3093 1927; x_wconf 90' lang='lat' dir='ltr'>circu</span> <span class='ocrx_word' id='word_1_216' title='bbox 3102 1866 3298 1927; x_wconf 84' lang='lat' dir='ltr'>mseri-</span> 
     </span>
     <span class='ocr_line' id='line_1_19' title="bbox 377 1939 3298 2025; baseline 0.001 -20"><span class='ocrx_word' id='word_1_217' title='bbox 377 1941 652 2005; x_wconf 84' lang='lat' dir='ltr'>bentibus</span> <span class='ocrx_word' id='word_1_218' title='bbox 693 1942 887 2021; x_wconf 90' lang='lat' dir='ltr'>posita</span> <span class='ocrx_word' id='word_1_219' title='bbox 922 1955 1013 2005; x_wconf 89' lang='lat' dir='ltr'>est</span> <span class='ocrx_word' id='word_1_220' title='bbox 1051 1946 1233 2005; x_wconf 79' lang='lat' dir='ltr'>ferme</span> <span class='ocrx_word' id='word_1_221' title='bbox 1273 1943 1422 2005; x_wconf 90' lang='lat' dir='ltr'>ratio</span> <span class='ocrx_word' id='word_1_222' title='bbox 1462 1944 1615 2005; x_wconf 91' lang='lat' dir='ltr'>illius</span> <span class='ocrx_word' id='word_1_223' title='bbox 1654 1944 2021 2021; x_wconf 74' lang='grc' dir='ltr'>ἀμειαβόλου</span> <span class='ocrx_word' id='word_1_224' title='bbox 2061 1942 2187 2005; x_wconf 89' lang='lat' dir='ltr'>siue</span> <span class='ocrx_word' id='word_1_225' title='bbox 2227 1939 2751 2025; x_wconf 82' lang='lat' dir='ltr'>immutabilitatis,</span> <span class='ocrx_word' id='word_1_226' title='bbox 2792 1963 2971 2024; x_wconf 86' lang='lat' dir='ltr'>quam</span> <span class='ocrx_word' id='word_1_227' title='bbox 2992 1949 3071 2007; x_wconf 92' lang='lat' dir='ltr'>ad</span> <span class='ocrx_word' id='word_1_228' title='bbox 3092 1947 3298 2008; x_wconf 89' lang='lat' dir='ltr'>huma·</span> 
     </span>
     <span class='ocr_line' id='line_1_20' title="bbox 375 1964 3297 2107; baseline 0.001 -24"><span class='ocrx_word' id='word_1_229' title='bbox 375 2041 484 2083; x_wconf 91' lang='lat' dir='ltr'>nas</span> <span class='ocrx_word' id='word_1_230' title='bbox 529 1964 734 2102; x_wconf 86' lang='lat' dir='ltr'>legesp</span> <span class='ocrx_word' id='word_1_231' title='bbox 741 2024 1071 2085; x_wconf 75' lang='lat' dir='ltr'>secundum</span> <span class='ocrx_word' id='word_1_232' title='bbox 1125 2025 1445 2101; x_wconf 88' lang='lat' dir='ltr'>quemdam</span> <span class='ocrx_word' id='word_1_233' title='bbox 1487 2024 1734 2085; x_wconf 90' lang='lat' dir='ltr'>modum</span> <span class='ocrx_word' id='word_1_234' title='bbox 1774 2022 2028 2085; x_wconf 88' lang='lat' dir='ltr'>diximus</span> <span class='ocrx_word' id='word_1_235' title='bbox 2068 2011 2375 2103; x_wconf 90' lang='lat' dir='ltr'>pertinere.</span> <span class='ocrx_word' id='word_1_236' title='bbox 2439 2027 2614 2087; x_wconf 92' lang='lat' dir='ltr'>Nunc</span> <span class='ocrx_word' id='word_1_237' title='bbox 2653 2026 2733 2087; x_wconf 89' lang='lat' dir='ltr'>ad</span> <span class='ocrx_word' id='word_1_238' title='bbox 2776 2028 3023 2087; x_wconf 89' lang='lat' dir='ltr'>alterum</span> <span class='ocrx_word' id='word_1_239' title='bbox 3060 2027 3262 2091; x_wconf 91' lang='lat' dir='ltr'>locum</span> <span class='ocrx_word' id='word_1_240' title='bbox 3279 2072 3297 2107; x_wconf 94' lang='lat'>,</span> 
     </span>
     <span class='ocr_line' id='line_1_21' title="bbox 377 2102 2355 2184; baseline 0.002 -21"><span class='ocrx_word' id='word_1_241' title='bbox 377 2102 479 2181; x_wconf 93' lang='lat' dir='ltr'>qui</span> <span class='ocrx_word' id='word_1_242' title='bbox 519 2103 597 2164; x_wconf 92' lang='lat' dir='ltr'>de</span> <span class='ocrx_word' id='word_1_243' title='bbox 639 2103 904 2165; x_wconf 87' lang='lat' dir='ltr'>mutabili</span> <span class='ocrx_word' id='word_1_244' title='bbox 941 2113 1106 2183; x_wconf 88' lang='lat' dir='ltr'>parte</span> <span class='ocrx_word' id='word_1_245' title='bbox 1145 2106 1346 2184; x_wconf 84' lang='lat' dir='ltr'>legum</span> <span class='ocrx_word' id='word_1_246' title='bbox 1385 2106 1774 2166; x_wconf 88' lang='lat' dir='ltr'>humanarum</span> <span class='ocrx_word' id='word_1_247' title='bbox 1818 2114 1933 2184; x_wconf 89' lang='lat' dir='ltr'>est,</span> <span class='ocrx_word' id='word_1_248' title='bbox 1974 2114 2355 2166; x_wconf 86' lang='lat' dir='ltr'>transeamus.</span> 
     </span>
    </p>
   </div>
   <div class='ocr_carea' id='block_1_3' title="bbox 1643 2338 2027 2353">
    <p class='ocr_par' dir='ltr' id='par_1_3' title="bbox 1643 2338 2027 2353">
     <span class='ocr_line' id='line_1_22' title="bbox 1643 2338 2027 2353; baseline 0 2522"><span class='ocrx_word' id='word_1_249' title='bbox 1643 2338 2027 2353; x_wconf 95' lang='lat' dir='ltr'> </span> 
     </span>
    </p>
   </div>
   <div class='ocr_carea' id='block_1_4' title="bbox 1610 2521 2084 2583">
    <p class='ocr_par' dir='ltr' id='par_1_4' title="bbox 1610 2521 2084 2583">
     <span class='ocr_line' id='line_1_23' title="bbox 1610 2521 2084 2583; baseline -0.002 -1"><span class='ocrx_word' id='word_1_250' title='bbox 1610 2521 1828 2583; x_wconf 79' lang='lat' dir='ltr'>CAP.</span> <span class='ocrx_word' id='word_1_251' title='bbox 1885 2521 2084 2582; x_wconf 93' lang='lat'>1111.</span> 
     </span>
    </p>
   </div>
   <div class='ocr_carea' id='block_1_5' title="bbox 501 2724 3172 2806">
    <p class='ocr_par' dir='ltr' id='par_1_5' title="bbox 501 2724 3172 2806">
     <span class='ocr_line' id='line_1_24' title="bbox 501 2724 3172 2806; baseline -0.001 -21"><span class='ocrx_word' id='word_1_252' title='bbox 501 2727 596 2785; x_wconf 78' lang='lat' dir='ltr'>De</span> <span class='ocrx_word' id='word_1_253' title='bbox 634 2744 702 2784; x_wconf 84' lang='lat' dir='ltr'>ea</span> <span class='ocrx_word' id='word_1_254' title='bbox 730 2733 914 2806; x_wconf 84' lang='lat' dir='ltr'>parte</span> <span class='ocrx_word' id='word_1_255' title='bbox 951 2743 1100 2803; x_wconf 83' lang='lat' dir='ltr'>quae</span> <span class='ocrx_word' id='word_1_256' title='bbox 1138 2727 1202 2784; x_wconf 86' lang='lat' dir='ltr'>in</span> <span class='ocrx_word' id='word_1_257' title='bbox 1239 2725 1460 2801; x_wconf 83' lang='lat' dir='ltr'>legibus</span> <span class='ocrx_word' id='word_1_258' title='bbox 1497 2725 1770 2784; x_wconf 65' lang='lat' dir='ltr'>humum</span> <span class='ocrx_word' id='word_1_259' title='bbox 1808 2731 1898 2785; x_wconf 83' lang='lat' dir='ltr'>est</span> <span class='ocrx_word' id='word_1_260' title='bbox 1929 2724 2251 2798; x_wconf 81' lang='lat' dir='ltr'>mutabilis,</span> <span class='ocrx_word' id='word_1_261' title='bbox 2310 2725 2387 2784; x_wconf 62' lang='grc' dir='ltr'>ὃν</span> <span class='ocrx_word' id='word_1_262' title='bbox 2426 2725 2495 2783; x_wconf 85' lang='lat' dir='ltr'>de</span> <span class='ocrx_word' id='word_1_263' title='bbox 2534 2725 2915 2782; x_wconf 78' lang='lat' dir='ltr'>mutationum</span> <span class='ocrx_word' id='word_1_264' title='bbox 2958 2725 3172 2782; x_wconf 84' lang='lat' dir='ltr'>causis.</span> 
     </span>
    </p>
   </div>
   <div class='ocr_carea' id='block_1_6' title="bbox 373 2899 3309 4352">
    <p class='ocr_par' dir='ltr' id='par_1_6' title="bbox 373 2899 3309 4339">
     <span class='ocr_line' id='line_1_25' title="bbox 459 2899 3295 2980; baseline -0.001 -18"><span class='ocrx_word' id='word_1_265' title='bbox 459 2903 727 2964; x_wconf 78' lang='lat' dir='ltr'>Dixmvs</span> <span class='ocrx_word' id='word_1_266' title='bbox 785 2905 920 2963; x_wconf 80' lang='lat' dir='ltr'>ante</span> <span class='ocrx_word' id='word_1_267' title='bbox 974 2922 1106 2962; x_wconf 91' lang='lat' dir='ltr'>eam</span> <span class='ocrx_word' id='word_1_268' title='bbox 1159 2901 1426 2961; x_wconf 87' lang='lat' dir='ltr'>omnium</span> <span class='ocrx_word' id='word_1_269' title='bbox 1478 2903 1677 2980; x_wconf 85' lang='lat' dir='ltr'>legum</span> <span class='ocrx_word' id='word_1_270' title='bbox 1716 2902 2111 2962; x_wconf 89' lang='lat' dir='ltr'>humanarum</span> <span class='ocrx_word' id='word_1_271' title='bbox 2150 2901 2442 2963; x_wconf 91' lang='lat' dir='ltr'>rationem</span> <span class='ocrx_word' id='word_1_272' title='bbox 2483 2919 2646 2980; x_wconf 90' lang='lat' dir='ltr'>esse,</span> <span class='ocrx_word' id='word_1_273' title='bbox 2687 2912 2750 2961; x_wconf 91' lang='lat' dir='ltr'>vt</span> <span class='ocrx_word' id='word_1_274' title='bbox 2790 2911 3018 2978; x_wconf 89' lang='lat' dir='ltr'>partem</span> <span class='ocrx_word' id='word_1_275' title='bbox 3058 2899 3149 2960; x_wconf 89' lang='lat' dir='ltr'>sui</span> <span class='ocrx_word' id='word_1_276' title='bbox 3188 2900 3295 2961; x_wconf 89' lang='lat' dir='ltr'>im·</span> 
     </span>
     <span class='ocr_line' id='line_1_26' title="bbox 375 2947 3294 3073; baseline -0.001 -29"><span class='ocrx_word' id='word_1_277' title='bbox 375 2983 718 3044; x_wconf 89' lang='lat' dir='ltr'>mutabilem</span> <span class='ocrx_word' id='word_1_278' title='bbox 757 2981 1100 3073; x_wconf 84' lang='lat' dir='ltr'>obtineant,</span> <span class='ocrx_word' id='word_1_279' title='bbox 1142 2987 1488 3059; x_wconf 75' lang='lat' dir='ltr'>partemque</span> <span class='ocrx_word' id='word_1_280' title='bbox 1531 2979 1908 3042; x_wconf 87' lang='lat' dir='ltr'>mutabilem.</span> <span class='ocrx_word' id='word_1_281' title='bbox 1949 2980 2111 3041; x_wconf 90' lang='lat' dir='ltr'>illam</span> <span class='ocrx_word' id='word_1_282' title='bbox 2148 3000 2417 3060; x_wconf 85' lang='lat' dir='ltr'>semper,</span> <span class='ocrx_word' id='word_1_283' title='bbox 2453 2982 2608 3041; x_wconf 86' lang='lat' dir='ltr'>hanc</span> <span class='ocrx_word' id='word_1_284' title='bbox 2628 2947 2944 3042; x_wconf 90' lang='lat' dir='ltr'>interdum</span> <span class='ocrx_word' id='word_1_285' title='bbox 2966 2981 3294 3042; x_wconf 77' lang='lat' dir='ltr'>secundum</span> 
     </span>
     <span class='ocr_line' id='line_1_27' title="bbox 375 3059 3297 3154; baseline -0.001 -32"><span class='ocrx_word' id='word_1_286' title='bbox 375 3081 686 3140; x_wconf 86' lang='lat' dir='ltr'>personas,</span> <span class='ocrx_word' id='word_1_287' title='bbox 727 3060 996 3140; x_wconf 90' lang='lat' dir='ltr'>negotia.</span> <span class='ocrx_word' id='word_1_288' title='bbox 1036 3065 1090 3124; x_wconf 79' lang='grc' dir='ltr'>δι</span> <span class='ocrx_word' id='word_1_289' title='bbox 1131 3060 1598 3122; x_wconf 80' lang='lat' dir='ltr'>circumstantias</span> <span class='ocrx_word' id='word_1_290' title='bbox 1638 3080 1743 3122; x_wconf 90' lang='lat' dir='ltr'>eos</span> <span class='ocrx_word' id='word_1_291' title='bbox 1780 3059 1884 3139; x_wconf 90' lang='lat' dir='ltr'>qui</span> <span class='ocrx_word' id='word_1_292' title='bbox 1925 3061 2174 3122; x_wconf 86' lang='lat' dir='ltr'>subsunt</span> <span class='ocrx_word' id='word_1_293' title='bbox 2196 3027 3118 3154; x_wconf 86' lang='lat' dir='ltr'>obligantem.1mmutabilem</span> <span class='ocrx_word' id='word_1_294' title='bbox 3163 3079 3297 3120; x_wconf 91' lang='lat' dir='ltr'>eam</span> 
     </span>
     <span class='ocr_line' id='line_1_28' title="bbox 377 3139 3299 3232; baseline -0.001 -29"><span class='ocrx_word' id='word_1_295' title='bbox 377 3162 536 3220; x_wconf 91' lang='lat' dir='ltr'>esse,</span> <span class='ocrx_word' id='word_1_296' title='bbox 575 3143 882 3203; x_wconf 87' lang='lat' dir='ltr'>docuimus</span> <span class='ocrx_word' id='word_1_297' title='bbox 925 3160 1078 3220; x_wconf 89' lang='lat' dir='ltr'>quae</span> <span class='ocrx_word' id='word_1_298' title='bbox 1117 3139 1442 3232; x_wconf 78' lang='lat' dir='ltr'>principie,</span> <span class='ocrx_word' id='word_1_299' title='bbox 1502 3141 1776 3215; x_wconf 88' lang='lat' dir='ltr'>obiect0,</span> <span class='ocrx_word' id='word_1_300' title='bbox 1825 3143 1882 3201; x_wconf 76' lang='grc' dir='ltr'>δι</span> <span class='ocrx_word' id='word_1_301' title='bbox 1925 3143 2067 3219; x_wconf 84' lang='lat' dir='ltr'>fine,</span> <span class='ocrx_word' id='word_1_302' title='bbox 2102 3139 2318 3202; x_wconf 90' lang='lat' dir='ltr'>rationi</span> <span class='ocrx_word' id='word_1_303' title='bbox 2348 3152 2623 3202; x_wconf 88' lang='lat' dir='ltr'>aeternae</span> <span class='ocrx_word' id='word_1_304' title='bbox 2639 3185 2657 3218; x_wconf 93' lang='lat'>,</span> <span class='ocrx_word' id='word_1_305' title='bbox 2697 3158 2878 3218; x_wconf 90' lang='lat' dir='ltr'>quam</span> <span class='ocrx_word' id='word_1_306' title='bbox 2922 3139 3299 3201; x_wconf 88' lang='lat' dir='ltr'>adumbrauit</span> 
     </span>
     <span class='ocr_line' id='line_1_29' title="bbox 377 3219 3299 3312; baseline -0.001 -30"><span class='ocrx_word' id='word_1_307' title='bbox 377 3222 438 3282; x_wconf 89' lang='lat' dir='ltr'>in</span> <span class='ocrx_word' id='word_1_308' title='bbox 479 3237 686 3282; x_wconf 86' lang='lat' dir='ltr'>natura</span> <span class='ocrx_word' id='word_1_309' title='bbox 725 3231 827 3281; x_wconf 90' lang='lat' dir='ltr'>aut</span> <span class='ocrx_word' id='word_1_310' title='bbox 865 3223 1049 3282; x_wconf 86' lang='lat' dir='ltr'>verbo</span> <span class='ocrx_word' id='word_1_311' title='bbox 1090 3219 1372 3312; x_wconf 86' lang='lat' dir='ltr'>expressit</span> <span class='ocrx_word' id='word_1_312' title='bbox 1398 3222 1590 3298; x_wconf 80' lang='lat' dir='ltr'>DeuS,</span> <span class='ocrx_word' id='word_1_313' title='bbox 1632 3221 2058 3282; x_wconf 89' lang='lat' dir='ltr'>conformatur.</span> <span class='ocrx_word' id='word_1_314' title='bbox 2100 3220 2375 3312; x_wconf 89' lang='lat' dir='ltr'>Sequitur</span> <span class='ocrx_word' id='word_1_315' title='bbox 2415 3239 2593 3312; x_wconf 76' lang='lat' dir='ltr'>ergo,</span> <span class='ocrx_word' id='word_1_316' title='bbox 2632 3220 2681 3281; x_wconf 91' lang='lat' dir='ltr'>si</span> <span class='ocrx_word' id='word_1_317' title='bbox 2716 3219 2861 3298; x_wconf 92' lang='lat' dir='ltr'>quid</span> <span class='ocrx_word' id='word_1_318' title='bbox 2881 3230 2972 3282; x_wconf 89' lang='lat' dir='ltr'>est</span> <span class='ocrx_word' id='word_1_319' title='bbox 2993 3231 3299 3311; x_wconf 91' lang='lat' dir='ltr'>praeterea</span> 
     </span>
     <span class='ocr_line' id='line_1_30' title="bbox 376 3298 3299 3392; baseline -0.001 -31"><span class='ocrx_word' id='word_1_320' title='bbox 376 3301 436 3362; x_wconf 91' lang='lat' dir='ltr'>in</span> <span class='ocrx_word' id='word_1_321' title='bbox 497 3301 770 3363; x_wconf 87' lang='lat' dir='ltr'>humanis</span> <span class='ocrx_word' id='word_1_322' title='bbox 824 3301 1083 3380; x_wconf 88' lang='lat' dir='ltr'>legibus,</span> <span class='ocrx_word' id='word_1_323' title='bbox 1136 3319 1255 3378; x_wconf 89' lang='lat' dir='ltr'>quo</span> <span class='ocrx_word' id='word_1_324' title='bbox 1295 3299 1405 3361; x_wconf 83' lang='lat' dir='ltr'>tria</span> <span class='ocrx_word' id='word_1_325' title='bbox 1442 3300 1542 3361; x_wconf 85' lang='lat' dir='ltr'>illa</span> <span class='ocrx_word' id='word_1_326' title='bbox 1573 3301 1887 3363; x_wconf 91' lang='lat' dir='ltr'>essentiam</span> <span class='ocrx_word' id='word_1_327' title='bbox 1927 3299 2113 3362; x_wconf 91' lang='lat' dir='ltr'>iustae</span> <span class='ocrx_word' id='word_1_328' title='bbox 2132 3298 2299 3392; x_wconf 77' lang='lat' dir='ltr'>legis</span> <span class='ocrx_word' id='word_1_329' title='bbox 2340 3299 2757 3362; x_wconf 88' lang='lat' dir='ltr'>constituentia</span> <span class='ocrx_word' id='word_1_330' title='bbox 2796 3302 2863 3377; x_wconf 85' lang='lat' dir='ltr'>(f.</span> <span class='ocrx_word' id='word_1_331' title='bbox 2912 3303 3088 3378; x_wconf 85' lang='lat'>1508)</span> <span class='ocrx_word' id='word_1_332' title='bbox 3130 3298 3299 3378; x_wconf 89' lang='lat' dir='ltr'>quasi</span> 
     </span>
     <span class='ocr_line' id='line_1_31' title="bbox 377 3375 3303 3472; baseline -0.001 -30"><span class='ocrx_word' id='word_1_333' title='bbox 377 3380 718 3458; x_wconf 86' lang='lat' dir='ltr'>vestiantur,</span> <span class='ocrx_word' id='word_1_334' title='bbox 757 3380 822 3442; x_wconf 85' lang='lat' dir='ltr'>id</span> <span class='ocrx_word' id='word_1_335' title='bbox 859 3401 989 3442; x_wconf 89' lang='lat' dir='ltr'>esse</span> <span class='ocrx_word' id='word_1_336' title='bbox 1029 3381 1339 3459; x_wconf 89' lang='lat' dir='ltr'>mutabile,</span> <span class='ocrx_word' id='word_1_337' title='bbox 1401 3399 1514 3441; x_wconf 86' lang='lat' dir='ltr'>nec</span> <span class='ocrx_word' id='word_1_338' title='bbox 1553 3393 1896 3472; x_wconf 88' lang='lat' dir='ltr'>perpetuam</span> <span class='ocrx_word' id='word_1_339' title='bbox 1939 3375 2229 3442; x_wconf 90' lang='lat' dir='ltr'>rationem</span> <span class='ocrx_word' id='word_1_340' title='bbox 2270 3379 2405 3442; x_wconf 88' lang='lat' dir='ltr'>iusti</span> <span class='ocrx_word' id='word_1_341' title='bbox 2444 3378 2977 3459; x_wconf 76' lang='lat' dir='ltr'>auctoritatemque</span> <span class='ocrx_word' id='word_1_342' title='bbox 3012 3380 3303 3440; x_wconf 87' lang='lat' dir='ltr'>obtinere.</span> 
     </span>
     <span class='ocr_line' id='line_1_32' title="bbox 379 3459 3301 3552; baseline -0.001 -30"><span class='ocrx_word' id='word_1_343' title='bbox 379 3463 528 3522; x_wconf 89' lang='lat' dir='ltr'>Sunt</span> <span class='ocrx_word' id='word_1_344' title='bbox 585 3473 784 3522; x_wconf 89' lang='lat' dir='ltr'>autem</span> <span class='ocrx_word' id='word_1_345' title='bbox 843 3460 904 3521; x_wconf 90' lang='lat' dir='ltr'>in</span> <span class='ocrx_word' id='word_1_346' title='bbox 964 3480 1038 3521; x_wconf 92' lang='lat' dir='ltr'>eo</span> <span class='ocrx_word' id='word_1_347' title='bbox 1097 3480 1312 3552; x_wconf 90' lang='lat' dir='ltr'>genere</span> <span class='ocrx_word' id='word_1_348' title='bbox 1365 3459 1627 3522; x_wconf 86' lang='lat' dir='ltr'>actiones</span> <span class='ocrx_word' id='word_1_349' title='bbox 1678 3462 1734 3520; x_wconf 77' lang='grc' dir='ltr'>δι</span> <span class='ocrx_word' id='word_1_350' title='bbox 1773 3459 2278 3539; x_wconf 87' lang='lat' dir='ltr'>circumstantiae,</span> <span class='ocrx_word' id='word_1_351' title='bbox 2331 3461 2410 3522; x_wconf 90' lang='lat' dir='ltr'>de</span> <span class='ocrx_word' id='word_1_352' title='bbox 2446 3460 2659 3538; x_wconf 87' lang='lat' dir='ltr'>quibus</span> <span class='ocrx_word' id='word_1_353' title='bbox 2699 3465 2908 3538; x_wconf 76' lang='lat' dir='ltr'>postea</span> <span class='ocrx_word' id='word_1_354' title='bbox 2942 3478 3051 3521; x_wconf 91' lang='lat' dir='ltr'>suo</span> <span class='ocrx_word' id='word_1_355' title='bbox 3092 3459 3301 3520; x_wconf 91' lang='lat' dir='ltr'>ordine</span> 
     </span>
     <span class='ocr_line' id='line_1_33' title="bbox 378 3538 3303 3619; baseline -0 -18"><span class='ocrx_word' id='word_1_356' title='bbox 378 3541 592 3602; x_wconf 89' lang='lat' dir='ltr'>dicturi</span> <span class='ocrx_word' id='word_1_357' title='bbox 633 3559 867 3601; x_wconf 90' lang='lat' dir='ltr'>sumus:</span> <span class='ocrx_word' id='word_1_358' title='bbox 908 3541 1170 3602; x_wconf 88' lang='lat' dir='ltr'>actiones</span> <span class='ocrx_word' id='word_1_359' title='bbox 1210 3539 1368 3600; x_wconf 90' lang='lat' dir='ltr'>enim</span> <span class='ocrx_word' id='word_1_360' title='bbox 1407 3541 1732 3602; x_wconf 89' lang='lat' dir='ltr'>secundum</span> <span class='ocrx_word' id='word_1_361' title='bbox 1772 3558 1958 3618; x_wconf 87' lang='lat' dir='ltr'>genus</span> <span class='ocrx_word' id='word_1_362' title='bbox 2001 3556 2173 3601; x_wconf 89' lang='lat' dir='ltr'>suum</span> <span class='ocrx_word' id='word_1_363' title='bbox 2215 3541 2271 3600; x_wconf 89' lang='lat'>&amp;</span> <span class='ocrx_word' id='word_1_364' title='bbox 2319 3561 2425 3619; x_wconf 90' lang='lat' dir='ltr'>per</span> <span class='ocrx_word' id='word_1_365' title='bbox 2464 3559 2529 3600; x_wconf 89' lang='lat' dir='ltr'>se</span> <span class='ocrx_word' id='word_1_366' title='bbox 2572 3539 2801 3601; x_wconf 89' lang='lat' dir='ltr'>mediae</span> <span class='ocrx_word' id='word_1_367' title='bbox 2842 3551 3012 3616; x_wconf 88' lang='lat' dir='ltr'>sunt,</span> <span class='ocrx_word' id='word_1_368' title='bbox 3048 3538 3303 3618; x_wconf 88' lang='lat' dir='ltr'>proinde</span> 
     </span>
     <span class='ocr_line' id='line_1_34' title="bbox 379 3619 3303 3712; baseline -0.001 -30"><span class='ocrx_word' id='word_1_369' title='bbox 379 3621 564 3682; x_wconf 80' lang='lat' dir='ltr'>modo</span> <span class='ocrx_word' id='word_1_370' title='bbox 605 3623 802 3682; x_wconf 88' lang='lat' dir='ltr'>bonae</span> <span class='ocrx_word' id='word_1_371' title='bbox 841 3621 1166 3681; x_wconf 88' lang='lat' dir='ltr'>secundum</span> <span class='ocrx_word' id='word_1_372' title='bbox 1207 3619 1507 3712; x_wconf 40' lang='lat' dir='ltr'>princip-’ia</span> <span class='ocrx_word' id='word_1_373' title='bbox 1531 3621 1633 3681; x_wconf 88' lang='lat' dir='ltr'>illa</span> <span class='ocrx_word' id='word_1_374' title='bbox 1672 3624 1728 3682; x_wconf 77' lang='grc' dir='ltr'>δι</span> <span class='ocrx_word' id='word_1_375' title='bbox 1766 3619 2237 3682; x_wconf 84' lang='lat' dir='ltr'>circumstantias</span> <span class='ocrx_word' id='word_1_376' title='bbox 2282 3621 2593 3681; x_wconf 87' lang='lat' dir='ltr'>habendae</span> <span class='ocrx_word' id='word_1_377' title='bbox 2636 3631 2808 3681; x_wconf 90' lang='lat' dir='ltr'>sunt:</span> <span class='ocrx_word' id='word_1_378' title='bbox 2853 3621 3039 3681; x_wconf 78' lang='lat' dir='ltr'>modo</span> <span class='ocrx_word' id='word_1_379' title='bbox 3078 3621 3303 3711; x_wconf 83' lang='lat' dir='ltr'>malae,</span> 
     </span>
     <span class='ocr_line' id='line_1_35' title="bbox 379 3698 3304 3800; baseline -0.001 -38"><span class='ocrx_word' id='word_1_380' title='bbox 379 3701 430 3762; x_wconf 78' lang='lat' dir='ltr'>si</span> <span class='ocrx_word' id='word_1_381' title='bbox 471 3699 604 3778; x_wconf 84' lang='lat' dir='ltr'>quis</span> <span class='ocrx_word' id='word_1_382' title='bbox 643 3701 909 3761; x_wconf 85' lang='lat' dir='ltr'>desectus</span> <span class='ocrx_word' id='word_1_383' title='bbox 949 3701 1008 3760; x_wconf 90' lang='lat' dir='ltr'>in</span> <span class='ocrx_word' id='word_1_384' title='bbox 1061 3699 1212 3761; x_wconf 82' lang='lat' dir='ltr'>iusta</span> <span class='ocrx_word' id='word_1_385' title='bbox 1241 3699 1686 3800; x_wconf 81' lang='lat' dir='ltr'>principiorum</span> <span class='ocrx_word' id='word_1_386' title='bbox 1734 3699 1967 3761; x_wconf 85' lang='lat' dir='ltr'>illarum</span> <span class='ocrx_word' id='word_1_387' title='bbox 2020 3699 2436 3762; x_wconf 88' lang='lat' dir='ltr'>obseruatione</span> <span class='ocrx_word' id='word_1_388' title='bbox 2476 3711 2579 3761; x_wconf 88' lang='lat' dir='ltr'>aut</span> <span class='ocrx_word' id='word_1_389' title='bbox 2622 3700 2683 3760; x_wconf 91' lang='lat' dir='ltr'>in</span> <span class='ocrx_word' id='word_1_390' title='bbox 2726 3698 3181 3761; x_wconf 89' lang='lat' dir='ltr'>circumstantiis</span> <span class='ocrx_word' id='word_1_391' title='bbox 3220 3699 3304 3779; x_wconf 90' lang='lat' dir='ltr'>ip-</span> 
     </span>
     <span class='ocr_line' id='line_1_36' title="bbox 378 3779 3303 3872; baseline -0.001 -31"><span class='ocrx_word' id='word_1_392' title='bbox 378 3799 574 3842; x_wconf 91' lang='lat' dir='ltr'>sarum</span> <span class='ocrx_word' id='word_1_393' title='bbox 629 3780 926 3859; x_wconf 82' lang='lat' dir='ltr'>obtigerit.</span> <span class='ocrx_word' id='word_1_394' title='bbox 979 3781 1150 3856; x_wconf 89' lang='lat' dir='ltr'>Quae</span> <span class='ocrx_word' id='word_1_395' title='bbox 1196 3783 1332 3840; x_wconf 89' lang='lat' dir='ltr'>cum</span> <span class='ocrx_word' id='word_1_396' title='bbox 1371 3780 1452 3840; x_wconf 88' lang='lat' dir='ltr'>ita</span> <span class='ocrx_word' id='word_1_397' title='bbox 1493 3781 1643 3856; x_wconf 89' lang='lat' dir='ltr'>sint,</span> <span class='ocrx_word' id='word_1_398' title='bbox 1697 3800 1771 3842; x_wconf 91' lang='lat' dir='ltr'>ex</span> <span class='ocrx_word' id='word_1_399' title='bbox 1811 3779 2297 3872; x_wconf 77' lang='lat' dir='ltr'>antecedentibus</span> <span class='ocrx_word' id='word_1_400' title='bbox 2336 3780 2560 3859; x_wconf 80' lang='lat' dir='ltr'>optime</span> <span class='ocrx_word' id='word_1_401' title='bbox 2606 3779 2940 3842; x_wconf 87' lang='lat' dir='ltr'>definimus.</span> <span class='ocrx_word' id='word_1_402' title='bbox 2983 3781 3165 3840; x_wconf 85' lang='lat' dir='ltr'>Thes.</span> <span class='ocrx_word' id='word_1_403' title='bbox 3215 3799 3303 3856; x_wconf 90' lang='lat'>19.</span> 
     </span>
     <span class='ocr_line' id='line_1_37' title="bbox 377 3857 3305 3940; baseline -0.001 -20"><span class='ocrx_word' id='word_1_404' title='bbox 377 3869 608 3921; x_wconf 82' lang='lat' dir='ltr'>caetera</span> <span class='ocrx_word' id='word_1_405' title='bbox 669 3880 818 3938; x_wconf 81' lang='lat' dir='ltr'>quae</span> <span class='ocrx_word' id='word_1_406' title='bbox 854 3859 1150 3938; x_wconf 77' lang='lat' dir='ltr'>seruntur</span> <span class='ocrx_word' id='word_1_407' title='bbox 1187 3861 1459 3920; x_wconf 73' lang='lat' dir='ltr'>humanis</span> <span class='ocrx_word' id='word_1_408' title='bbox 1498 3863 1722 3937; x_wconf 82' lang='lat' dir='ltr'>legibus</span> <span class='ocrx_word' id='word_1_409' title='bbox 1763 3863 1818 3922; x_wconf 86' lang='lat'>&amp;</span> <span class='ocrx_word' id='word_1_410' title='bbox 1869 3859 1930 3920; x_wconf 88' lang='lat' dir='ltr'>in</span> <span class='ocrx_word' id='word_1_411' title='bbox 1974 3861 2059 3920; x_wconf 91' lang='lat' dir='ltr'>eis</span> <span class='ocrx_word' id='word_1_412' title='bbox 2100 3860 2513 3940; x_wconf 87' lang='lat' dir='ltr'>continentur,</span> <span class='ocrx_word' id='word_1_413' title='bbox 2580 3858 2857 3920; x_wconf 89' lang='lat' dir='ltr'>nimirum</span> <span class='ocrx_word' id='word_1_414' title='bbox 2896 3869 3130 3938; x_wconf 87' lang='lat' dir='ltr'>praeter</span> <span class='ocrx_word' id='word_1_415' title='bbox 3168 3857 3305 3919; x_wconf 83' lang='lat' dir='ltr'>illos</span> 
     </span>
     <span class='ocr_line' id='line_1_38' title="bbox 377 3906 3306 4031; baseline -0.001 -30"><span class='ocrx_word' id='word_1_416' title='bbox 377 3951 495 4001; x_wconf 69' lang='lat' dir='ltr'>tres</span> <span class='ocrx_word' id='word_1_417' title='bbox 557 3938 983 4017; x_wconf 87' lang='lat' dir='ltr'>principiorum</span> <span class='ocrx_word' id='word_1_418' title='bbox 1043 3941 1260 4000; x_wconf 87' lang='lat' dir='ltr'>modos</span> <span class='ocrx_word' id='word_1_419' title='bbox 1314 3957 1466 4017; x_wconf 90' lang='lat' dir='ltr'>quos</span> <span class='ocrx_word' id='word_1_420' title='bbox 1505 3943 1896 4031; x_wconf 81' lang='lat' dir='ltr'>praecedente</span> <span class='ocrx_word' id='word_1_421' title='bbox 1939 3938 2131 4018; x_wconf 88' lang='lat' dir='ltr'>capite</span> <span class='ocrx_word' id='word_1_422' title='bbox 2172 3906 2517 4018; x_wconf 58' lang='lat' dir='ltr'>definimus:</span> <span class='ocrx_word' id='word_1_423' title='bbox 2562 3942 2639 4000; x_wconf 63' lang='grc' dir='ltr'>ὅγ’</span> <span class='ocrx_word' id='word_1_424' title='bbox 2676 3941 2979 4000; x_wconf 83' lang='lat' dir='ltr'>mutabilia</span> <span class='ocrx_word' id='word_1_425' title='bbox 3022 3956 3176 4015; x_wconf 85' lang='lat' dir='ltr'>esse,</span> <span class='ocrx_word' id='word_1_426' title='bbox 3229 3940 3306 3999; x_wconf 58' lang='lat' dir='ltr'>dr</span> 
     </span>
     <span class='ocr_line' id='line_1_39' title="bbox 378 4017 3307 4112; baseline -0.001 -32"><span class='ocrx_word' id='word_1_427' title='bbox 378 4021 752 4081; x_wconf 81' lang='lat' dir='ltr'>conditionem</span> <span class='ocrx_word' id='word_1_428' title='bbox 802 4023 1134 4082; x_wconf 79' lang='lat' dir='ltr'>mutationis</span> <span class='ocrx_word' id='word_1_429' title='bbox 1174 4021 1385 4080; x_wconf 77' lang='lat' dir='ltr'>habere</span> <span class='ocrx_word' id='word_1_430' title='bbox 1420 4023 1737 4112; x_wconf 74' lang='lat' dir='ltr'>implexam</span> <span class='ocrx_word' id='word_1_431' title='bbox 1765 4021 1826 4080; x_wconf 92' lang='lat' dir='ltr'>in</span> <span class='ocrx_word' id='word_1_432' title='bbox 1868 4039 2028 4081; x_wconf 89' lang='lat' dir='ltr'>sese.</span> <span class='ocrx_word' id='word_1_433' title='bbox 2078 4020 2141 4080; x_wconf 93' lang='lat' dir='ltr'>id</span> <span class='ocrx_word' id='word_1_434' title='bbox 2174 4032 2291 4097; x_wconf 89' lang='lat' dir='ltr'>est,</span> <span class='ocrx_word' id='word_1_435' title='bbox 2332 4040 2562 4100; x_wconf 90' lang='lat' dir='ltr'>semper</span> <span class='ocrx_word' id='word_1_436' title='bbox 2602 4019 2811 4080; x_wconf 86' lang='lat' dir='ltr'>mutari</span> <span class='ocrx_word' id='word_1_437' title='bbox 2851 4039 3028 4098; x_wconf 89' lang='lat' dir='ltr'>posse</span> <span class='ocrx_word' id='word_1_438' title='bbox 3043 4063 3061 4092; x_wconf 91' lang='lat'>,</span> <span class='ocrx_word' id='word_1_439' title='bbox 3110 4017 3167 4078; x_wconf 71' lang='grc' dir='ltr'>ὅτ</span> <span class='ocrx_word' id='word_1_440' title='bbox 3207 4017 3307 4078; x_wconf 89' lang='lat' dir='ltr'>ali-</span> 
     </span>
     <span class='ocr_line' id='line_1_40' title="bbox 373 4097 3309 4178; baseline -0 -20"><span class='ocrx_word' id='word_1_441' title='bbox 373 4100 614 4178; x_wconf 90' lang='lat' dir='ltr'>quando</span> <span class='ocrx_word' id='word_1_442' title='bbox 659 4101 939 4160; x_wconf 88' lang='lat' dir='ltr'>mutanda</span> <span class='ocrx_word' id='word_1_443' title='bbox 977 4119 1134 4177; x_wconf 89' lang='lat' dir='ltr'>esse,</span> <span class='ocrx_word' id='word_1_444' title='bbox 1173 4099 1297 4160; x_wconf 89' lang='lat' dir='ltr'>siue</span> <span class='ocrx_word' id='word_1_445' title='bbox 1336 4103 1424 4176; x_wconf 89' lang='lat' dir='ltr'>(vt</span> <span class='ocrx_word' id='word_1_446' title='bbox 1466 4102 1644 4178; x_wconf 80' lang='lat' dir='ltr'>vulgo</span> <span class='ocrx_word' id='word_1_447' title='bbox 1680 4100 1954 4174; x_wconf 90' lang='lat' dir='ltr'>dicimus)</span> <span class='ocrx_word' id='word_1_448' title='bbox 1980 4099 2191 4161; x_wconf 89' lang='lat' dir='ltr'>mutari</span> <span class='ocrx_word' id='word_1_449' title='bbox 2212 4101 2451 4162; x_wconf 90' lang='lat' dir='ltr'>debere.</span> <span class='ocrx_word' id='word_1_450' title='bbox 2484 4111 2549 4161; x_wconf 82' lang='lat' dir='ltr'>vt</span> <span class='ocrx_word' id='word_1_451' title='bbox 2573 4097 2731 4159; x_wconf 89' lang='lat' dir='ltr'>idem</span> <span class='ocrx_word' id='word_1_452' title='bbox 2755 4100 2989 4161; x_wconf 87' lang='lat' dir='ltr'>breuius</span> <span class='ocrx_word' id='word_1_453' title='bbox 3020 4098 3309 4178; x_wconf 89' lang='lat' dir='ltr'>dicamus,</span> 
     </span>
     <span class='ocr_line' id='line_1_41' title="bbox 377 4178 3309 4260; baseline 0 -20"><span class='ocrx_word' id='word_1_454' title='bbox 377 4183 667 4240; x_wconf 88' lang='lat' dir='ltr'>humanas</span> <span class='ocrx_word' id='word_1_455' title='bbox 727 4181 886 4258; x_wconf 85' lang='lat' dir='ltr'>leges</span> <span class='ocrx_word' id='word_1_456' title='bbox 927 4181 1192 4240; x_wconf 86' lang='lat' dir='ltr'>mutandi</span> <span class='ocrx_word' id='word_1_457' title='bbox 1231 4199 1352 4239; x_wconf 92' lang='lat' dir='ltr'>non</span> <span class='ocrx_word' id='word_1_458' title='bbox 1395 4181 1585 4240; x_wconf 77' lang='lat' dir='ltr'>solum</span> <span class='ocrx_word' id='word_1_459' title='bbox 1625 4191 1715 4241; x_wconf 89' lang='lat' dir='ltr'>est</span> <span class='ocrx_word' id='word_1_460' title='bbox 1755 4179 2145 4260; x_wconf 86' lang='lat' dir='ltr'>possibilitas,</span> <span class='ocrx_word' id='word_1_461' title='bbox 2206 4179 2312 4242; x_wconf 85' lang='lat' dir='ltr'>sed</span> <span class='ocrx_word' id='word_1_462' title='bbox 2356 4181 2535 4241; x_wconf 88' lang='lat' dir='ltr'>etiam</span> <span class='ocrx_word' id='word_1_463' title='bbox 2573 4178 2929 4257; x_wconf 84' lang='lat' dir='ltr'>necessitas,</span> <span class='ocrx_word' id='word_1_464' title='bbox 2988 4197 3169 4256; x_wconf 90' lang='lat' dir='ltr'>quam</span> <span class='ocrx_word' id='word_1_465' title='bbox 3209 4197 3309 4240; x_wconf 92' lang='lat' dir='ltr'>ne-</span> 
     </span>
     <span class='ocr_line' id='line_1_42' title="bbox 379 4257 3309 4352; baseline -0.001 -32"><span class='ocrx_word' id='word_1_466' title='bbox 379 4259 716 4320; x_wconf 80' lang='lat' dir='ltr'>cessitatem</span> <span class='ocrx_word' id='word_1_467' title='bbox 754 4257 1167 4320; x_wconf 87' lang='lat' dir='ltr'>conditionem</span> <span class='ocrx_word' id='word_1_468' title='bbox 1210 4259 1548 4320; x_wconf 76' lang='lat' dir='ltr'>mutationis</span> <span class='ocrx_word' id='word_1_469' title='bbox 1586 4262 1973 4352; x_wconf 87' lang='lat' dir='ltr'>appellamus.</span> <span class='ocrx_word' id='word_1_470' title='bbox 2016 4261 2123 4322; x_wconf 87' lang='lat' dir='ltr'>Est</span> <span class='ocrx_word' id='word_1_471' title='bbox 2162 4261 2319 4322; x_wconf 90' lang='lat' dir='ltr'>enim</span> <span class='ocrx_word' id='word_1_472' title='bbox 2359 4263 2510 4322; x_wconf 87' lang='lat' dir='ltr'>haec</span> <span class='ocrx_word' id='word_1_473' title='bbox 2550 4279 2674 4320; x_wconf 90' lang='lat' dir='ltr'>non</span> <span class='ocrx_word' id='word_1_474' title='bbox 2714 4259 2965 4352; x_wconf 81' lang='lat' dir='ltr'>simplex</span> <span class='ocrx_word' id='word_1_475' title='bbox 3004 4277 3119 4318; x_wconf 88' lang='lat' dir='ltr'>aux</span> <span class='ocrx_word' id='word_1_476' title='bbox 3138 4259 3309 4318; x_wconf 89' lang='lat' dir='ltr'>abso·</span> 
     </span>
    </p>
   </div>
   <div class='ocr_carea' id='block_1_7' title="bbox 380 4339 3311 4496">
    <p class='ocr_par' dir='ltr' id='par_1_7' title="bbox 380 4339 3311 4496">
     <span class='ocr_line' id='line_1_43' title="bbox 380 4339 3307 4480; baseline -0.001 -80"><span class='ocrx_word' id='word_1_477' title='bbox 380 4341 506 4400; x_wconf 87' lang='lat' dir='ltr'>luta</span> <span class='ocrx_word' id='word_1_478' title='bbox 549 4339 896 4421; x_wconf 74' lang='lat' dir='ltr'>necessita53</span> <span class='ocrx_word' id='word_1_479' title='bbox 937 4341 1044 4401; x_wconf 90' lang='lat' dir='ltr'>sed</span> <span class='ocrx_word' id='word_1_480' title='bbox 1085 4360 1160 4400; x_wconf 90' lang='lat' dir='ltr'>ex</span> <span class='ocrx_word' id='word_1_481' title='bbox 1191 4341 1507 4418; x_wconf 85' lang='lat' dir='ltr'>hypothesi</span> <span class='ocrx_word' id='word_1_482' title='bbox 1545 4342 1642 4400; x_wconf 84' lang='lat' dir='ltr'>vel</span> <span class='ocrx_word' id='word_1_483' title='bbox 1681 4340 2027 4402; x_wconf 88' lang='lat' dir='ltr'>conditione</span> <span class='ocrx_word' id='word_1_484' title='bbox 2061 4361 2265 4402; x_wconf 86' lang='lat' dir='ltr'>earum</span> <span class='ocrx_word' id='word_1_485' title='bbox 2284 4359 2481 4402; x_wconf 88' lang='lat' dir='ltr'>rerum</span> <span class='ocrx_word' id='word_1_486' title='bbox 2502 4339 2926 4402; x_wconf 88' lang='lat' dir='ltr'>mutationibus</span> <span class='ocrx_word' id='word_1_487' title='bbox 2946 4339 3307 4480; x_wconf 50' lang='grc' dir='ltr'>ἱιειίἱεειαιιὲιιι,</span> 
     </span>
     <span class='ocr_line' id='line_1_44' title="bbox 3019 4437 3311 4496; baseline 0 -16"><span class='ocrx_word' id='word_1_488' title='bbox 3019 4439 3052 4480; x_wconf 97' lang='lat' dir='ltr'>e</span> <span class='ocrx_word' id='word_1_489' title='bbox 3095 4437 3197 4496; x_wconf 79' lang='lat' dir='ltr'>qui</span> <span class='ocrx_word' id='word_1_490' title='bbox 3241 4437 3311 4480; x_wconf 89' lang='lat' dir='ltr'>us</span> 
     </span>
    </p>
   </div>
  </div>
 </body>
</html>
