3923 4875
1409 363 1510 405 DE
1568 363 1784 404 VERA
1846 361 2380 406 THEOLOGIA.
3252 369 3356 410 101

444 523 719 586 exsistere
757 523 970 584 virtute
1010 523 1148 583 Dei:
1190 541 1405 602 nempe
1447 523 1613 600 quod
1654 543 1845 584 omnes
1884 543 2004 586 vna
2051 526 2149 585 vir
2181 523 2476 600 perfectus
2518 523 2806 586 efficimur
2843 525 2904 586 in
2925 525 3160 588 Christo
3182 531 3356 590 Iesu:

443 606 658 682 Ephes.
700 625 757 678 4.
806 623 895 680 13.
938 603 1092 664 Cum
1133 602 1291 664 enim
1332 602 1597 664 Christus
1637 602 1711 664 sit
1752 613 1929 681 caput
1967 613 2267 683 nostrum,
2305 601 2366 664 in
2407 619 2529 682 quo
2569 624 2673 682 per
2714 605 2917 666 omnia
2959 616 3200 685 oportet
3239 626 3352 670 nos

447 685 786 745 adolescere
800 729 818 763 ,
850 686 905 743 δε
943 701 1019 744 ex
1056 699 1178 760 quo
1219 692 1412 744 totum
1452 699 1668 762 corpus
1708 693 2105 762 congruenter
2142 691 2618 761 coagmentatum
2659 703 2764 762 per
2799 704 3048 746 omnem
3068 686 3349 749 commis-

451 780 648 825 suram
706 761 1239 842 suppeditationum
1298 761 1506 842 ipsius,
1564 763 1888 824 secundum
1940 761 2062 822 vim
2111 771 2384 840 agentem
2439 783 2552 842 pro
2593 781 2866 825 mensura
2906 763 3359 844 vniuscuiusque

451 843 703 905 membri
753 843 1180 904 incrementum
1233 842 1389 921 capit
1428 841 1565 903 huic
1605 842 1845 920 corpori
1884 841 2246 903 conueniens
2262 887 2280 920 ‚
2319 842 2396 901 ad
2435 842 2526 903 sui
2563 843 2744 922 ipsius
2787 843 3258 906 aedificationem
3297 845 3360 907 in

450 924 764 984 charitatez
805 926 965 984 certe
1003 923 1169 999 quod
1206 921 1456 983 naturali
1495 921 1733 1000 corpori
1772 924 1937 983 Deus
1978 941 2085 999 per
2103 931 2374 982 naturam
2392 922 2676 1000 praestari
2693 924 2915 1004 voluit,
2935 923 3096 986 idem
3120 926 3361 1004 corpori

453 1001 591 1063 huic
644 1001 893 1080 mystico
944 1022 1051 1079 per
1102 1001 1349 1081 gratiam
1407 1001 1815 1063 admirabilem
1875 1001 2057 1079 ipsius
2115 1001 2381 1063 instituto
2396 1047 2414 1078 ,
2467 1002 2848 1080 praestiturus
2902 1015 2990 1066 est
3028 1007 3356 1066 secundum

453 1081 885 1144 ordinationem
924 1081 1125 1160 ipsius.
1182 1085 1276 1142 Ac
1328 1085 1641 1160 propterea
1677 1091 1805 1142 tum
1842 1083 1960 1142 hoc
2000 1080 2351 1143 beneficium
2389 1081 2452 1141 in
2491 1082 2731 1144 Christo
2771 1083 2962 1161 capite
3001 1093 3206 1146 nostro
3243 1103 3356 1146 nos

453 1173 869 1240 assequuturos
930 1181 1057 1224 esse
1116 1161 1479 1223 credendum
1526 1173 1643 1240 est3
1704 1170 1831 1222 tum
1881 1165 2026 1222 vero
2081 1171 2209 1221 toto
2249 1160 2422 1221 huius
2461 1159 2616 1223 vitae
2656 1163 2918 1225 mortalis
2959 1173 3231 1242 tempore
3271 1162 3357 1226 sic

452 1241 737 1302 vtendum
796 1251 998 1304 sancta
1045 1242 1348 1320 Euangelij
1392 1240 1864 1334 praedicatione,
1917 1250 1983 1300 vt
2022 1238 2225 1301 omnia
2262 1241 2340 1302 ad
2377 1243 2535 1302 hanc
2575 1241 3155 1322 coagmentationem
3192 1263 3357 1306 sanc-

451 1333 649 1384 torum
662 1368 681 1403 ‚
738 1322 816 1382 ad
877 1339 1029 1399 opus
1087 1323 1208 1382 hoc
1268 1320 1567 1398 ministerij
1582 1367 1599 1400 ,
1653 1324 1709 1382 &
1750 1323 1827 1382 ad
1866 1319 2339 1382 aedificationem
2382 1321 2652 1399 corporis
2692 1323 2910 1384 Christi
2949 1325 3326 1386 conferamus
3340 1370 3359 1405 ,

450 1402 645 1464 donec
702 1403 1025 1463 euehamur
1083 1405 1201 1462 vna
1262 1402 1341 1461 ad
1402 1401 1617 1462 iustam
1671 1401 1831 1461 illam
1886 1418 2225 1461 mensuram
2271 1399 2584 1479 spiritualis
2631 1413 2912 1482 staturae,
2973 1419 3154 1480 quam
3195 1407 3356 1466 Deus

449 1476 751 1543 Ecclesiae
822 1497 961 1541 suae
1022 1481 1083 1541 in
1143 1478 1381 1542 Christo
1434 1480 1806 1559 praeparauit
1862 1479 2364 1558 gloriosissimam.
2445 1481 2641 1542 Huius
2700 1482 2858 1543 enim
2919 1493 3187 1562 respectu
3247 1485 3358 1545 Ec-

449 1561 629 1623 clesia
685 1571 813 1622 tota
826 1605 843 1636 ,
894 1577 1047 1638 quae
1096 1577 1315 1638 corpus
1356 1571 1445 1621 est
1483 1559 1728 1641 Christi,
1769 1559 2077 1638 plenitudo
2117 1564 2210 1621 vel
2250 1562 2752 1638 complementum
2793 1561 2972 1641 ipsius
3012 1564 3358 1641 appellatur.

452 1643 669 1719 Ephes.
718 1661 742 1699 1
755 1686 770 1701 .
812 1642 888 1700 ὣ·
929 1660 985 1714 4.
1046 1642 1244 1718 Atque
1282 1641 1431 1702 haec
1471 1639 1712 1718 quidem
1753 1639 1943 1719 gloria
1983 1649 2071 1701 est
2110 1640 2468 1717 amplissima
2482 1686 2500 1720 ,
2540 1658 2722 1720 quam
2751 1643 2926 1703 nobis
2957 1645 3144 1704 verbo
3165 1644 3360 1704 Theo-

454 1720 647 1800 logiae
686 1737 828 1782 suae
870 1719 1151 1781 reuelauit
1192 1722 1385 1798 DeuS,
1426 1723 1481 1781 &
1520 1720 1733 1781 virtute
1769 1719 2004 1798 spiritus
2049 1719 2138 1780 sui
2178 1731 2690 1783 consummaturus
2731 1733 2819 1783 est
2833 1768 2851 1801 ,
2891 1722 3055 1813 quod
3095 1721 3362 1784 Christus

450 1800 549 1861 ille
609 1811 881 1861 aeternus
948 1799 1063 1860 Dei
1116 1798 1267 1860 filius
1280 1845 1299 1877 ‚
1349 1799 1413 1860 in
1454 1817 1575 1879 quo
1617 1802 1793 1860 Pater
1830 1799 2019 1862 voluit
2060 1800 2326 1861 habitare
2366 1820 2607 1863 omnem
2648 1802 3076 1879 plenitudinem
3114 1801 3365 1864 Deitatis

454 1879 837 1958 corporaliter
851 1925 870 1960 ‚
922 1888 1149 1940 tantam
1186 1878 1499 1940 nobiscum
1540 1879 1812 1959 dignatus
1852 1889 1941 1941 est
1981 1879 2466 1942 communionem
2506 1891 2790 1960 statuere,
2831 1881 3036 1943 diuino
3075 1881 3369 1943 beneficio

456 1977 564 2021 suo
578 2004 596 2038 ,
656 1970 721 2020 vt
770 1977 885 2020 nos
936 1959 999 2019 in
1036 1959 1167 2037 ipso
1217 1962 1622 2037 compleamur
1636 2004 1654 2038 ,
1704 1959 1807 2037 qui
1858 1969 1948 2020 est
1998 1970 2177 2037 caput
2216 1960 2410 2021 omnis
2451 1961 2677 2041 imperii
2717 1972 2893 2040 atque
2933 1961 3274 2042 potestatis3
3313 1964 3368 2023 &

454 2037 715 2100 vicissim
772 2038 899 2117 ipse
955 2037 1018 2099 in
1076 2038 1251 2100 nobis
1309 2041 1813 2118 complementum
1866 2057 2040 2101 suum
2090 2038 2356 2100 obtineat
2404 2040 2466 2101 in
2504 2061 2576 2102 ea
2613 2040 2804 2121 gloria
2844 2058 3024 2121 quam
3062 2043 3366 2104 aeternum

458 2119 605 2198 sibi,
644 2123 699 2180 δε
740 2118 914 2180 nobis
953 2119 1014 2178 in
1054 2138 1119 2180 se
1157 2129 1610 2180 consematurus
1650 2128 1759 2180 est.

536 2200 707 2274 Quae
766 2201 905 2259 cum
964 2197 1043 2258 ita
1106 2199 1253 2278 sint,
1305 2198 1653 2276 sapientiam
1707 2199 1869 2259 illam
1920 2199 2234 2259 salutarem
2249 2243 2267 2276 ‚
2317 2215 2498 2277 quam
2536 2201 2929 2278 Theologiam
2969 2201 3332 2279 appellamus
3347 2245 3366 2280 ‚

460 2278 697 2339 maximi
757 2283 793 2339 a
852 2277 1027 2340 nobis
1087 2276 1215 2339 fieri
1270 2297 1513 2340 necesse
1566 2287 1685 2358 est,
1734 2282 1789 2338 δε
1839 2278 2071 2358 insigne
2122 2277 2268 2339 illud
2320 2277 2596 2357 Apostoli
2634 2284 2970 2359 exemplum
3011 2279 3186 2342 nobis
3222 2291 3362 2342 ante

458 2361 667 2420 oculos
726 2357 1126 2420 indesinenter
1183 2357 1431 2440 versari3
1482 2368 1547 2419 vt
1587 2358 1853 2419 dicamus
1893 2374 2032 2419 cum
2079 2377 2153 2419 eo
2201 2377 2410 2419 omnes
2450 2367 2614 2420 certa
2653 2357 2886 2436 spiritus
2924 2359 3361 2421 testificatione:

457 2440 627 2515 Quae
689 2437 834 2500 mihi
896 2449 1062 2500 erant
1118 2440 1287 2500 lucro
1302 2484 1319 2519 ‚
1372 2458 1443 2499 ea
1494 2437 1624 2499 dixi
1663 2439 1946 2500 damnum
1990 2458 2117 2500 esse
2157 2449 2401 2531 propter
2441 2439 2759 2501 Christum.
2800 2439 2945 2537 quin
2984 2437 3163 2500 etiam
3202 2445 3362 2503 certe

457 2520 617 2580 duco
666 2518 867 2579 omnia
916 2520 1199 2579 damnum
1238 2538 1368 2581 esse
1404 2530 1649 2597 propter
1688 2518 2065 2581 eminentiam
2104 2517 2460 2599 cogmtionis
2499 2518 2718 2580 Christi
2756 2524 2891 2581 Iesu
2929 2517 3176 2581 Domini
3215 2520 3364 2599 mei3

457 2608 699 2677 propter
739 2616 917 2677 quem
959 2598 1234 2661 omnibus
1273 2597 1397 2659 istis
1443 2600 1651 2677 rebus,
1694 2616 1841 2677 quas
1878 2601 2136 2661 mundus
2176 2600 2349 2679 colit,
2389 2598 2682 2677 meipsum
2711 2601 2934 2680 mult03
2964 2605 3180 2677 easque
3202 2600 3362 2661 duco

454 2698 566 2771 pro
626 2678 1011 2755 stercoribus,
1068 2690 1134 2739 vt
1192 2677 1411 2739 Christi
1464 2681 1697 2740 lucrum
1754 2679 1997 2758 faciam,
2048 2683 2103 2740 &
2142 2678 2474 2757 comperiar
2512 2678 2573 2740 in
2615 2697 2690 2740 eo
2729 2698 2854 2740 non
2895 2680 3123 2740 habens
3165 2697 3360 2739 meam

457 2757 734 2819 iustitiam
789 2776 941 2837 quae
979 2760 1046 2819 fit
1082 2778 1158 2819 ex
1194 2757 1473 2837 operibus
1488 2804 1504 2832 ,
1546 2760 1651 2819 sed
1690 2777 1843 2837 quae
1880 2779 1988 2837 per
2024 2760 2206 2820 fidem
2247 2758 2494 2820 Christi:
2537 2758 2824 2820 Iustitiam
2838 2804 2856 2838 ‚
2897 2757 3140 2835 inquam
3156 2803 3174 2834 .,
3211 2774 3364 2835 quae

460 2857 535 2899 ex
571 2841 707 2899 Deo
747 2848 838 2899 est
873 2839 935 2900 in
974 2839 1121 2919 fide3
1162 2849 1228 2899 vt
1269 2857 1631 2917 cognoscam
1672 2856 1809 2899 eum
1825 2884 1842 2917 ,
1876 2842 1932 2900 δι
1952 2838 2074 2899 vim
2095 2838 2536 2900 resurrectionis
2555 2838 2770 2918 ipsius,
2802 2842 2858 2901 δι
2877 2836 3363 2900 communionem

458 2916 851 2996 perpessionis
913 2918 1125 2999 ipsiuS,
1185 2919 1329 2979 dum
1386 2918 1710 2979 conformis
1749 2920 1829 2979 fio
1870 2918 2052 2997 ipsius
2091 2918 2299 2999 morti3
2339 2917 2390 2979 si
2428 2936 2549 2995 quo
2593 2918 2778 2980 modo
2819 2928 3208 2997 peruenturus
3247 2918 3361 2978 sim

459 2998 538 3057 ad
595 2997 1085 3059 resurrectionem
1142 3007 1540 3077 mortuorum,
1598 2998 1659 3059 in
1718 3016 1895 3077 quam
1957 2998 2225 3060 Christus
2264 2998 2513 3075 praeiuit
2551 2998 2726 3060 nobis
2764 2998 2843 3058 ad
2885 2996 3360 3059 iustificationem

460 3087 745 3137 nostram.
786 3080 1005 3157 Philqp.
1044 3099 1103 3156 3.
1149 3096 1203 3153 7.
1244 3082 1301 3138 8.
1341 3080 1397 3139 δι
1436 3098 1491 3140 c.
1532 3081 1697 3139 Deus
1737 3078 1835 3139 ille
1856 3078 2151 3158 optimus,
2185 3077 2508 3157 maximus,
2541 3078 2644 3155 qui
2663 3075 2846 3138 filium
2865 3094 3036 3138 suum
3057 3086 3361 3138 aeternum

463 3159 660 3217 Iesum
701 3157 997 3218 Christum
1039 3157 1431 3219 redemtorem
1470 3168 1737 3219 nostrum
1776 3159 1979 3239 genuit
2017 3158 2398 3237 generatione
2435 3169 2702 3232 aeterna,
2741 3159 2797 3217 δι
2829 3157 3362 3236 praedestinatione

463 3246 703 3297 aeterna
759 3236 933 3299 nobis
993 3238 1344 3315 sanctificat,
1384 3248 1448 3298 vt
1486 3238 1560 3299 sit
1598 3237 1883 3317 sapientia
1898 3284 1915 3317 ,
1952 3237 2199 3315 iustitia,
2241 3237 2624 3299 sanctificatio
2665 3240 2720 3298 &
2763 3237 3088 3316 redemptio
3128 3246 3362 3318 nostra3

460 3315 619 3377 idern
676 3336 788 3377 nos
846 3334 1087 3396 quoque
1128 3317 1331 3395 spiritu
1372 3318 1555 3379 donet
1594 3317 1913 3396 sapientiae
1930 3366 1948 3397 .‚
1987 3329 2051 3378 vt
2089 3317 2300 3379 virtute
2341 3316 2521 3395 ipsius
2560 3316 2940 3395 proficientes
2981 3317 3044 3378 in
3083 3317 3366 3379 thesauris

462 3396 806 3457 salutaribus
869 3397 1039 3458 huius
1079 3396 1433 3476 cognitionis
1477 3400 1533 3459 δι
1573 3398 1891 3476 sapientiae
1930 3414 2314 3477 augescamus
2351 3396 2412 3458 in
2456 3396 2738 3458 vnitatem
2777 3397 2917 3458 fidei
2954 3399 3009 3458 &
3048 3396 3364 3476 agnitionis

462 3473 670 3555 ipsius,
729 3477 925 3538 donec
971 3476 1295 3538 efficiamur
1332 3477 1423 3538 vir
1458 3480 1751 3555 perfectus
1789 3479 1867 3538 ad
1908 3478 2120 3539 iustam
2161 3494 2496 3539 mensuram
2534 3475 2686 3538 illius
2725 3487 2978 3539 stamrae
2993 3522 3013 3557 ,
3050 3492 3204 3554 quae
3243 3496 3364 3537 am-

459 3553 783 3631 plissimum
845 3556 990 3617 illud
1049 3574 1265 3635 corpus
1316 3578 1387 3618 ac
1426 3556 1914 3637 gloriosissimum
1975 3560 2146 3620 decet
2185 3558 2244 3619 in
2284 3556 2521 3620 Christo
2562 3560 2694 3618 Iesu
2732 3558 2926 3636 capite
2967 3561 3023 3620 δι
3062 3566 3362 3618 sematore

459 3646 664 3697 nostro
704 3637 783 3698 ad
821 3636 1071 3715 gloriam
1111 3636 1309 3715 ipsius.
1369 3639 1584 3699 Amen.
1627 3640 1693 3714 (f.
1740 3641 1937 3715 1424.)
