3923 4875
696 358 814 431 438
1758 370 2172 415 naaincr
2231 370 2448 415 raas
2509 370 2551 415 1.

686 534 745 593 ἃ
792 531 854 594 in
900 532 1173 595 secundis
1222 532 1647 611 profitebimur.
1702 532 1825 593 Hic
1866 532 2020 595 ordo
2061 535 2286 594 formae
2326 530 2478 595 illius
2519 542 2839 625 externae,
2881 552 3072 611 quam
3115 533 3186 594 in
3231 532 3592 595 Catholim
3633 532 3686 593 ἃ

688 612 1021 674 Christiana
1055 612 1326 675 Ecclesia
1358 632 1593 693 semper
1630 631 1781 693 opus
1820 626 1908 674 est
1948 612 2294 674 obseruari:
2335 632 2408 673 ac
2439 622 2758 692 propterea
2780 613 3404 675 circumstantiarum
3431 632 3686 693 quoqne

686 712 814 753 non
852 692 1205 773 negligenda
1242 693 1393 755 ratio
1408 741 1425 772 ,
1487 711 1639 772 quae
1680 694 1759 754 ad
1796 694 2008 755 harum
2045 712 2244 755 rerum
2284 694 2766 755 obseruationem
2809 692 2942 754 sine
2985 692 3266 755 vanitate
3315 706 3430 755 aut
3477 712 3680 773 super·

688 772 925 835 stitione
965 774 1353 836 commodare
1392 786 1659 853 possunt.

773 856 967 930 Atque
1006 856 1157 915 haec
1196 856 1439 933 quidem
1479 853 1680 915 omnia
1702 852 2038 931 vbicunque
2057 873 2186 917 esse
2204 851 2758 931 animaduertimus,
2799 850 2884 915 ibi
2908 853 3330 932 cogitandum
3355 867 3454 914 est
3477 856 3676 915 Deum

688 932 1018 994 Ecclesiam
1078 950 1243 994 suam
1298 934 1599 1013 statuisse3
1653 934 1717 995 id
1758 944 1849 995 est
1890 936 1945 995 δι
1988 942 2356 1012 praesentem
2399 952 2530 994 esse
2571 932 2854 1012 singulari
2893 933 3250 1013 praesentia
3293 934 3546 1013 gratiae
3563 980 3582 1011 ,
3619 938 3672 995 ar

688 1014 945 1075 formam
984 1014 1277 1075 internam
1316 1026 1494 1093 atque
1534 1014 1907 1075 essentialem
1945 1013 2248 1075 Ecclesiae
2289 1012 2374 1073 illi
2414 1034 2487 1074 ac
2528 1012 2809 1075 membris
2843 1012 3000 1075 illius
3020 1012 3245 1075 indere
3269 1034 3356 1073 ex
3381 1014 3669 1093 benepla-

688 1094 809 1154 cito
852 1094 1165 1155 voluntatis
1204 1112 1363 1156 suae.
1402 1094 1585 1170 Quod
1612 1093 1661 1154 si
1702 1096 1850 1155 haec
1892 1095 2095 1155 omnia
2127 1114 2248 1155 non
2283 1104 2632 1171 comparent
2669 1093 2842 1154 simul
2883 1096 2946 1155 in
2985 1112 3063 1155 eo
3107 1106 3310 1155 coetu
3359 1095 3450 1154 ad
3493 1112 3668 1172 quem

690 1172 1064 1251 respicimus,
1108 1186 1307 1233 tamen
1349 1194 1471 1236 non
1513 1173 1911 1237 existimamus
1952 1176 2176 1236 temere
2218 1172 2568 1235 sententiam
2609 1173 2893 1235 aduersus
2935 1175 3124 1235 vnum
3171 1173 3328 1235 ferri
3356 1186 3664 1253 oportere,

688 1258 975 1331 tanquam
1024 1254 1075 1314 si
1122 1258 1159 1315 a
1198 1256 1331 1315 Deo
1382 1255 1614 1315 abesset
1654 1256 1828 1333 plane
1868 1254 1972 1333 qui
2011 1255 2179 1317 abest
2218 1256 2256 1314 a
2295 1252 2518 1315 iudicio
2558 1262 2782 1315 nostro.
2827 1254 2998 1317 Serui
3037 1254 3232 1315 alieni
3277 1266 3472 1333 sunt,
3519 1254 3664 1315 illins

690 1332 963 1412 Domini,
1005 1334 1109 1413 qui
1149 1336 1203 1395 δι
1252 1354 1365 1395 nos
1406 1338 1461 1395 δι
1500 1333 1647 1395 alios
1688 1335 1745 1395 δι
1784 1332 1917 1395 illos
1960 1334 2125 1411 ipsos
2163 1332 2414 1395 redemit
2456 1333 2740 1413 sanguine
2781 1334 3046 1411 pretioso
3091 1352 3258 1394 suo:
3307 1334 3451 1395 siue
3495 1346 3660 1411 stent,

691 1413 815 1474 siue
874 1414 1128 1491 cadant,
1181 1424 1337 1475 stant
1397 1415 1452 1474 &
1488 1412 1711 1475 cadunt
1748 1414 2014 1475 Domino
2054 1432 2180 1475 sue.
2222 1415 2317 1474 Ac
2353 1416 2672 1491 propterea
2710 1413 2994 1493 fugienda
3033 1413 3225 1475 nobis
3273 1426 3436 1475 sunt
3479 1420 3656 1493 qu'am

692 1491 1135 1571 diligentissime
1192 1512 1594 1573 praepropera
1652 1493 1753 1555 ina
1792 1492 2031 1573 iudicia,
2075 1494 2290 1572 quibus
2327 1493 2424 1571 alij
2464 1494 2614 1555 alios
2653 1494 2784 1572 plus
2825 1494 2968 1555 satis
3007 1492 3293 1555 irritante
3339 1496 3574 1555 Satana
3609 1496 3660 1553 ἃ

694 1572 921 1633 mundo
978 1573 1405 1651 applaudente,
1468 1574 1813 1635 infestamus
1871 1584 2052 1653 atque
2090 1572 2468 1635 offendimus.
2531 1573 2695 1650 Quid
2736 1570 2935 1635 enim?
2975 1594 3054 1634 an
3099 1573 3424 1637 continuo
3467 1574 3658 1652 siquid

692 1654 919 1713 formae
970 1652 1125 1713 illius
1182 1664 1457 1714 externae
1508 1655 1703 1731 deest,
1756 1672 1937 1733 quam
1993 1653 2456 1731 circumscripsit
2505 1654 2804 1731 Ptopheta
2855 1654 2948 1715 his
3001 1654 3209 1715 verbis
3223 1701 3244 1731 ,
3311 1655 3654 1734 legitimum

690 1733 948 1794 futurum
987 1744 1107 1811 est,
1146 1732 1371 1795 alienos
1410 1736 1488 1795 ab
1528 1735 1757 1795 interna
1777 1732 2085 1796 Ecclesiae
2105 1736 2296 1797 forma
2315 1746 2646 1795 conuentus
2667 1732 2800 1795 illos
2819 1746 2922 1795 aut
2941 1736 3154 1795 fratres
3175 1735 3328 1797 illos
3349 1732 3656 1796 iudicare?

688 1816 745 1874 ὅτ
788 1824 981 1873 tamen
1022 1812 1199 1891 (proh
1240 1814 1433 1875 Deum
1474 1814 1897 1892 immortalem)
1934 1825 2154 1890 quotus
2193 1814 2442 1892 quisque
2479 1816 2600 1875 hoc
2640 1825 2908 1892 tempore
2945 1825 3033 1875 est
3047 1812 3084 1894 ,¹
3099 1814 3210 1891 qui
3233 1816 3408 1877 serio
3433 1814 3654 1893 cogitet

686 1892 764 1953 de
805 1890 1195 1971 impediendis
1233 1902 1335 1953 aut
1373 1892 1705 1955 inhibendis
1738 1892 1970 1955 iudiciis
2004 1894 2130 1955 eius
2151 1890 2364 1955 modi?
2402 1893 2868 1973 quotusquisque
2889 1914 3014 1955 non
3035 1894 3388 1955 effimditur
3407 1896 3474 1956 in
3497 1914 3652 1955 acer·

687 1971 927 2033 bissima
976 1972 1462 2052 seuerissimaque
1480 1972 1729 2051 iudicia,
1772 1972 2163 2053 cogitatione,
2203 1974 2433 2053 animo,
2453 1992 2760 2052 sermone,
2781 1974 3274 2051 scriptis3i1sque
3297 1994 3438 2036 non
3461 1977 3650 2035 solnm

691 2050 961 2131 priuatim
1004 2053 1481 2132 communicatiS,
1522 2052 1628 2115 sed
1668 2054 1847 2115 etiam
1888 2054 2129 2133 publice
2169 2054 2231 2115 in
2269 2056 2464 2115 lucem
2505 2054 2656 2115 datis
2697 2053 2956 2115 maximo
3000 2054 3326 2115 Ecclesiae
3373 2053 3590 2115 malo?

768 2130 831 2193 Si
870 2134 1023 2194 forte
1064 2134 1125 2193 in
1164 2152 1279 2193 vna
1318 2134 1515 2212 aliqua
1555 2134 2024 2213 circumstantia,
2068 2144 2171 2195 aut
2209 2133 2388 2195 etiam
2427 2136 2610 2195 altera
2649 2133 2992 2211 pluribusne
3013 2180 3032 2211 ,
3097 2133 3387 2209 priuatus
3432 2135 3643 2211 aliquis

693 2212 1065 2291 dissenserit,
1104 2212 1155 2273 si
1194 2212 1373 2274 etiam
1413 2214 1653 2292 publica
1692 2214 2045 2275 auctoritate
2086 2214 2438 2293 instructus,
2479 2214 2528 2275 si
2567 2212 2838 2273 Ecclesia
2875 2232 3028 2293 vna,
3069 2214 3122 2274 si
3161 2216 3416 2293 plures,
3461 2215 3526 2275 in
3549 2214 3650 2275 cir·

692 2292 1084 2372 cumstantiiS,
1122 2292 1362 2372 ritibuS,
1402 2293 1791 2372 ceremoniis,
1830 2313 1955 2355 non
1997 2296 2172 2372 plane
2191 2292 2411 2355 iudicio
2433 2306 2669 2371 nostro,
2709 2304 2808 2353 aut
2828 2293 3102 2354 moribus
3123 2296 3636 2372 conformantur3

692 2370 955 2452 plerique
996 2392 1205 2433 omnes
1248 2374 1505 2435 clamant
1546 2376 1624 2433 de
1665 2374 1909 2454 pietate,
1949 2374 2028 2434 de
2069 2374 2504 2435 christianitate
2543 2384 2780 2435 actum:
2823 2384 3002 2452 atque
3043 2373 3278 2434 vtinam
3302 2376 3640 2436 clamarent

688 2455 904 2514 solum.
945 2455 1071 2514 Etsi
1110 2457 1399 2515 clamores
1434 2455 1685 2516 totidem
1725 2465 1862 2516 sunt
1904 2455 2115 2515 infesta
2149 2457 2299 2534 tela,
2336 2455 2549 2532 quibus
2589 2453 2999 2532 imperitorum
3033 2465 3276 2514 mentes
3315 2457 3642 2516 obfirman-

692 2545 814 2606 tur,
855 2536 912 2594 &
952 2534 1383 2595 labefactantur
1421 2535 1809 2595 infirmorum.
1853 2535 1974 2596 Sed
2005 2537 2144 2596 cum
2163 2535 2460 2596 accedunt
2481 2533 2904 2612 contumeliae,
2943 2531 3476 2612 proscriptiones,
3501 2555 3636 2596 con·

691 2611 1101 2674 demnationes
1163 2615 1217 2674 δι
1268 2614 1383 2674 alia
1432 2614 1495 2675 id
1546 2632 1732 2692 genus
1748 2659 1766 2692 ,
1816 2622 2097 2692 putasne,
2145 2613 2228 2675 mi
2273 2616 2494 2687 homo,
2547 2615 2691 2676 illud
2731 2612 3060 2674 institutum
3102 2617 3141 2673 a
3179 2614 3446 2676 Christo
3492 2635 3638 2692 esse,

694 2705 797 2753 aut
834 2697 871 2754 a
910 2693 1247 2755 Christiano
1288 2695 1378 2754 sui
1418 2705 1703 2772 compote
1742 2694 1985 2773 probari
2025 2691 2246 2770 posse?
2283 2715 2408 2755 non
2449 2693 2614 2754 vides
2658 2693 2800 2754 dum
2843 2692 3116 2754 ordinem
3151 2705 3491 2755 externum
3511 2713 3638 2774 pro-

691 2791 921 2852 pugnas
960 2774 1182 2914 xttlerbtg,
1224 2775 1481 2835 eundem
1522 2773 1793 2834 ordinem
1834 2777 1871 2834 a
1912 2787 1970 2835 te
2010 2773 2141 2852 ipso
2181 2785 2317 2835 ante
2359 2773 2590 2836 omneis
2628 2768 3002 2852 oppugnari?
3063 2774 3295 2835 destrui
3339 2777 3524 2852 quod
3561 2775 3636 2835 ais

692 2865 966 2914 exstruen
1012 2872 1111 2914 um

768 2933 885 2994 Sed
945 2934 1091 3010 quid
1138 2933 1185 2994 si
1226 2953 1319 2994 res
1358 2933 1597 3012 grauior
1642 2933 1745 3011 sit,
1798 2937 1978 3011 quam
2022 2953 2174 3012 quae
2213 2934 2302 2994 his
2342 2931 2791 2994 circumstantiis
2831 2931 3049 2994 debeat
3091 2931 3460 2994 accenseri?
3501 2954 3628 2994 nam

690 3011 1261 3074 circumstantiarum
1316 3015 1483 3074 locus
1534 3024 1867 3091 postremus
1918 3023 2028 3075 est.
2089 3015 2252 3092 Ergo
2305 3013 2450 3090 quid
2503 3012 2554 3073 si
2607 3012 2668 3072 in
2721 3011 3088 3088 actionibuS,
3139 3025 3248 3072 aut
3291 3013 3360 3075 in
3403 3015 3630 3076 ratione

690 3111 1076 3170 personarum
1138 3093 1667 3172 vocationumque,
1727 3105 1829 3154 aut
1888 3093 1947 3154 in
1989 3094 2118 3173 ipsa
2157 3104 2397 3154 externa
2437 3096 2628 3154 forma
2667 3109 2788 3152 non
2831 3091 2903 3152 sit
2943 3091 3376 3154 conuenientia
3393 3141 3414 3172 ,
3459 3113 3628 3172 quam

687 3183 961 3250 oporteat
1003 3170 1175 3234 esse?
1214 3172 1409 3234 Etiam
1446 3171 1543 3234 hic
1584 3173 1863 3250 suspendi
1906 3173 2085 3252 cupio
2127 3175 2182 3234 81
2221 3172 2482 3235 inhiberi
2521 3171 2801 3233 iudicium
2843 3181 3134 3234 nostrum.
3177 3175 3346 3233 Nam
3391 3175 3482 3234 ad
3501 3175 3628 3234 acti·

690 3269 835 3313 ones
874 3253 1040 3329 quod
1093 3253 1327 3330 attinet,
1368 3271 1515 3330 quas
1554 3270 1809 3330 aequum
1850 3265 1939 3314 est
1977 3253 2161 3332 pluris
2201 3251 2328 3313 fieri
2361 3269 2543 3330 quam
2583 3251 3050 3312 circumstantias
3065 3297 3084 3330 ,
3125 3271 3227 3312 eas
3269 3251 3366 3314 sic
3391 3273 3436 3314 o

690 3331 751 3390 in
804 3332 1073 3408 personis
1128 3331 1531 3408 Ecclesiisque
1580 3333 1835 3409 expendi
1886 3343 1947 3393 vt
1985 3352 2108 3393 non
2148 3336 2463 3412 propterea
2501 3343 2920 3411 oppugnantur
2959 3332 3268 3394 Ecclesiae
3313 3334 3476 3412 Dei,
3517 3339 3624 3412 qua

693 3411 995 3471 Ecclesiae
1052 3423 1187 3472 sunt
1247 3414 1302 3473 δι
1360 3411 1583 3489 aliquid
1636 3412 1697 3472 in
1748 3413 1988 3474 Christo
2029 3413 2298 3474 obtinent
2338 3413 2607 3490 quamuis
2644 3409 2977 3472 actionibus
3018 3412 3217 3491 malis,
3253 3413 3624 3492 impietatem

694 3491 749 3550 δι
794 3489 1137 3552 iniustitiam
1186 3493 1361 3568 plane
1413 3489 1816 3553 redolentibus
1870 3492 2299 3554 circumfluant.
2339 3493 2466 3553 Erit
2506 3491 2747 3570 quidem
2787 3489 2915 3563 hic,
2959 3491 3092 3568 ille,
3131 3502 3309 3553 erunt
3353 3494 3622 3572 plerique

694 3569 767 3647 (si
819 3569 899 3630 ita
959 3571 1214 3646 videtur)
1270 3569 1466 3648 impiJ':
1514 3571 1623 3631 sed
1675 3582 1875 3633 tamen
1916 3572 2197 3652 tantisper
2236 3573 2380 3634 dum
2421 3573 2573 3634 ordo
2614 3569 2824 3648 aliquis
2865 3581 2986 3648 est,
3027 3572 3097 3649 (f.
3142 3577 3284 3649 71⁴)
3325 3577 3392 3634 δι
3435 3576 3622 3635 forma

692 3649 791 3711 illa
830 3661 1069 3711 externa
1108 3661 1438 3728 permanet,
1478 3668 1657 3728 quam
1700 3651 1895 3729 primo
1933 3654 2072 3713 loco
2115 3654 2447 3732 posuimus3
2491 3669 2638 3712 caue
2677 3651 2980 3712 Ecclesiae
3023 3671 3248 3713 nomen
3291 3653 3446 3714 huic
3489 3674 3620 3715 con·

692 3730 895 3790 uentui
942 3729 1264 3790 abiudices.
1321 3729 1380 3790 Si
1422 3729 1655 3808 feceris,
1698 3751 1821 3793 non
1862 3731 2002 3794 fecit
2043 3731 2339 3811 Christus,
2378 3751 2502 3794 non
2544 3731 2874 3810 Prophetae
2913 3729 2974 3790 in
3015 3731 3214 3810 prisca
3255 3733 3622 3796 Iudaeorum

693 3809 961 3870 Ecclesia
1015 3813 1179 3886 (nam
1234 3811 1290 3869 δι
1332 3808 1522 3870 Eliam
1563 3809 1782 3872 iudicio
1823 3829 1931 3872 suo
1977 3812 2292 3874 facientem
2333 3811 2637 3873 reuocauit
2673 3812 2860 3887 Deus)
2900 3829 3025 3872 non
3069 3812 3352 3889 Apostoli
3397 3814 3465 3874 in
3509 3827 3620 3876 tam

694 3889 893 3950 multis
932 3889 1213 3951 Ecclesiis
1254 3890 1498 3964 Christi,
1540 3908 1787 3968 quarum
1828 3893 2026 3954 vlcera
2065 3891 2410 3970 grauissima
2449 3891 3002 3952 animaduertebant
3017 3937 3035 3969 ,
3077 3903 3358 3952 curantes
3406 3897 3622 3955 malum

691 3970 916 4046 (quoad
966 3971 1091 4031 eius
1140 3969 1265 4030 fieri
1318 3973 1575 4048 poterat)
1640 3971 1949 4050 prudentia
1989 3973 2045 4032 δι
2083 3972 2368 4034 charitate
2403 3991 2540 4050 sua,
2581 3988 2705 4032 non
2745 3969 3094 4046 abijcientes
3133 3973 3482 4036 Ecclesiam
3525 3975 3620 4036 im·

690 4047 1051 4127 portunitate
1090 4060 1269 4127 atque
1308 4050 1673 4110 confidentia
1710 4051 2266 4130 imprudentissima.

770 4129 889 4188 Sed
928 4127 1070 4205 quid
1110 4129 1158 4189 si
1198 4129 1375 4190 etiam
1417 4127 1475 4189 in
1514 4129 1783 4207 personis
1820 4132 2211 4210 agnoscendis
2251 4141 2582 4192 conuentus
2621 4125 2817 4192 erret?
2856 4147 3063 4190 seruos
3107 4131 3222 4192 Dei
3259 4131 3324 4192 in
3351 4133 3620 4196 Ecclesia

690 4205 947 4284 legitime
999 4209 1303 4270 ordinatos
1352 4228 1473 4269 non
1528 4209 1851 4289 agnoscat?
1904 4210 2204 4290 illegitime
2246 4211 2551 4272 ordinatos
2590 4209 2806 4270 habeat
2845 4227 2958 4298 pro
2999 4209 3326 4288 legitimis?
3367 4215 3618 4294 denique

690 4288 1015 4348 Ecclesiam
1066 4307 1242 4348 vnam
1298 4301 1507 4348 contra
1560 4292 1808 4350 alteram
1858 4291 2158 4368 aedificet,
2209 4289 2331 4352 siue
2380 4289 2678 4352 haeretico
2717 4287 2912 4350 studio
2929 4333 2946 4364 ,
2989 4287 3122 4349 siue
3163 4292 3412 4354 feruore
3455 4295 3618 4356 schis-

690 4367 859 4432 matis
908 4363 1288 4430 ardescente?
1339 4387 1629 4452 pergraue
1677 4371 1919 4454 quidem
1958 4373 2079 4434 hoc
2119 4371 2374 4432 malum:
2417 4371 2520 4432 sed
2562 4381 2754 4432 tamen
2796 4387 2872 4434 ne
2915 4369 3026 4429 hos
3069 4370 3322 4447 quidem
3365 4375 3616 4438 maximo
