3923 4875
1435 276 1539 319 nr:
1599 276 1822 320 vana
1879 275 2415 323 THEOLOGIA.
3269 275 3339 337 55

446 434 720 493 volumus
756 432 1182 526 comprehendi
1219 452 1342 496 non
1381 436 1573 496 solum
1613 434 1947 514 quicquid'
1929 456 2051 498 lam
2081 455 2155 497 ex
2193 438 2352 497 facto
2392 454 2529 496 cum
2564 438 2741 497 rebus
2777 434 2987 497 creatis
3015 434 3340 527 communi-

448 522 648 573 catum
687 522 802 573 est:
843 513 948 574 sed
985 513 1162 575 etiam
1200 514 1482 593 quicquid
1520 532 1778 607 vnquam
1817 515 2241 577 communicari
2276 524 2473 593 potest
2510 532 2647 576 cum
2674 516 2849 577 rebus
2879 513 3121 593 creatis,
3140 515 3201 575 in
3220 516 3338 577 hoc

447 594 504 652 δι
543 592 602 653 ιιι
645 602 892 655 venturo
930 596 1154 655 seculo.
1210 596 1302 656 Ne
1342 596 1537 673 plura,
1573 594 1674 655 illa
1711 595 2043 687 Theologia
2081 596 2434 674 ἁρχὲτυπος,
2464 606 2554 656 est
2580 596 2759 656 totius
2778 594 3013 655 diuinae
3032 605 3153 654 tam
3173 614 3335 656 com-

446 670 815 731 municabilis
828 716 846 751 ,
887 691 1069 750 quam
1105 673 1379 765 propriae
1417 678 1473 736 &
1513 674 2083 737 incommunicabilis
2121 675 2439 753 sapientiae
2475 674 2755 736 infinitas:
2797 676 2969 735 Haec
3006 675 3337 766 Theologia

445 760 535 811 est
568 762 873 843 tamquam
911 770 1098 829 penus
1135 752 1500 834 plenissima,
1539 755 1618 815 de
1655 754 1938 817 infinitate
1975 754 2158 833 ipsius
2196 754 2356 845 apud
2386 757 2583 815 Deum
2602 754 2937 833 recondita,
2957 753 3151 815 omnis
3170 754 3333 833 spiri-

442 830 614 891 tualis
643 830 984 923 Sapientiae
1021 834 1078 893 δι
1117 800 1511 925 Inlligentiae:
1553 852 1628 893 ex
1665 852 1783 912 qua
1818 851 1977 926 penu
2018 854 2091 895 ac
2130 832 2491 910 plenitudine
2529 842 2876 926 promuntur
2905 834 3162 895 thesauri
3198 851 3335 894 cum

442 909 720 971 creaturis
775 916 814 971 a
865 914 1001 972 Deo
1055 912 1536 1004 communicandi
1566 932 1671 991 per
1707 914 1983 993 gratiam.
2038 915 2161 1004 Qui
2198 914 2452 974 thesauri
2491 916 2635 975 dum
2676 914 2739 975 in
2774 930 2931 992 penu
2964 926 3129 993 sunt,
3171 932 3332 974 com·

442 989 856 1052 municabiles·
900 992 1044 1052 dum
1081 991 1143 1053 ιιι
1181 993 1458 1054 creaturis
1500 1003 1635 1054 sunt
1648 1037 1667 1070 ,
1705 992 2123 1055 communicati
2160 995 2540 1085 appellantur.
2585 992 2995 1072 Quapropter
2977 1013 3038 1054 ιιι
3058 994 3336 1054 eumdem

442 1086 680 1147 quoque
719 1072 965 1134 modum
1002 1072 1393 1149 Theologiam
1429 1074 1757 1133 secundum
1795 1074 1940 1150 quid
1978 1072 2205 1134 definiri
2244 1076 2281 1131 a
2316 1072 2491 1134 nobis
2522 1092 2763 1135 necesse
2794 1083 2900 1135 est.
2929 1075 3099 1134 Thes.
3120 1091 3183 1133 x.
3223 1077 3343 1134 Est

441 1152 590 1209 enim
631 1152 771 1211 haec
820 1153 1142 1228 Theologia
1179 1153 1480 1232 Sapientia
1519 1173 1718 1213 rerum
1759 1156 1922 1213 diuin
1921 1172 2096 1213 arum
2135 1171 2261 1212 cum
2300 1156 2591 1213 creaturis
2610 1156 3024 1213 communicata
3028 1162 3151 1231 pro
3170 1156 3333 1213 modo

443 1232 724 1307 ipsarum.
793 1232 1261 1291 communicatur
1309 1241 1499 1293 autem
1553 1238 1784 1313 vnionc,
1836 1236 2081 1310 visione,
2122 1234 2177 1292 &
2215 1235 2583 1292 reuelatione.
2639 1237 2710 1293 In
2748 1234 2861 1294 hac
2900 1244 3095 1294 autem
3135 1233 3335 1295 defini·

439 1310 602 1369 tione
645 1309 903 1387 primum
939 1330 1064 1373 non
1103 1312 1264 1373 addo
1279 1357 1296 1388 ‚
1338 1321 1551 1385 totam,·
1589 1314 1727 1391 quia
1762 1278 2023 1391 partialis
2061 1322 2152 1371 est
2188 1314 2275 1389 (vt
2312 1313 2651 1389 loquuntur)
2684 1331 2916 1391 semper
2954 1313 3102 1373 haec
3140 1314 3336 1372 Theo-

441 1389 631 1467 logia,
691 1400 1097 1469 praeterquam
1144 1392 1207 1452 ιιι
1267 1392 1504 1453 Christo
1552 1395 1862 1454 Seruatore
1907 1402 2136 1453 nostro.
2194 1394 2502 1482 Praeterea
2542 1394 2608 1469 (f.
2655 1396 2849 1470 1383.)
2902 1411 3026 1452 non
3066 1390 3202 1453 dico
3217 1436 3235 1471 ,

439 1479 611 1548 ante,
649 1473 1198 1551 communicabilem,
1237 1473 1344 1533 sed
1379 1482 1542 1552 actu,
1582 1476 2087 1533 cotnmqucatam
2125 1470 2261 1549 quia
2300 1482 2427 1532 tum
2467 1473 2707 1533 demum
2736 1474 2801 1532 fit
2829 1470 2979 1532 illius
3006 1474 3335 1532 secundum

442 1514 611 1623 quid
638 1548 1050 1611 determinatio
1066 1596 1085 1628 ‚
1125 1568 1306 1628 quum
1347 1564 1435 1613 est
1473 1553 1910 1615 communicata
1945 1556 1985 1611 a
2023 1550 2308 1612 Domino.
2370 1554 2681 1613 Postremo
2722 1571 2835 1612 nec
2872 1550 3019 1611 illud
3056 1551 3335 1631 subiicio‚

433 1637 549 1703 pro
589 1631 1054 1689 communicantis
1099 1634 1302 1691 modo·
1275 1676 1295 1705 ‚
1341 1632 1446 1693 sed
1485 1642 1713 1693 tantum
1723 1643 1886 1712 ,pro
1915 1636 2181 1711 ipsarum
2223 1640 2631 1693 creaturarum
2670 1634 2869 1724 mod0,
2903 1648 3071 1707 quae
3075 1648 3339 1692 commu-

440 1706 799 1769 nicationem
851 1708 1182 1787 percipiunt
1219 1710 1390 1772 illius.
1429 1714 1486 1772 δι
1523 1713 1624 1773 hic
1662 1715 1878 1773 modus
1916 1713 2228 1804 quantulus
2266 1722 2382 1792 est,
2422 1714 2708 1791 obsecr0,
2748 1711 2796 1773 si
2837 1728 2974 1771 cum
3013 1712 3114 1771 illa
3148 1710 3337 1770 infmi-

439 1797 558 1847 tate
608 1806 732 1849 non
771 1788 910 1849 dico
948 1788 1128 1867 ipsius
1163 1790 1412 1851 Deitatis
1451 1793 1506 1849 δι
1548 1792 1873 1872 ἀρχετύπου
1913 1791 2067 1853 illius
2104 1757 2498 1870 Theologiae‚
2544 1792 2651 1853 sed
2691 1758 2870 1852 etiam
2908 1790 3145 1852 diuinae
3185 1790 3337 1851 illius

439 1882 654 1957 penus,
695 1880 874 1945 quam
914 1868 1098 1930 modo
1124 1870 1592 1963 attingebamus,
1635 1867 2048 1949 comparetur?
2106 1873 2305 1949 Atque
2342 1874 2491 1932 haec
2530 1874 2654 1933 duo
2684 1890 2903 1950 genera
2921 1870 3201 1949 deinceps
3222 1870 3337 1932 eui-

440 1946 672 2009 dentiae
729 1964 936 2008 caussa
994 1949 1170 2009 certis
1227 1949 1568 2041 nominibus
1619 1950 2087 2042 designabimus:
2142 1952 2311 2011 Prius
2360 1952 2602 2028 quidem
2616 1996 2635 2025 ,
2692 1950 3087 2030 Theologiam
3139 1950 3202 2010 in
3242 1970 3335 2031 se3

438 2026 732 2088 Posterius
771 2032 946 2105 vero,
983 2029 1377 2107 Theologiam
1417 2030 1479 2089 in
1518 2028 1782 2091 subiecto
1819 2039 2249 2108 nuncupantes.

517 2106 631 2167 His
691 2107 968 2169 omnibus
1025 2125 1343 2169 commune
1383 2108 1530 2171 illud
1567 2120 1684 2189 est,
1723 2110 1888 2186 quod
1925 2111 2283 2201 Sapientiam
2327 2127 2447 2169 csse
2483 2112 2763 2170 diuinitus
2804 2113 2926 2170 siue
2962 2113 3337 2171 communica-

439 2186 602 2245 bilem
655 2190 781 2247 siue
831 2191 1302 2249 communicatam
1351 2190 1754 2281 agnoscimus:
1795 2188 2011 2266 quibus
2048 2188 2242 2250 verbis
2278 2188 2629 2267 principium
2668 2189 2791 2251 eius
2832 2190 2895 2250 ιιι
2933 2193 3067 2251 Deo
3081 2233 3100 2269 ,
3140 2200 3337 2250 ortum

438 2268 475 2323 a
512 2267 676 2345 Deo,
715 2266 1249 2345 educationemque
1288 2266 1349 2360 ιιι
1389 2270 1508 2329 suis
1547 2267 1823 2330 subiectis
1861 2271 2360 2361 contemplamur,
2394 2270 2719 2330 secundum
2740 2269 3339 2330 communicationem

438 2310 676 2405 diuinae
712 2346 970 2408 Gratiae.
1027 2348 1208 2407 Hanc
1247 2346 1405 2409 enim
1447 2347 1801 2441 Sapientiam
1839 2351 2065 2409 Natura
2102 2348 2351 2410 subiecti
2386 2368 2499 2409 nec
2532 2348 2725 2410 fundit
2742 2349 3043 2409 actualiter
3063 2351 3151 2425 (vt
3170 2368 3336 2409 more

439 2425 922 2488 scholasticorum
979 2428 1211 2506 loquar)
1268 2448 1382 2489 nec
1431 2428 1613 2490 habet
1657 2426 1980 2490 virtualiter
2030 2431 2277 2507 (quanto
2326 2428 2521 2491 minus
2570 2428 2892 2491 formaliter
2907 2424 2953 2504 ι)
3010 2431 3140 2489 Nec
3178 2429 3337 2508 capit

437 2505 829 2582 potentialiter
867 2523 975 2568 suo
1021 2507 1268 2568 naturali
1304 2507 1556 2570 lumine:
1595 2509 1698 2570 sed
1736 2510 1902 2569 Deus
1940 2508 2069 2586 ipse
2107 2509 2256 2570 indit
2294 2511 2349 2570 δι
2388 2509 2630 2588 inspirat
2668 2509 2888 2570 lumine
2920 2526 3030 2571 suo
3063 2525 3337 2586 superna-

435 2584 640 2666 turali,
679 2585 736 2645 81
752 2585 958 2676 gratia
997 2587 1210 2648 educat
1246 2588 1323 2648 ad
1363 2588 1620 2680 gloriam
1653 2605 1848 2648 suam.
1890 2587 2165 2680 Denique
2205 2598 2427 2660 ortum
2470 2593 2525 2650 &
2563 2605 2906 2680 progressus
2919 2633 2937 2668 ,
2976 2591 3033 2649 δι
3073 2589 3333 2666 comple-

437 2674 700 2725 mentum
749 2665 928 2744 ipsius
976 2666 1268 2746 integrum
1310 2667 1422 2728 sibi
1461 2667 1751 2748 vindicat,
1788 2678 1856 2728 vt
1895 2667 2158 2746 quisquis
2196 2667 2509 2759 gloriatur,
2548 2671 2830 2761 glorietur
2868 2668 2926 2729 in
2967 2667 3251 2730 Domino.
3288 2685 3329 2728 1.

440 2745 704 2804 Corinth.
745 2764 795 2805 1.
837 2766 870 2823 3
883 2767 934 2806 1.
983 2747 1282 2807 Attributa
1323 2758 1523 2808 autem
1559 2713 1751 2809 huius
1768 2749 2137 2840 Tbeologiae
2178 2746 2431 2808 maxime
2468 2750 2547 2808 ab
2588 2749 2657 2810 iis
2697 2748 2931 2810 diuersa
2970 2758 3138 2827 sunt,
3179 2764 3333 2824 quae

437 2835 574 2884 ante
621 2825 988 2917 Tbeologiae
1041 2827 1126 2886 illi
1164 2827 1522 2906 archetypae
1563 2827 2007 2920 assignauimus.
2068 2829 2236 2889 Haec
2274 2827 2431 2888 enim
2470 2839 2667 2888 creata
2706 2840 2821 2909 est3
2860 2793 3173 2890 habitualis
3212 2839 3333 2907 est3

436 2922 546 2964 nec
597 2903 713 2965 nisi
764 2922 872 2966 suo
912 2907 1096 2966 modo
1135 2907 1435 2986 absoluta,
1485 2905 1675 2986 finita,
1715 2906 1998 2988 discreta,
2038 2906 2472 2998 communicata
2510 2908 2813 2986 diuinitus;
2855 2918 3156 2999 tamquam
3195 2926 3335 2968 vera

437 2994 714 3061 certaque
749 2983 948 3064 imago
987 2985 1174 3066 iuius,
1213 3002 1394 3063 quam
1417 2952 1788 3066 increatam,
1843 2953 2211 3048 essentialem
2264 2985 2388 3047 siue
2429 2989 2772 3068 formalem,
2799 2959 3301 3049 absolutissimam
3314 3032 3333 3064 ‚

436 3062 749 3144 infinitam,
815 3065 990 3126 simul
1029 3075 1260 3158 totam,
1302 3067 1358 3124 δι
1411 3031 2027 3128 incommunicabilem
2065 3085 2196 3128 esse
2235 3065 2563 3128 docuimus.
2624 3033 2837 3129 Creata
2875 3078 2992 3127 est·
3032 3085 3167 3126 nam
3208 3085 3331 3128 non

437 3153 528 3204 est
577 3143 874 3205 Creatoris
925 3144 986 3205 in
1026 3143 1191 3226 ipso3
1231 3109 1338 3207 sed
1377 3148 1416 3206 a
1451 3147 1733 3207 Creatore
1770 3155 1858 3207 est
1893 3145 1956 3206 in
1995 3146 2291 3226 subiect0,
2332 3148 2497 3224 quod
2532 3146 2755 3208 creauit
2794 3148 2941 3224 ipse.
2998 3145 3333 3206 Habitualis

439 3231 554 3283 est:
606 3242 744 3284 nam
793 3224 1023 3304 integro
1061 3191 1330 3286 subiecto
1376 3235 1571 3316 potest
1607 3226 1888 3288 accedere
1926 3245 2035 3303 per
2071 3225 2186 3286 Dei
2222 3167 2516 3306 Gratiam,
2558 3229 2614 3288 δι
2656 3227 2735 3288 de
2773 3228 2990 3288 eodem
3029 3225 3331 3286 discedere

437 3321 546 3380 per
581 3303 935 3365 uacuitatem
975 3305 1233 3367 Gratiae.
1292 3304 1569 3366 Similiter
1605 3307 1901 3367 Absoluta
1941 3315 2031 3366 est
2067 3305 2391 3366 secundum
2432 3325 2528 3380 se,
2564 3311 2619 3369 δι
2654 3307 2778 3368 eius
2797 3306 2895 3368 cui
2912 3307 3062 3368 inest
3082 3303 3331 3397 subiecti

439 3381 714 3462 modum,
753 3401 874 3444 non
907 3394 1106 3446 autem
1141 3387 1414 3446 absoluta
1453 3386 1778 3446 secundum
1815 3385 1977 3445 illam
2016 3383 2439 3462 perfectionem
2479 3387 2594 3448 Dei
2618 3387 2970 3480 longissime
3009 3383 3208 3446 omnia
3226 3403 3330 3460 per

439 3462 640 3522 omnia
677 3475 1078 3556 superantem.
1120 3464 1604 3542 quandoquidem
1643 3464 1953 3545 sapientia,
1994 3463 2257 3557 cognitio
2271 3510 2289 3546 ,
2330 3466 2387 3524 δι
2428 3465 2673 3527 scientia
2713 3466 2907 3527 omnis
2946 3464 3048 3525 vlli
3082 3482 3331 3540 cognos-

437 3541 594 3601 centi
650 3544 705 3602 δι
765 3542 972 3604 scienti
1025 3562 1151 3604 non
1207 3543 1358 3605 inest
1415 3544 1610 3624 aliter,
1669 3563 1848 3624 quam
1905 3563 2017 3623 pro
2068 3544 2248 3623 ipsius
2302 3545 2713 3622 cognoscentis
2752 3549 2808 3606 δι
2847 3543 3083 3639 scientis
3124 3542 3329 3604 modo.

435 3619 626 3682 Finita
675 3633 790 3683 est:
833 3624 969 3683 cum
1007 3642 1132 3685 non
1169 3627 1356 3700 aeque
1393 3643 1465 3684 ac
1503 3625 1703 3686 diuina
1739 3625 1841 3686 illa
1878 3624 2125 3686 omnino
2164 3627 2549 3703 protendatur
2586 3627 2665 3688 ad
2702 3626 2934 3704 omnia,
2974 3639 3163 3699 eaque
3200 3640 3327 3698 per-

433 3699 644 3783 tingat3
683 3703 791 3762 sed
830 3703 1054 3782 optime
1093 3702 1212 3764 suis
1251 3703 1463 3764 finibus
1499 3704 1574 3765 sit
1611 3705 2007 3783 limitibusque
2048 3704 2503 3797 circumscripta.
2543 3707 2671 3766 Nec
2710 3715 2835 3766 tota
2874 3705 3047 3766 simul
3080 3712 3199 3778 est,
3220 3702 3329 3762 sed

433 3783 490 3840 δι
525 3781 789 3872 partibus
827 3783 1133 3862 distincta,
1172 3786 1227 3844 &
1267 3784 1732 3845 successionibus
1769 3802 1967 3846 rerum
2004 3785 2174 3881 quasi
2214 3803 2322 3862 per
2364 3785 2525 3846 vices
2567 3788 2721 3847 vltro
2759 3785 3031 3859 citroque
3060 3799 3329 3842 comme-

433 3859 659 3920 antium
701 3861 940 3942 infesta,
980 3864 1036 3923 δι
1078 3827 1496 3924 mutationibus
1536 3881 1608 3924 ac
1647 3863 1834 3925 motui
1872 3851 2154 3926 obnoxii.
2214 3865 2309 3923 Ac
2347 3865 2597 3942 proinde
2636 3864 2826 3942 (quod
2863 3872 3166 3941 postremo
3187 3863 3329 3921 loco

432 3939 704 4032 diximus)
755 3943 912 4002 Tota
962 3961 1069 4020 per
1119 3952 1314 4021 partes
1349 3953 1438 4003 est
1477 3942 1985 4006 communicabilis
1998 3989 2015 4022 ‚
2056 3946 2113 4004 δι
2153 3962 2229 4004 ex
2269 3945 2427 4004 facto
2468 3943 2646 4004 etiam
2684 3962 2790 4021 per
2827 3951 3024 4021 partes
3063 3958 3334 4000 commu-

431 4019 628 4081 nicata
641 4065 660 4098 ‚
719 4032 896 4100 prout
953 4023 1147 4082 lucem
1206 4021 1524 4100 gratiosam
1585 4039 1749 4084 suam
1799 4024 1861 4083 in
1919 4027 2095 4085 rebus
2144 4022 2353 4084 creatis
2402 4022 2520 4084 suis
2558 4023 2683 4083 vult
2721 4026 2886 4083 Deus
2926 4020 3304 4084 membratim
3313 4064 3332 4097 ‚

433 4099 768 4162 successiue
809 4101 1282 4179 mutabiliterque
1321 4103 1662 4164 accendere

514 4180 773 4258 Cognito
815 4180 960 4256 quid
1000 4183 1075 4242 sit
1111 4182 1174 4243 in
1212 4199 1427 4259 genere
1466 4191 1676 4261 ectypa
1713 4183 1860 4244 haec
1899 4182 2256 4262 Theologia.
2296 4181 2413 4242 iam
2456 4183 2779 4262 quotuplex
2814 4182 3024 4243 eadem
3042 4179 3148 4259 sit,
3167 4178 3330 4240 vide·

433 4276 618 4320 amus.
679 4259 808 4320 Etsi
864 4270 1180 4339 antequam
1229 4261 1388 4321 istud
1442 4263 1822 4342 exponimus,
1875 4263 2210 4325 meminisse
2252 4263 2496 4324 velimus
2534 4265 2817 4324 Lectores
2858 4263 3047 4340 probe
3090 4225 3325 4398 diffine-

3196 4357 3325 4399 oms
