3923 4875
597 349 675 408 80
1546 360 1647 402 oz
1706 354 1929 403 vieini
1991 356 2529 404 rna-onoma,

600 523 735 583 Deo
789 519 1236 582 communicatis
1276 519 1569 580 asseritur.
1610 521 1718 580 Est
1755 520 1913 580 enim
1965 520 2260 580 rectitudo
2301 519 2519 598 duplex
2533 565 2550 600 ‚
2590 517 2715 579 siue
2758 523 3102 598 κατόρθωμα
3142 523 3198 580 &
3239 521 3500 581 officium

602 621 639 662 a
698 603 831 662 Deo
890 601 1091 679 generi
1146 602 1407 660 humano
1460 600 1871 660 constitutum:
1920 619 2137 678 vnum,
2188 619 2533 678 commune,
2587 601 2749 660 bona
2799 619 2872 658 ex
2925 611 3094 676 parte
3147 619 3285 660 cum
3327 603 3502 662 rebus

603 681 848 742 caeteris
896 697 1048 758 quae
1100 680 1161 740 in
1216 682 1330 740 hac
1382 678 1755 740 vniuersitate
1802 691 1968 760 sunt3
2007 698 2222 758 nempe
2263 679 2352 739 ius
2390 689 2660 758 naturae,
2701 679 2866 756 quod
2907 679 3190 742 docemur
3229 679 3502 742 instinctu

601 761 781 822 illius:
837 763 1107 822 Alterum
1121 806 1138 840 ,
1198 759 1492 838 singulare
1543 759 1787 820 humani
1837 759 2068 838 generis
2083 806 2101 840 ,
2150 763 2356 838 vtpote
2409 759 2575 836 quod
2628 760 2819 820 solum
2875 758 2953 818 ad
3005 759 3322 838 imaginem
3385 761 3502 822 Dei

602 851 863 902 creatum
920 852 1041 920 est3
1080 839 1170 900 ius
1211 859 1446 900 morum
1463 885 1481 918 ‚
1522 857 1627 901 seu
1674 843 1898 900 morale
1938 839 2184 900 dictum.
2241 841 2332 900 Ex
2371 838 2474 898 illo
2513 839 2638 900 iure
2676 840 2838 899 bona
2877 839 2933 897 δε
2973 842 3130 900 mala
3169 840 3500 900 secundum

602 931 902 1000 nattuam,
942 939 1017 980 ex
1055 922 1174 980 hoc
1212 921 1375 981 bona
1414 922 1471 978 δι
1509 921 1667 979 mala
1702 920 2028 980 secundum
2069 937 2263 980 mores
2277 965 2295 998 ,
2335 918 2400 978 id
2439 929 2557 998 est,
2599 917 2839 979 virtutes
2873 917 3132 998 vitiaque
3159 930 3500 980 censentur:

602 1003 711 1062 Illa
748 1005 786 1061 ὲ,
822 999 1114 1079 principio
1156 999 1489 1072 communi,
1531 999 1699 1076 quod
1733 1009 1977 1061 naturae
2015 999 2360 1060 instinctum
2397 1008 2496 1058 aut
2518 999 2882 1059 voluntatem
2902 1002 3230 1061 naturalem
3248 1011 3500 1080 vocant3

602 1083 751 1142 haec
807 1084 845 1140 a
902 1077 1196 1158 principio
1250 1077 1527 1158 singulari
1563 1079 1943 1158 internoque,
1985 1080 2151 1158 quod
2193 1088 2451 1139 mentem
2465 1121 2486 1156 ,
2523 1077 2588 1138 id
2627 1088 2742 1152 est,
2789 1077 3029 1138 rationis
3070 1079 3501 1159 voluntatisque

602 1163 829 1222 fontem
868 1160 1104 1238 dicunt,
1142 1157 1593 1238 proficiscentia.
1634 1160 1777 1219 Hoc
1816 1163 1957 1220 vero
1999 1159 2088 1219 ius
2131 1177 2366 1219 morum
2381 1203 2399 1237 ,
2439 1175 2562 1234 quo
2601 1157 2874 1218 homines
2915 1160 2993 1219 ad
3032 1160 3230 1220 Deum
3268 1168 3505 1238 oportet

602 1241 888 1302 accedere
902 1285 920 1314 .,
981 1242 1037 1300 &
1096 1257 1294 1300 sacrae
1350 1238 1640 1300 voluntati
1698 1237 1851 1317 eiuS,
1912 1243 2091 1317 quam
2141 1238 2392 1299 maxime
2442 1237 2568 1299 fieri
2609 1248 2807 1316 potest
2824 1283 2842 1316 ‚
2890 1239 3250 1300 conformari
3264 1285 3282 1318 ‚
3327 1240 3505 1300 Sacra

601 1319 935 1398 Theologia
972 1319 1217 1398 exponit
1256 1317 1707 1397 perfectissime3
1742 1319 2030 1378 naturalia
2067 1317 2354 1396 principia
2390 1317 2704 1379 vitiositate
2742 1329 2944 1380 nostra
2973 1319 3034 1380 in
3055 1319 3231 1380 nobis
3251 1321 3472 1380 obruta
3486 1363 3506 1398 ‚

604 1401 773 1476 quasi
814 1399 1111 1462 refodiens
1152 1402 1209 1458 δι
1250 1398 1615 1476 perfectione
1652 1397 1913 1478 donans3
1952 1397 2320 1476 gloriamque
2357 1398 2856 1474 supernaturalem
2897 1408 3059 1460 tanta
3094 1400 3228 1459 luce
3243 1444 3260 1478 ,
3299 1399 3418 1458 fide
3448 1399 3504 1457 δι

600 1479 815 1540 virtute
874 1498 1179 1558 exponens
1238 1489 1373 1539 ante
1432 1481 1642 1538 oculos
1688 1487 1951 1558 nostrOS,
2007 1489 2072 1538 vt
2122 1478 2268 1538 nihil
2307 1479 2388 1538 ad
2425 1479 2581 1537 hanc
2623 1477 2970 1556 sapientiam
3009 1488 3292 1540 caeterae.
3335 1480 3509 1539 Haec

606 1558 784 1636 igitur
836 1559 1162 1620 certissima
1200 1568 1288 1619 est
1332 1558 1575 1618 materia
1588 1603 1605 1636 ‚
1644 1557 1707 1616 in
1746 1574 1865 1634 qua
1902 1556 2236 1637 Theologia
2269 1567 2472 1618 nostra
2509 1559 2644 1618 Deo
2685 1569 2928 1619 auctore
2968 1560 3024 1618 δε
3062 1559 3216 1619 duce
3257 1575 3510 1635 occupa-

604 1648 728 1718 tur,
790 1642 847 1698 δι
903 1639 961 1698 in
1023 1657 1141 1716 qua
1154 1683 1171 1716 ‚
1233 1637 1281 1698 si
1340 1657 1451 1698 nos
1512 1637 1936 1714 occupabimus
1950 1683 1964 1710 ‚
2025 1659 2164 1699 vere
2221 1639 2488 1698 futurum
2549 1647 2665 1716 est,
2705 1647 2770 1697 vt
2809 1648 3030 1700 retecta
3067 1638 3220 1716 facie
3258 1637 3507 1716 gloriam

597 1718 845 1780 Domini
899 1729 1180 1796 tanquam
1236 1717 1297 1777 in
1357 1719 1598 1794 speculo
1640 1716 1959 1798 intuentes,
1999 1718 2061 1779 in
2123 1717 2394 1780 eamdem
2437 1715 2753 1796 imaginem
2767 1763 2784 1796 .,
2825 1728 3126 1797 tamquam
3164 1722 3202 1778 a
3241 1716 3507 1778 Domino

596 1797 803 1874 spiritu
840 1800 1347 1859 transformemur.
1392 1819 1423 1856 2
1474 1797 1613 1856 Cor.
1656 1816 1713 1872 3.
1763 1800 1857 1857 18.

1858 2034 2241 2044 ——ffl

1706 2242 2054 2303 CAPVT
2111 2243 2369 2302 XIIII

1402 2421 1500 2483 De
1541 2442 1723 2482 causa
1746 2421 2012 2499 formali
2057 2421 2120 2481 T
2105 2421 2404 2497 heologiae
2441 2429 2695 2483 nostrae.

670 2598 1009 2670 Posmvm
1068 2600 1223 2661 inter
1277 2618 1389 2660 nos
1434 2600 1513 2660 de
1555 2598 1923 2676 Theologiae
1963 2608 2198 2660 nostrae
2239 2598 2484 2659 materia
2521 2597 2825 2689 conuenit²
2865 2598 2944 2659 ad
2983 2614 3222 2658 causam
3261 2600 3506 2659 alteram

592 2678 885 2741 internam
946 2679 1070 2739 eius
1127 2680 1672 2757 recog-noscendam
1723 2678 2028 2740 veniamus
2067 2696 2310 2739 necesse
2351 2688 2469 2756 est,
2511 2688 2575 2738 vt
2613 2680 2983 2738 essentialem
3023 2678 3506 2738 constitutionem

598 2757 723 2819 eius
760 2764 925 2820 certo
967 2769 1286 2821 teneamus.
1327 2762 1418 2819 Ea
1458 2769 1652 2819 autern
1693 2769 1782 2819 est
1821 2760 2012 2820 forma
2026 2804 2044 2835 ,
2089 2758 2214 2819 sine
2255 2775 2374 2833 qua
2411 2757 2602 2818 omnis
2647 2757 2888 2818 materia
2929 2756 3095 2835 quasi
3131 2756 3356 2818 infinita
3388 2767 3506 2835 est,

592 2839 647 2897 &
689 2838 1122 2917 ἀκατάληπτος,
1166 2841 1223 2897 &
1262 2858 1369 2916 per
1406 2856 1586 2915 quam
1626 2838 1905 2899 materiae
1942 2836 2381 2917 superadditam
2423 2837 2507 2896 rei
2545 2847 2756 2897 natura
2794 2838 2919 2896 tum
2958 2836 3020 2896 in
3053 2856 3118 2896 se
3140 2836 3268 2915 ipsa
3285 2837 3506 2899 consti-

596 2916 778 2976 tuitur
794 2962 811 2995 ‚
871 2930 1000 2977 tum
1058 2920 1199 2977 vero
1254 2916 1575 2996 percipitur
1633 2916 1935 2978 intellectu
1995 2927 2220 2978 nostro.
2277 2918 2560 2977 Formam
2612 2916 2788 2995 igitur
2827 2915 3197 2994 Theologiae
3235 2918 3506 2977 absolute

594 2994 788 3055 dictae
825 2995 1029 3073 paucis
1068 2997 1265 3058 verbis
1305 2996 1843 3058 circumscribimus
1880 2998 1941 3058 in
1983 3000 2143 3058 hunc
2185 2997 2431 3057 modum
2446 3042 2463 3075 .,
2507 2997 2676 3056 Thes.
2709 2998 2864 3057 xxv.
2903 2998 3135 3056 Forma
3165 2998 3512 3073 Theologiae

597 3083 686 3133 est
730 3077 949 3134 veritas
989 3076 1193 3136 diuina
1203 3096 1229 3150 ;
1268 3096 1418 3154 quae
1452 3079 1515 3136 in
1566 3077 1882 3153 Theologia
1919 3078 2206 3155 bifariam
2244 3078 2686 3137 consideratur:
2725 3096 2862 3137 nam
2903 3085 3011 3135 aut
3045 3084 3194 3155 tota,
3231 3080 3328 3137 vel
3345 3088 3508 3156 pars

600 3154 774 3211 totius
811 3156 1013 3230 aliqua
1050 3158 1385 3235 simpliciter
1424 3162 1485 3215 in
1522 3175 1669 3234 sese,
1710 3167 1819 3217 aut
1838 3166 2052 3236 partes
2091 3160 2245 3217 aliae
2282 3176 2409 3215 cum
2448 3158 2583 3215 aliis·
2621 3158 2775 3216 inter
2801 3176 2863 3215 se
2893 3157 3335 3216 considerantur
3353 3159 3509 3216 iusta

596 3235 1048 3321 eomparatione.
1108 3235 1224 3295 His
1274 3238 1419 3311 au(f.
1477 3254 1587 3308 140
1592 3238 1798 3313 5.)tem
1848 3236 2047 3297 verbis
2085 3237 2207 3297 duo
2246 3236 2506 3296 breuiter
2543 3238 2581 3294 a
2625 3233 2802 3296 nobis
2843 3245 3248 3315 exponuntur,
3288 3234 3350 3294 in
3391 3236 3510 3295 hoc

595 3310 860 3369 instituto
900 3311 1300 3391 maximopere
1337 3314 1689 3374 necessaria:
1728 3317 1928 3375 Vnum
1969 3328 2084 3395 est,
2125 3333 2420 3392 quaenam
2459 3314 2534 3373 sit
2571 3313 2634 3373 in
2673 3315 2866 3393 seipsa
2885 3317 3111 3376 formae
3131 3314 3304 3375 huius
3321 3314 3506 3375 ratio=

596 3388 896 3479 Alterum,
956 3408 1107 3467 quae
1146 3393 1295 3454 ratio
1358 3392 1621 3453 eiusdem
1674 3394 1849 3455 nobis
1900 3395 2286 3472 exponendae
2303 3438 2320 3473 ,
2369 3396 2426 3453 δε
2479 3392 2924 3473 percipiendae,
2979 3396 3308 3455 secundum
3347 3394 3510 3453 illam

596 3466 970 3558 disciphnam
1010 3472 1321 3531 salutarem
1359 3489 1539 3550 quam
1579 3474 1744 3532 Deus
1780 3492 1889 3550 per
1926 3473 2174 3552 gratiam
2213 3472 2274 3533 in
2313 3470 2588 3533 homines
2628 3474 2904 3533 collatam
2945 3474 3152 3535 voluit.
3191 3472 3510 3534 Rationem

597 3556 773 3622 igitur
830 3544 1002 3607 huius
1052 3549 1374 3610 essentialis
1419 3553 1645 3610 formae
1686 3552 1998 3613 definimus
2031 3552 2291 3614 dicentes
2306 3598 2321 3623 ,
2352 3554 2570 3627 forma
2607 3560 2694 3613 est
2730 3555 2932 3611 diuina
2969 3557 3216 3615 veritas:
3261 3556 3509 3614 alterum

594 3625 798 3685 locum
836 3627 1214 3702 sequentibus
1255 3628 1447 3690 verbis
1488 3630 1856 3706 exponimus.
1895 3634 1990 3693 Ac
2029 3632 2336 3693 veritatem
2369 3629 2612 3706 quidem
2631 3631 3000 3709 Theologiae
3025 3634 3295 3694 absolute
3317 3633 3510 3693 dictae

600 3704 853 3763 formam
914 3706 1281 3768 essentialem
1344 3728 1473 3768 esse
1487 3752 1506 3786 ,
1546 3726 1725 3768 nemo
1762 3710 1855 3768 vir
1891 3710 2022 3788 pius
2061 3722 2154 3771 est
2188 3710 2588 3771 dubitaturus:
2625 3709 2676 3769 si
2715 3710 2956 3788 quidem
2995 3711 3234 3772 Christo
3275 3730 3508 3772 summo

600 3782 923 3859 prophetae
980 3789 1037 3845 δι
1086 3787 1339 3848 Doctori
1391 3798 1595 3847 nostro
1646 3788 1961 3849 crediderit
2000 3789 2221 3851 dicenti
2235 3836 2252 3869 ‚
2299 3790 2618 3862 Sanctifica
2659 3809 2754 3849 eos
2792 3793 3034 3852 veritate
3071 3800 3207 3851 tua:
3263 3792 3510 3851 Verbum

601 3868 758 3949 tau-m
798 3871 886 3921 est
919 3867 1156 3925 veritas.
1210 3868 1386 3927 Ioan.
1434 3884 1523 3941 17.
1573 3884 1664 3941 17.
1726 3867 1843 3927 Sed
1882 3869 2022 3946 quia
2058 3868 2314 3930 veritatis
2354 3886 2576 3929 nomen
2593 3914 2610 3947 ‚
2649 3870 2816 3945 quod
2853 3869 2916 3928 in
2957 3872 3136 3947 vulgo
3174 3870 3511 3947 promiscue

601 3937 813 4025 dlcitur
826 3984 845 4017 ‚
894 3960 1015 4031 non
1060 3953 1179 4004 tam
1230 3948 1415 4005 ferme
1453 3945 1792 4023 intelligitur
1829 3959 2028 4009 mente
2066 3953 2247 4026 quam
2287 3947 2690 4007 circumfertur
2727 3948 2790 4008 in
2827 3967 2933 4009 ore
2973 3949 3242 4009 omnium
3255 3996 3272 4029 ‚
3314 3950 3510 4010 decla-

602 4024 891 4076 ratlonem
932 4038 1055 4081 eius
1093 4022 1153 4081 in
1194 4025 1313 4083 hoc
1352 4034 1621 4101 tempore
1662 4024 1866 4102 paucis
1906 4028 2264 4089 adferemus·
2301 4025 2626 4085 Veritatem
2666 4026 2841 4105 igitur
2879 4026 3102 4104 optime
3118 4039 3346 4090 veteres
3370 4047 3509 4090 cum

600 4092 755 4150 Ente
771 4140 790 4171 ‚
834 4100 921 4183 (yt
958 4104 1199 4188 vocant)
1238 4102 1302 4162 id
1342 4114 1432 4164 est
1448 4148 1465 4179 .,
1507 4120 1645 4162 cum
1684 4123 1757 4163 eo
1799 4106 1966 4181 quod
2007 4117 2096 4166 est
2110 4152 2127 4185 .,
2169 4104 2438 4166 conuerti
2469 4105 2525 4163 δι
2557 4106 2922 4184 aequiparari
2939 4108 3505 4183 pronunciauerunt:

602 4186 743 4258 nam
784 4178 1068 4249 quicquid
1127 4191 1247 4259 est,
1288 4200 1361 4241 eo
1402 4182 1533 4259 ipso
1574 4184 1741 4257 quod
1780 4194 1897 4262 est,
1940 4203 2144 4245 verum
2193 4195 2306 4245 est:
2349 4185 2404 4243 &
2447 4194 2656 4243 contra
2696 4184 2982 4261 quicquid
3019 4204 3226 4247 verum
3271 4198 3393 4267 est,
3433 4207 3509 4248 eo

602 4265 733 4344 ipso
774 4258 889 4326 est,
926 4270 1048 4343 quo
1087 4276 1293 4318 verum
1332 4270 1438 4319 est.
1480 4262 1654 4319 Haec
1694 4260 1776 4320 ita
1812 4266 2145 4325 necessario
2187 4280 2419 4339 semper
2459 4262 2612 4322 inter
2651 4282 2715 4324 se
2755 4266 3076 4325 cohaerent
3089 4310 3106 4344 ‚
3141 4268 3512 4345 reciprocan-

600 4334 813 4403 turque
828 4370 845 4405 ,
908 4328 963 4385 81
1026 4342 1177 4393 mter
1236 4355 1299 4395 se
1338 4348 1707 4417 commeant,
1752 4350 1815 4399 vt
1857 4341 2006 4401 nihil
2045 4346 2220 4419 plane
2257 4343 2320 4402 in
2359 4358 2559 4400 rerum
2600 4353 2810 4403 natura
2823 4387 2842 4422 ,
2881 4354 2983 4403 aut
3021 4362 3199 4423 supra
3237 4358 3508 4407 naturam

3295 4426 3514 4485 adferri
