3923 4875
1389 361 1719 408 rueses
1779 359 2435 409 ratotoorcar..
3244 359 3355 424 ²15

444 535 602 604 tum,
657 525 740 587 ita
785 525 1142 586 vocabulum
1183 525 1427 586 Gratiae
1465 525 1653 586 modo
1691 527 1956 586 fauorem
1997 521 2109 584 Dei
2150 543 2291 601 erga
2330 521 2627 598 homineS,
2670 524 2782 582 Re.
2826 541 2883 598 3.
2922 523 2977 582 δι
3018 534 3143 584 tum
3180 525 3363 584 habet

442 606 734 668 rationem
799 624 1042 666 causae:
1102 622 1550 682 nonnumquam
1611 605 1918 682 qualitates
1978 622 2164 664 nouas
2224 624 2297 664 ex
2345 603 2449 663 illo
2501 601 2671 662 diuiti
2719 601 3159 664 misericordiae
3196 607 3361 664 fonte

441 687 712 763 fluentes,
769 685 1087 763 significat,
1127 687 1242 745 Ro.
1289 705 1378 745 12.
1427 688 1518 744 16.
1562 696 1686 744 tum
1727 689 1870 746 vero
1911 695 1974 744 vt
2014 685 2255 744 effectus
2294 683 2727 743 consideratur:
2770 701 2893 758 quo
2931 701 3107 744 sensu
3145 688 3181 744 a
3224 686 3357 745 foro

439 765 864 827 iustificationis
905 767 1224 842 relegatur,
1263 777 1328 825 vt
1369 785 1480 825 nec
1517 775 1760 844 propter
1799 767 1987 826 solam
2030 763 2427 824 inhaerentem
2449 761 2803 853 nouitatem,
2822 764 3167 844 necpartim
3192 764 3359 825 mise-

443 845 724 922 ricerdis,
767 845 982 924 partim
1023 845 1228 906 infusis
1267 845 1444 905 donis
1483 844 1884 906 iustificemur.
1923 843 2051 904 Etsi
2090 843 2249 904 enim
2288 862 2411 904 non
2453 854 2701 921 possunt
2738 841 2969 920 druelli,
3007 861 3145 903 cum
3168 845 3361 906 omnis

443 925 852 986 reconciliatus
909 924 984 986 sit
1034 924 1212 985 etiam
1267 935 1582 986 renouatus
1597 971 1614 996 ,
1663 936 1912 1004 possunt
1961 935 2161 984 tamen
2200 924 2255 982 &
2297 924 2517 984 debent
2557 921 2835 1000 disfingui
2850 968 2867 1000 ,
2906 939 3045 983 cum
3086 934 3249 984 tanta
3288 925 3361 984 sit

443 1007 870 1084 ἀντιδιαίρεσις
929 1005 1150 1083 gratiae
1204 1006 1258 1065 δι
1301 1023 1584 1082 operum,
1623 1025 1746 1065 non
1787 1007 1980 1065 solum
2020 1022 2259 1078 eorum,
2300 1021 2452 1081 quae
2490 1005 2756 1063 naturale
2796 1000 3078 1064 iudicium
3120 1005 3361 1064 rationis

443 1085 567 1144 sine
619 1086 824 1162 spiritu
875 1084 1180 1164 producit,
1232 1085 1338 1146 sed
1389 1089 1500 1145 τῶν
1540 1087 1604 1146 ἐν
1643 1086 2025 1164 δικαιοσύνῃ,
2076 1085 2191 1144 Tit.
2236 1102 2291 1163 3.
2336 1101 2389 1161 5.
2432 1084 2487 1142 &
2528 1100 2682 1160 quae
2721 1093 2855 1144 sunt
2896 1085 3122 1144 fructus
3162 1103 3359 1145 nouae

442 1173 776 1241 creaturae,
816 1167 976 1245 Eph.
1021 1186 1073 1224 2.
1119 1169 1174 1226 8.
1213 1178 1276 1226 vt
1316 1165 1366 1226 si
1405 1164 1732 1226 iustificatio
1773 1167 1846 1224 sit
1885 1183 1960 1224 ex
1998 1163 2213 1242 gratia,
2256 1162 2404 1242 itaq3
2445 1182 2568 1224 non
2607 1182 2681 1224 ex
2720 1162 3015 1240 operibuS.
3046 1166 3161 1223 Ro.
3190 1185 3213 1222 1
3232 1185 3279 1225 1.
3302 1168 3360 1226 6.

443 1245 654 1304 eadem
710 1244 948 1324 insuper
993 1257 1084 1306 est
1123 1246 1310 1322 gratia
1350 1261 1468 1322 qua
1503 1245 1578 1304 sit
1615 1243 1948 1306 iustificatio
1990 1247 2047 1304 δι
2088 1242 2297 1304 electio
2340 1245 2418 1304 ad
2460 1242 2683 1320 ipsam,
2724 1260 2878 1320 quae
2918 1243 3199 1320 quoniam
3242 1263 3397 1306 non-

441 1323 850 1384 consideratur
889 1338 1055 1385 extra
1092 1327 1288 1386 Deum
1331 1324 1546 1385 dicitur
1589 1326 1716 1384 ἰδία
1759 1327 2073 1404 πρόθεσις,
2120 1323 2405 1400 quoniam
2447 1327 2592 1384 vero
2632 1341 2755 1382 non
2798 1333 2885 1382 est
2924 1323 3067 1400 quid
3104 1324 3362 1386 infusum

445 1402 506 1463 in
549 1415 819 1481 tempore
859 1404 1074 1467 dicitur
1114 1416 1368 1466 aeterna.
1415 1425 1466 1465 2.
1520 1407 1670 1464 Tim.
1719 1424 1769 1463 1.
1809 1425 1864 1482 9.
1908 1404 2139 1464 Contra
2179 1407 2319 1464 vero
2360 1403 2628 1464 habitum
2670 1401 3001 1481 charitatis,
3028 1421 3208 1480 quam
3242 1415 3382 1484 gra:

447 1482 588 1543 tiam
630 1496 864 1561 gratum
911 1485 1224 1546 facientem
1265 1496 1483 1547 vocant
1523 1483 1746 1545 inimici
1786 1485 2037 1562 gratiae,
2078 1501 2205 1544 esse
2246 1483 2475 1544 donum
2516 1501 2918 1560 consequens,
2959 1503 3084 1544 non
3106 1485 3369 1545 efficiens

445 1562 950 1642 iustificationem,
993 1565 1312 1627 ostendunt
1353 1565 1670 1642 particulae
1712 1563 2047 1624 exclusiuae
2086 1564 2308 1640 VniuS,
2346 1565 2463 1624 Re.
2507 1581 2561 1641 5.
2590 1580 2681 1644 ι5.
2726 1563 2954 1638 Gratis,
2995 1567 3165 1624 Rom.
3191 1585 3247 1642 3.
3275 1585 3370 1640 24.

445 1661 598 1718 quae
657 1645 980 1724 posterior,
1040 1645 1318 1724 opposita
1377 1645 1587 1706 merito
1640 1645 1696 1704 δι
1754 1643 2035 1704 solutioni
2074 1642 2277 1721 pretij,
2327 1645 2474 1704 Gen.
2518 1663 2611 1722 29.
2662 1663 2687 1702 ε
2697 1660 2751 1721 5.
2794 1647 2976 1705 Mate.
3023 1664 3113 1704 ro.
3150 1649 3208 1706 8.
3248 1646 3369 1706 duo

449 1723 892 1800 complectitur:
955 1743 1168 1800 vnum,
1230 1724 1292 1786 in
1343 1725 1720 1786 credentibus
1767 1741 1889 1784 non
1943 1741 2073 1784 esse
2114 1724 2564 1784 fundamentum
2580 1769 2598 1801 ,
2637 1722 2805 1784 cuius
2844 1735 3117 1817 respectu
3156 1724 3373 1788 iustitia

450 1803 528 1863 ad
583 1804 830 1864 salutem
867 1804 1210 1882 imputetur:
1253 1809 1502 1866 alterum
1519 1851 1535 1876 ,
1577 1815 1822 1882 propter
1859 1815 2104 1864 naturae
2144 1803 2493 1882 prauitatem
2534 1821 2739 1864 verum
2780 1815 2987 1864 mortis
3028 1805 3371 1867 fundamen-

454 1893 580 1944 tum
627 1885 682 1944 &
723 1901 963 1946 causam
1003 1885 1272 1962 reperiri:
1313 1906 1388 1946 ex
1427 1883 1828 1946 misericordia
1867 1896 2065 1944 tamen
2108 1881 2371 1944 indebita
2411 1883 2562 1961 legi,
2603 1904 2677 1944 ne
2716 1884 3055 1961 irnputetur.

529 1964 584 2023 6.
665 1965 910 2026 Interim
971 1967 1100 2026 sola
1158 1965 1272 2026 Dei
1333 1965 1512 2044 patris
1573 1962 1975 2026 misericordia
2035 1963 2329 2024 iustificari
2370 1977 2743 2041 peccatorem
2784 1963 2863 2024 ita
2896 1967 3271 2044 profitemur,
3312 1977 3377 2026 vt

452 2041 752 2104 Christum
793 2063 930 2105 cum
970 2043 1172 2106 officio
1215 2044 1554 2106 mediatoris
1595 2063 1832 2106 causam
1875 2047 2207 2123 proximam
2248 2061 2669 2122 agnoscamus:
2712 2045 2815 2121 qui
2854 2045 2965 2105 sibi
3004 2065 3127 2106 non
3170 2061 3372 2124 natus,

451 2121 555 2184 sed
591 2124 818 2196 nobis...
868 2127 1020 2185 Esa.
1071 2146 1126 2204 9.
1173 2141 1227 2202 5.
1281 2124 1361 2186 ita
1401 2124 1610 2187 offensi
1649 2124 1827 2202 patris
1867 2123 2284 2202 sempiternam
2324 2121 2603 2184 iustitiam
2646 2123 3115 2186 absolutissimae
3154 2130 3377 2204 perfec·

450 2202 627 2263 tionis
689 2205 904 2285 λντρῷ,
963 2203 1188 2266 miseris
1228 2203 1566 2266 hominibus
1609 2203 2047 2282 reconciliauit,
2086 2213 2149 2264 vt
2189 2203 2273 2264 sic
2315 2205 2480 2264 Deus
2520 2202 2771 2264 iustitiae
2810 2206 3041 2266 laudem
3084 2205 3143 2265 in
3184 2207 3376 2267 media

454 2280 856 2344 misericordia
895 2303 1020 2346 non
1057 2284 1366 2348 amitteret.
1410 2283 1538 2346 Etsi
1577 2285 1733 2344 enirn
1777 2295 1840 2344 vt
1881 2303 2061 2362 agens
2102 2282 2499 2358 liberrimum,
2540 2301 2693 2361 quos
2734 2284 2789 2343 δι
2830 2287 3141 2362 quomodo
3182 2305 3375 2364 cunq,

451 2361 592 2422 velit
651 2360 960 2425 iustificare
1021 2365 1210 2443 potuit
1223 2411 1240 2441 ,
1302 2363 1700 2427 obedientiam
1751 2373 1948 2422 tamen
1990 2362 2089 2441 filij
2131 2362 2520 2424 necessariam
2564 2363 2733 2424 fecit:
2776 2375 2901 2424 tum
2944 2371 3151 2425 natura
3188 2368 3372 2446 ipsius

451 2450 570 2520 qua
609 2442 832 2505 infinite
872 2445 1088 2519 iustus,
1129 2457 1255 2505 tum
1297 2448 1588 2525 patefacta
1627 2444 1688 2504 in
1726 2446 1856 2521 lege
1895 2446 2195 2516 voluntaS,
2240 2462 2393 2522 quae
2432 2444 2491 2505 in
2530 2446 2659 2503 Deo
2683 2457 2773 2505 est
2792 2456 3025 2505 aeterna
3050 2446 3373 2509 &immota

453 2522 704 2585 iustitiae
741 2527 972 2603 regula:
1013 2544 1168 2603 quae
1205 2524 1446 2605 insuper
1483 2524 1926 2586 immutabiliter
1966 2524 2209 2601 requirit
2246 2524 2704 2585 satisfactionem
2744 2543 2853 2603 pro
2894 2538 3145 2603 peccato
3181 2530 3235 2588 81
3266 2527 3370 2588 im-

455 2603 775 2680 pletionem
834 2604 980 2683 legis
1041 2624 1147 2683 per
1199 2606 1632 2683 obedientiam,
1687 2622 1824 2665 cum
1865 2603 2177 2665 iustificare
2217 2604 2465 2682 impium
2506 2604 2631 2664 sine
2670 2606 2787 2665 vlla
2824 2604 3037 2665 iustitia
3077 2608 3373 2687 βδέλυγμα

457 2701 584 2743 esse
623 2682 852 2745 dixerit.
893 2686 1042 2747 Fre.
1091 2702 1178 2761 17.
1229 2702 1317 2763 ι5.
1362 2687 1517 2746 facta
1557 2686 1731 2765 igitur
1773 2695 1861 2744 est
1903 2684 2205 2745 translatio
2247 2684 2419 2763 legis,
2458 2686 2581 2745 He.
2626 2702 2681 2758 7.
2727 2705 2818 2745 12.
2860 2701 3016 2763 quae
3036 2704 3157 2745 non
3179 2690 3373 2764 potuit

455 2761 780 2840 viuificare,
852 2766 992 2825 Gal.
1049 2785 1102 2842 3.
1151 2785 1244 2827 21.
1295 2766 1354 2827 in
1395 2764 1729 2844 Christum,
1771 2763 1876 2841 qui
1915 2783 2027 2843 pro
2070 2764 2245 2826 nobis
2284 2766 2395 2825 sub
2438 2766 2567 2842 lege
2608 2765 2826 2843 sactus,
2874 2767 3011 2827 Gal.
3056 2786 3111 2839 4.
3155 2787 3209 2839 4.
3256 2766 3373 2845 legi

455 2842 806 2904 omnimodo
847 2844 1224 2907 satisfaceret.

538 2940 594 2998 7.
672 2924 876 2999 Quum
935 2924 1136 3017 igitur,
1176 2936 1312 3003 post
1349 2925 1606 2986 hominis
1643 2926 1874 3001 lapsum
1889 2969 1906 3003 ,
1948 2925 2171 3003 duplex
2205 2924 2279 2984 sit
2322 2922 2633 3003 obligatio:
2674 2944 2793 2985 vna
2830 2926 2909 2985 ad
2942 2925 3342 2987 obedientiam
3356 2970 3373 3005 ,

455 3002 638 3065 altera
675 3004 754 3063 ad
795 3023 1080 3084 poenam,
1119 3003 1334 3067 iustitia
1375 3004 1594 3067 Christi
1635 3016 1896 3084 vtramq3
1934 3005 2374 3082 complectitur:
2422 3022 2533 3082 pro
2573 3022 2769 3081 poena
2808 3005 2965 3066 enim
3006 3005 3373 3067 substituitur

455 3081 634 3161 ipsius
673 3084 870 3161 passio
907 3084 1026 3163 qua
1064 3086 1252 3147 factus
1297 3092 1549 3164 κατάρα,
1591 3084 2002 3145 maledictum:
2054 3087 2196 3145 Gal.
2237 3104 2293 3161 3.
2343 3104 2431 3161 13.
2472 3102 2583 3162 pro
2624 3086 2799 3161 culpa
2818 3088 2872 3146 δι
2894 3088 3109 3151 ἀταξία
3127 3098 3373 3147 naturae

457 3180 574 3239 qua
625 3162 807 3240 inepti
863 3166 939 3224 ad
999 3166 1256 3244 bonum,
1318 3164 1432 3225 Dei
1493 3163 1780 3225 voluntati
1818 3183 1940 3227 non
1983 3164 2356 3242 subiicimur,
2398 3166 2569 3225 Rom.
2616 3168 2671 3225 8.
2720 3180 2775 3239 7.
2813 3176 2877 3225 vt
2914 3167 2997 3225 sic
3041 3166 3373 3227 iustificatio

456 3241 600 3321 legis
659 3242 969 3322 impleatur
1028 3246 1088 3306 in
1145 3244 1338 3308 nobis,
1399 3246 1656 3305 Tantum
1697 3243 1855 3305 enim
1897 3246 2067 3305 abest
2080 3290 2097 3319 ,
2137 3255 2201 3304 vt
2242 3243 2497 3325 gratuito
2538 3244 2829 3305 beneficio
2869 3245 3116 3321 Christi,
3156 3245 3375 3307 iustitia

456 3322 602 3401 legis
639 3324 976 3401 aboleatur,
1024 3327 1198 3387 Rom.
1239 3344 1295 3401 3.
1338 3344 1434 3401 31.
1475 3334 1539 3385 vt
1579 3328 1818 3402 contra,
1859 3325 2068 3386 eadem
2108 3324 2183 3385 sit
2223 3324 2439 3386 iustitia
2479 3324 2625 3402 legis
2663 3326 2719 3385 δι
2761 3324 3065 3403 Euangelij
3109 3339 3379 3405 respectu

459 3401 675 3463 Christi
691 3448 710 3479 ‚
749 3405 853 3481 qui
891 3404 1029 3465 ideo
1071 3405 1358 3483 perfectio
1397 3404 1540 3481 legis
1582 3404 1796 3466 dicitur
1833 3406 2007 3467 Rom.
2056 3425 2145 3465 ιο.
2187 3424 2243 3478 4.

538 3484 594 3543 8.
675 3485 1030 3561 Agnoscunt
1085 3484 1326 3563 quidem
1381 3484 1672 3560 Pontificij
1726 3486 2133 3545 necessitatem
2178 3483 2371 3545 meriti
2409 3483 2657 3561 Christi,
2702 3504 2825 3545 non
2870 3497 2931 3545 vt
2970 3486 3044 3546 sit
3082 3485 3143 3545 id
3182 3489 3377 3547 solum

457 3573 702 3639 propter
753 3564 915 3641 quod
965 3584 1132 3625 mens
1180 3566 1596 3642 perterrefacta
1638 3564 1980 3642 cognitione
2020 3564 2283 3644 peccati,
2323 3566 2379 3625 δι
2418 3582 2593 3625 sensu
2636 3564 2755 3625 irae
2793 3566 2941 3643 Dei,
2982 3577 3372 3643 consequatur

459 3642 866 3705 remissionem
925 3654 1196 3722 peccator
1207 3662 1308 3705 um
1323 3690 1342 3719 ,
1402 3645 1744 3707 absoluatur
1805 3648 1842 3705 ὲ
1899 3644 2187 3707 sententia
2239 3643 2751 3705 condemnationis
2767 3691 2785 3723 ,
2824 3648 2879 3705 δι
2919 3657 3261 3723 acceptetur
3298 3646 3376 3705 ad

456 3721 636 3783 vitam
689 3734 1025 3803 aeternam,
1077 3726 1183 3785 sed
1235 3738 1298 3785 vt
1351 3734 1576 3785 tanturn
1631 3724 1906 3786 conciliet
1944 3725 2119 3786 bonis
2160 3724 2467 3803 operibus,
2508 3723 2852 3803 dignitatem
2900 3726 2955 3784 δι
2997 3724 3115 3785 vim
3157 3726 3379 3787 satisfa-

457 3800 656 3863 ciendi
695 3822 806 3880 pro
845 3803 1102 3882 peccatis
1116 3850 1132 3881 ,
1175 3807 1229 3866 δι
1269 3824 1376 3883 per
1413 3804 1602 3883 ipsam
1642 3804 1965 3866 formaliter
2004 3804 2385 3867 iustificandi:
2424 3807 2555 3868 Bel.
2594 3808 2657 3865 li.
2694 3824 2750 3866 2.
2790 3824 2839 3865 c.
2864 3825 2921 3865 2.
2940 3807 3017 3865 ὁ·
3044 3824 3133 3865 ro.
3154 3806 3227 3865 de
3242 3808 3375 3865 iust.

457 3898 576 3958 qua
633 3883 861 3945 ratione
919 3884 1189 3961 ampliari
1247 3884 1521 3945 meritum
1584 3883 1802 3947 Christi
1855 3896 2151 3963 asserunt,
2190 3902 2303 3945 nos
2342 3903 2479 3945 cum
2519 3888 2679 3963 Apo,
2730 3888 2867 3945 Gal.
2914 3902 2966 3963 5.
3010 3905 3067 3959 4.
3108 3884 3380 3947 euacuari

455 3963 906 4040 contendimus,
967 3964 1022 4025 31
1083 3963 1482 4027 obedientiam
1535 3964 1714 4043 ipsius
1763 3984 1892 4026 esse
1945 3964 2009 4027 id
2062 3965 2255 4043 ipsum
2310 3966 2655 4044 profitemur
2694 3964 2861 4025 cuius
2900 3964 3113 4025 intuitu
3148 3970 3381 4026 tantum

455 4042 620 4103 Deus
679 4054 926 4121 peccata
983 4043 1250 4120 dimittit,
1315 4064 1471 4123 quae
1531 4064 1604 4105 ex
1657 4063 1838 4123 opere
1891 4055 2141 4122 operato
2182 4046 2427 4124 gratiam
2470 4055 2769 4105 aeternam
2809 4044 2985 4106 nobis
3028 4056 3286 4106 meretur
3324 4046 3381 4105 δι

467 4120 802 4183 iniustitiam
845 4136 1106 4185 nostram
1151 4135 1273 4185 tum
1318 4123 1510 4185 actiua
1549 4135 1672 4185 tum
1715 4123 1948 4205 passiua
1988 4128 2077 4201 (vt
2112 4127 2457 4203 loquuntur)
2500 4124 2711 4185 iustitia
2752 4127 3045 4186 cumulate
3064 4138 3300 4204 pensat,
3318 4137 3383 4187 vt

461 4206 603 4279 pote
651 4220 788 4263 cum
841 4204 917 4265 sit
959 4204 1412 4282 perfectissima,
1453 4224 1576 4265 non
1619 4208 1811 4267 solum
1852 4206 1935 4265 ob
1974 4224 2267 4283 personae
2306 4204 2679 4284 dignitatem,
2720 4207 2887 4282 quod
2928 4224 3059 4266 eam
3098 4206 3383 4284 praestitit

461 4282 794 4360 vnigenitus
835 4284 978 4359 Dei,
1019 4284 1395 4345 humanitatis
1433 4285 1804 4347 sanctitatem
1841 4285 1920 4345 ab
1961 4284 2254 4345 essentiali
2294 4286 2465 4366 λόγου
2505 4284 2841 4363 sanctitate,
2882 4286 2977 4347 cui
2997 4286 3382 4365 personaliter

467 4362 655 4442 vnita,
709 4366 760 4423 δι
805 4381 944 4425 cum
987 4363 1089 4425 illo
1133 4366 1284 4425 sacta
1329 4382 1506 4425 vnum
1551 4366 1887 4445 ἀδιαίρετον
1929 4364 2315 4443 arceamur,
2354 4365 2459 4424 sed
2494 4365 2669 4427 etiam
2710 4368 2873 4443 quod
2908 4384 3045 4427 cum
3084 4378 3383 4427 nunesaet

3142 4446 3382 4525 proprie
