3923 4875
1304 120 1411 166 na
1474 119 1900 166 Pom-rrae
1954 120 2206 168 Mosrs
2265 117 2552 167 ossan.
3271 121 3382 186 391

462 284 627 347 modi
670 303 769 344 eas
808 301 935 344 esse
978 280 1290 344 docuimus
1330 301 1482 362 quae
1520 282 1828 344 veritatem
1869 302 2036 345 suam
2069 287 2124 344 &
2155 284 2695 362 complementum'
2681 305 2736 343 ιιι
2760 283 2997 346 Christo
3019 287 3380 363 habuerunt,

460 367 511 427 is
560 365 925 426 mortiferum
979 366 1065 439 (vt
1105 363 1187 423 ita
1224 364 1513 441 dicamus)
1552 367 1835 444 poculum
1878 365 2280 444 propinando,
2321 365 2502 424 vitam
2543 365 2837 424 mentibus
2879 366 3225 426 Christianis
3261 366 3382 426 adi-

463 447 600 524 mit,
642 457 927 537 quantum
968 442 1208 520 quidem
1248 444 1311 504 in
1350 444 1479 523 ipso
1515 455 1633 522 est;
1674 445 1783 504 nisi
1824 447 1988 506 Deus
2028 455 2196 524 pater
2233 443 2670 504 miserationum
2713 465 2843 504 eam
2886 445 3140 522 gratiose
3181 447 3382 506 datam

463 525 881 605 gratiosissime
921 535 1315 584 conseruaret.

363 610 369 615 '
542 605 665 666 Hic
724 610 867 665 vero
931 603 1145 664 dixerit
1178 604 1500 683 quispiam:
1562 604 1780 682 Atqui,
1821 605 1869 664 si
1910 607 2070 682 leges
2109 605 2242 664 illae
2281 615 2548 664 mortuae
2583 615 2683 664 aut
2723 605 3058 666 mortiferae
3101 617 3268 685 sunt,
3311 625 3385 666 ex

462 705 583 765 quo
626 685 894 746 Christus
935 683 1201 744 exhibuit
1241 686 1743 762 complementum
1786 684 2034 762 gratiaeg,
2077 703 2152 744 ιιε
2191 685 2301 762 ipsi
2342 685 2582 761 quidem
2607 685 2880 762 Apostoli
2901 688 2978 745 ab
3001 689 3118 746 hoc
3141 687 3386 746 crimine

464 767 730 826 excusari
792 775 1065 841 possunt.
1127 765 1229 841 qui
1283 768 1441 844 leges
1480 765 1903 825 ceremoniales
1943 765 2097 824 illius
2136 765 2368 842 generis
2401 776 2526 824 tum
2568 767 3034 826 obseruauerunt
3076 766 3215 843 ipsi,
3257 777 3383 825 tum

462 850 540 907 ab
582 846 710 906 aliis
756 845 1059 905 obseruari
1100 847 1444 922 voluerunt,
1486 863 1633 922 quas
1670 855 1865 904 tamen
1910 845 2239 905 mortiferas
2279 847 2398 905 hoc
2430 848 2567 905 loco
2587 847 2968 922 appellamus,
3014 847 3208 906 Huius
3229 847 3386 906 enim

460 928 545 988 rei
587 929 881 986 habentur
923 927 1193 1000 exempla
1234 929 1527 986 Actorum
1576 940 1667 1002 15.
1709 927 1845 985 cum
1887 925 2170 986 abstineri
2209 924 2385 984 etiarn
2428 929 2464 984 a
2504 925 2803 985 suffocatis
2837 926 3392 1004 rebus&sanguine

462 1008 695 1067 iubent:
738 1009 1027 1064 Actorum
1080 1009 1169 1064 16.
1210 1007 1347 1064 cum
1388 1008 1601 1066 Paulus
1642 1005 2036 1071 Timotheum,
2067 1005 2440 1066 circumcidit
2482 1016 2691 1064 contra
2721 1009 2897 1082 quam
2920 1007 3098 1066 docet
3119 1008 3389 1066 Galatas:

464 1091 735 1163 Itemque
788 1089 1079 1145 Actorum
1126 1105 1219 1144 21.
1274 1088 1409 1145 cum
1452 1087 1667 1144 Paulus
1706 1087 1783 1146 de
1823 1087 2111 1146 sententia
2151 1085 2355 1146 Iacobi
2397 1085 2693 1163 totiusque
2738 1085 3038 1146 seniorum
3079 1103 3392 1146 consessus

466 1169 757 1228 obseruau
761 1166 805 1226 it
858 1165 1358 1243 purificationem,
1418 1177 1597 1243 atque
1656 1165 1715 1224 in
1775 1168 2060 1242 templum
2115 1165 2408 1244 ingressus
2459 1177 2546 1226 est
2588 1165 2948 1226 denuncians
2987 1166 3384 1257 expletionem

466 1247 695 1307 dierum
750 1244 1259 1336 sanctificationis,
1322 1263 1506 1324 vsque
1541 1247 1686 1306 dum
1726 1247 1929 1304 oblata
1968 1248 2124 1306 foret
2161 1265 2272 1324 pro
2313 1263 2676 1338 vnoquoque
2718 1263 2922 1306 eorum
2964 1247 3210 1306 oblatio.
3273 1246 3386 1306 His

460 1327 647 1386 tribus
688 1325 971 1402 exemplis
1011 1324 1239 1385 videtur
1267 1325 1451 1418 euerti
1491 1325 1656 1402 quod
1698 1329 1834 1385 ante
1868 1325 2152 1404 diximus,
2187 1328 2323 1387 Non
2346 1345 2520 1405 posse
2541 1326 2767 1403 integra
2788 1326 3087 1406 libertate,
3107 1326 3354 1386 veritate
3372 1372 3388 1403 ,

468 1409 525 1466 δι
564 1405 683 1466 vita
723 1406 985 1496 piorum
998 1405 1365 1466 ceremonias
1402 1404 1531 1465 illas
1572 1405 1893 1465 obseruari.

548 1487 667 1546 Sed
706 1499 903 1545 tamen
938 1483 987 1544 si
1028 1486 1159 1562 quis
1199 1504 1325 1545 rem
1366 1484 1619 1577 penitius
1661 1483 2105 1565 introspexerit,
2147 1485 2356 1546 eadem
2399 1497 2710 1562 vtrumque
2745 1486 3254 1546 animaduersurus
3273 1497 3393 1565 est;

468 1577 595 1626 tum
649 1583 857 1626 verum
904 1583 1033 1625 esse
1085 1566 1249 1642 quod
1289 1569 1427 1626 ante
1468 1564 1754 1638 diximus»,
1796 1575 1922 1624 tum
1964 1569 2291 1642 Apostolos
2333 1566 2542 1626 fecisse
2584 1565 2846 1626 officium
2889 1567 2947 1625 in
2991 1568 3075 1626 eis
3112 1566 3394 1644 exemplis

376 1659 381 1662 ·
470 1665 624 1724 quae
660 1647 943 1706 aduersus
986 1645 1319 1706 doctrinam
1360 1646 1522 1705 illam
1561 1647 1957 1736 proferuntur.
2003 1648 2154 1706 Nam
2195 1647 2256 1706 in
2299 1647 2387 1707 his
2423 1646 2708 1737 exemplis
2751 1649 2807 1706 δι
2839 1646 3246 1706 consimilibus
3265 1649 3388 1706 duo

468 1726 845 1786 obseruanda
882 1735 1044 1785 sunt:
1090 1725 1344 1803 primum
1387 1743 1592 1786 eorum
1636 1724 1933 1786 distinctio
1950 1771 1968 1804 ,
2007 1726 2144 1803 quia
2184 1745 2306 1786 non
2347 1737 2484 1786 sunt
2523 1725 2692 1786 vnius
2733 1729 2786 1786 &
2828 1727 3086 1786 eiusdem
3127 1727 3388 1805 generis:

468 1807 735 1867 secundo
777 1815 975 1866 autem
1014 1805 1104 1864 ius
1144 1804 1510 1884 singulorum
1551 1806 1875 1866 secundum
1920 1825 2156 1884 genera.
2197 1807 2338 1866 Duo
2379 1806 2537 1866 enim
2579 1809 2850 1884 exempla
2889 1807 2948 1866 in
2989 1808 3106 1866 hoc
3146 1824 3398 1866 numero

468 1889 557 1964 (vt
616 1887 696 1946 ita
758 1886 1051 1962 dicamus)
1114 1895 1349 1946 mortua
1408 1895 1571 1963 sunt,
1624 1902 1807 1945 vnum
1862 1885 2256 1946 mortiterum:
2297 1896 2660 1964 quapropter
2699 1905 2769 1946 ea
2808 1885 2962 1946 inter
3002 1906 3064 1945 se
3105 1886 3393 1946 confundi

472 1966 717 2026 minime
750 1966 1064 2044 conuenit,
1107 1967 1244 2025 cum
1287 1965 1413 2025 iure
1452 1964 1569 2026 sint
1608 1965 2024 2026 diuersissima.
2056 1967 2298 2026 Mortua
2337 1977 2472 2026 sunt
2512 1968 2658 2027 haec
2703 1968 2852 2026 duo,
2895 1965 3149 2044 primum
3169 2012 3186 2045 ,
3226 1967 3392 2042 quod

470 2057 560 2107 est
601 2047 677 2106 de
721 2045 1006 2124 sanguine
1046 2047 1102 2105 δι
1143 2047 1433 2106 suffocato
1472 2047 1778 2126 cauend03
1818 2049 1873 2107 &
1914 2045 2185 2124 tertium,
2226 2048 2389 2139 quod
2429 2057 2516 2106 est
2557 2049 2632 2106 de
2674 2046 3079 2124 purificatione
3119 2047 3314 2123 Pauli,
3337 2049 3393 2106 &

470 2126 775 2187 oblatione
816 2125 1035 2186 votiua.
1076 2124 1453 2186 Mortiferum
1493 2137 1580 2186 est
1620 2127 1983 2204 secundum,
2023 2137 2167 2204 puta
2207 2125 2675 2188 circumcisionis
2709 2125 2972 2205 patribus
3009 2128 3182 2186 datae‘
3199 2129 3397 2186 obser·

470 2205 652 2267 uati0.
694 2209 953 2266 Rursum
994 2223 1148 2282 quae
1190 2216 1426 2266 mortua
1465 2224 1593 2266 esse
1634 2205 1917 2285 diximuS,
1961 2225 2033 2266 ea
2066 2207 2217 2266 inter
2251 2225 2314 2266 se
2335 2207 2563 2267 ratione
2585 2206 2879 2268 differunt.
2921 2209 3076 2266 Nam
3099 2206 3397 2285 sanguinis

473 2289 527 2348 δι
578 2287 853 2348 suffocati
902 2285 1275 2346 interdictum
1320 2289 1643 2346 naturalem
1684 2286 1891 2346 habuit
1932 2286 2458 2378 significationem3
2497 2287 2639 2346 ritus
2679 2286 3099 2364 purificationis
3139 2291 3193 2348 &
3234 2289 3396 2347 obla—

472 2367 648 2427 tionis
706 2365 1055 2445 significauit
1105 2365 1534 2444 professionem
1588 2366 1821 2445 piorum
1859 2367 2288 2445 voluntariam,
2329 2385 2522 2446 neque
2563 2368 2639 2427 ad
2677 2367 2976 2427 Christum
3019 2367 3393 2445 figurandum

468 2448 747 2527 pertinuit
786 2450 909 2507 vllo
948 2448 1167 2525 modo,
1208 2459 1310 2507 aut
1352 2448 1475 2507 vllo
1516 2447 1641 2507 iure
1676 2446 1862 2524 aptari
1902 2458 2118 2525 potest.
2160 2449 2541 2527 Quapropter
2573 2447 2753 2525 siquis
2788 2449 2905 2508 hoc
2927 2460 3196 2525 tempore
3221 2449 3396 2507 vellet

470 2533 509 2587 a
567 2529 858 2588 suffocato
918 2528 975 2585 δι
1026 2528 1309 2606 sanguine
1362 2526 1657 2588 abstinere
1712 2532 1889 2603 (quae
1930 2528 2272 2587 ceremonia
2311 2540 2400 2589 est
2441 2528 2704 2588 mortalis
2745 2528 2868 2589 siue
2909 2528 3230 2602 mutabilis)
3273 2546 3395 2587 non

472 2608 906 2700 impediretur3
941 2608 1129 2667 modo
1184 2627 1259 2667 ne
1298 2607 1357 2667 id
1399 2608 1501 2668 fiat
1542 2626 1721 2667 causa
1760 2606 2178 2669 conscientiae.
2219 2611 2374 2668 Nam
2417 2609 2555 2667 cum
2597 2607 2972 2669 interdictum
3015 2608 3160 2668 illud
3199 2606 3398 2667 officia

471 2687 849 2749 humanitatis
890 2686 1040 2748 inter
1078 2706 1287 2748 omnes
1328 2688 1693 2747 exercendae
1733 2686 2174 2765 significauerit,
2217 2688 2272 2748 δι
2311 2687 2825 2749 commendauerit
2864 2688 3124 2747 studium
3167 2688 3241 2747 de
3270 2687 3392 2747 vita

472 2769 781 2829 hominum
820 2768 1262 2848 conseruanda,
1302 2768 1469 2845 quod
1512 2766 1777 2859 officium
1816 2772 1853 2827 a
1894 2778 2101 2827 natura
2141 2781 2274 2849 est;
2300 2771 2356 2829 δι
2393 2768 2630 2861 signum
2665 2768 2848 2828 libere
2883 2772 2937 2829 &
2959 2787 3051 2829 res
3073 2767 3398 2845 significata

472 2848 805 2909 necessario
846 2850 1232 2927 obseruatur,
1243 2812 1320 2907 si
1358 2849 1546 2908 modo
1590 2850 1667 2907 ab
1706 2846 1879 2925 signo
1920 2847 2077 2908 absit
2115 2814 2476 2927 superstitio.
2519 2868 2610 2909 res
2651 2847 2846 2908 media
2887 2858 2975 2907 est
3014 2850 3188 2943 plane
3219 2858 3398 2924 atque

472 2927 829 2991 indifferens.
890 2938 1253 3005 quapropter
1313 2930 1474 2988 recte
1535 2928 1813 3005 Apostoli
1872 2930 2298 2989 consuluerunt
2358 2929 2662 2989 Ecclesiae
2701 2927 2848 3001 Dei,
2889 2938 2952 2987 vt
2991 2928 3070 3005 pij
3115 2946 3322 2987 omnes
3361 2930 3399 2985 a

472 3008 751 3069 violanda
798 3007 997 3085 priore
1038 3008 1184 3086 legis
1222 3008 1424 3068 tabula
1465 3008 1657 3085 (quod
1697 3007 2032 3068 idololatria
2071 3010 2166 3069 uel
2207 3010 2534 3087 pollutione
2575 3008 3064 3068 simulachrorum
3107 3008 3396 3085 synecdo-

472 3087 639 3149 chice
678 3088 920 3149 nomine
962 3087 1337 3149 scortationis
1377 3099 1757 3167 praeceptum
1796 3092 1909 3163 est)
1951 3091 2007 3149 δι
2047 3092 2082 3147 a
2125 3088 2402 3149 violanda
2439 3092 2682 3148 fratrum
2726 3088 3088 3149 conscientia
3127 3089 3185 3148 in
3223 3090 3398 3148 rebus

473 3167 813 3247 adiaphoris
852 3167 1245 3241 abstinerent,
1288 3170 1454 3244 quod
1494 3167 1737 3228 nomine
1778 3168 2444 3246 suffocati&sanguinis
2467 3169 2574 3229 suit
2597 3170 2977 3229 declaratum.
3020 3174 3156 3228 Act.
3187 3184 3272 3245 15.
3301 3188 3394 3244 29.

474 3248 678 3308 Ritum
729 3252 873 3309 vero
928 3247 1093 3307 illum
1136 3247 1375 3308 votiuae
1415 3247 1831 3325 professioniS,
1872 3248 2038 3308 cuius
2079 3252 2413 3326 exemplum
2455 3260 2542 3309 est
2584 3252 2720 3308 Act.
2766 3268 2858 3308 21.
2903 3252 2993 3307 26.
3039 3268 3159 3309 non
3203 3250 3396 3308 solum

474 3328 847 3407 mutabilem,
888 3329 994 3388 sed
1038 3327 1216 3388 etiam
1259 3338 1558 3389 mortuum
1600 3332 2008 3406 mutatumque
2049 3328 2323 3388 dicimus:
2359 3337 2496 3406 quia
2527 3329 2668 3389 ritus
2700 3328 2808 3388 suit
2829 3327 3190 3389 voluntariae
3209 3326 3396 3387 cuius·

474 3408 613 3467 dam
666 3407 1071 3486 ceremoniae,
1122 3425 1239 3485 qua
1294 3408 1571 3468 homines
1608 3410 1763 3469 vltro
1806 3427 1869 3468 se
1911 3408 1971 3468 in
2014 3407 2404 3469 sanctimonia
2443 3411 2830 3486 exelcebant,
2871 3416 3122 3483 eamque
3163 3410 3398 3486 profite-

474 3488 692 3549 bantur
730 3490 809 3549 de
848 3508 913 3549 se
952 3487 1097 3567 ipsi3
1136 3506 1259 3549 non
1302 3498 1500 3548 autem
1540 3489 1617 3548 de
1658 3488 1895 3550 Christo
1937 3488 2264 3567 quidquam
2307 3490 2655 3567 figurabant.
2697 3491 2853 3548 Nam
2895 3489 2997 3566 qui
3039 3489 3212 3547 ritum
3235 3487 3398 3547 illum

468 3568 894 3629 Naziraeorum
935 3568 1199 3628 votiuum
1244 3570 1643 3630 Numerorum
1693 3588 1741 3628 1.
1788 3589 1839 3627 2.
1884 3588 1955 3629 ac
1994 3568 2392 3629 voluntarium
2423 3586 2566 3629 cum
2598 3568 2710 3628 ritu
2742 3568 2845 3628 illo
2868 3567 3200 3628 necessario
3220 3578 3401 3645 atque

469 3646 759 3725 imperato
803 3648 1204 3725 confundunt,
1246 3648 1580 3709 cuiusmodi
1620 3648 1727 3707 fuit
1770 3648 2136 3710 Schimsonis
2179 3649 2350 3726 rituS,
2391 3648 2428 3726 ij
2471 3648 2690 3710 iudicio
2733 3667 2866 3708 meo
2907 3650 3268 3709 conturbant
3307 3666 3402 3707 res

470 3732 649 3803 quam
695 3727 1151 3788 remotissimas:
1194 3730 1327 3787 cum
1372 3728 1901 3822 vo(f31532)tiuus
1941 3730 2320 3790 Naziraeatus
2361 3733 2398 3789 a
2437 3728 2548 3807 piis
2587 3729 2969 3788 adhiberetur
3006 3730 3082 3788 ad
3124 3727 3401 3791 exercita-

476 3820 745 3868 mentum
779 3808 1327 3887 professionemque
1370 3808 1459 3869 sui
1500 3808 1797 3887 ipsorum,
1837 3826 1954 3885 qua
1999 3810 2230 3887 expleta
2265 3809 2478 3887 gratias
2507 3811 2760 3886 agebant
2783 3808 3084 3868 oblatione
3103 3807 3402 3883 Domino:

468 3888 796 3963 Imperatus
836 3892 981 3948 vero
1022 3889 1099 3947 ad
1142 3888 1693 3967 praefigurationem
1738 3888 1955 3949 Christi
1994 3889 2331 3967 pertineret.

550 3967 981 4028 Grauissimum
1021 3972 1165 4029 vero
1207 3971 1543 4047 exemplum
1585 3968 1729 4027 illud
1774 3978 1895 4047 est,
1937 3969 2104 4046 quod
2143 3969 2220 4029 de
2259 3968 2581 4028 Timotheo
2625 3966 2974 4035 circumciso
3015 3986 3122 4045 per
3155 3968 3398 4027 Paulum

466 4047 813 4108 adducitur:
875 4067 1010 4107 cum
1070 4047 1195 4125 ipse
1258 4050 1473 4108 Paulus
1534 4052 1713 4124 quam
1776 4048 2033 4109 maxima
2091 4066 2244 4109 voce
2297 4048 2699 4109 contenderit.
2753 4047 2816 4107 Si
2866 4046 3404 4139 circumcidamini,

466 4126 770 4188 Christum
812 4128 957 4188 nihil
1002 4127 1177 4187 vobis
1222 4130 1620 4205 profuturum.
1664 4129 1861 4188 Galat.
1885 4146 1938 4207 5.
1967 4148 2020 4187 2.
2059 4128 2364 4189 Mortifera
2403 4139 2492 4189 est
2532 4114 2707 4207 igitur
2727 4126 3190 4189 circumcisionis
3207 4130 3406 4188 obser-

3205 4206 3368 4268 uatio
3385 4252 3404 4288 ‚
