3923 4875
1379 327 1715 371 russas
1766 326 2415 372 Τιιιιοιοοιοιιιι.
3220 320 3327 393 ι63

424 493 601 570 igitur
640 493 806 550 Deus
846 489 1147 564 lapsurum
1192 489 1529 562 hominem,
1570 507 1693 548 non
1734 497 1929 548 autem
1971 487 2050 546 ad
2088 489 2316 566 lapsum
2355 489 2583 567 coegit,
2621 500 2723 549 aut
2761 492 3088 552 commouit
3119 492 3338 574 ipsum,

424 572 532 632 etsi
590 569 789 630 omnia
842 567 1149 646 disponat,
1212 569 1317 628 sed
1358 567 1623 647 permisit
1673 587 1745 627 ac
1782 587 1907 628 ιιοιι
1944 567 2282 645 impediuit,
2323 588 2447 630 non
2486 569 2652 647 quod
2692 571 2970 646 probaret
3007 583 3338 648 peccatum.

426 652 499 727 (si
552 653 671 711 hoc
712 649 869 708 enim
908 658 1094 726 esset,
1138 649 1643 710 obtrectatoribus
1682 647 1857 708 ianua
1897 657 2124 725 pateret
2135 651 2178 723 )
2217 649 2325 708 sed
2363 648 2662 725 ordinauit
2699 653 2755 709 &
2791 648 3080 726 disposuit
3117 655 3338 716 facum

424 730 709 809 sapientia
757 731 813 789 δι
869 727 1299 804 omnipotentia
1356 745 1491 808 sua,
1531 729 1757 819 integra
1794 737 2072 788 manente
2107 728 2324 790 iustitia
2361 746 2485 789 sua.
2530 730 2724 807 Augu.
2763 730 2825 789 in
2860 730 3163 792 Enchirid.
3203 753 3336 811 cap.

425 827 522 888 95.
563 814 618 871 &
660 813 757 886 96.
798 809 951 867 Nam
995 825 1131 868 cum
1170 810 1398 869 nullum
1436 810 1656 868 malum
1698 806 1777 868 sit
1813 817 1935 867 tam
1975 809 2196 870 malum
2212 854 2230 884 ,
2269 808 2411 886 quin
2449 810 2666 869 habeat
2701 807 2923 886 aliquid
2955 809 3336 874 coniunctum

428 891 602 963 boni,
644 911 717 950 ac
758 907 833 948 ne
873 887 1189 948 subsistere
1230 888 1471 966 quidem
1512 889 1697 980 possit
1735 887 1847 948 nisi
1885 887 1946 947 in
1987 887 2180 968 bono,
2220 891 2386 948 Deus
2413 898 2610 949 autem
2629 888 2705 949 sit
2722 889 2918 949 omnis
2937 891 3082 951 boni
3101 904 3337 954 auctor.

428 973 696 1049 profecto
745 987 867 1029 non
907 966 1100 1044 potuit
1140 971 1337 1046 lapsus
1376 967 1721 1046 contingere
1736 1011 1754 1046 ,
1792 966 1936 1044 quin
1974 969 2140 1029 Deus
2179 971 2235 1030 δι
2275 968 2578 1029 hominem
2617 968 2978 1048 sustinuerit,
3015 981 3080 1032 vt
3119 983 3342 1034 creatu-

426 1069 551 1110 ram
608 1052 861 1110 bonam:
904 1050 960 1108 &
999 1050 1398 1127 voluntatem,
1438 1058 1503 1108 vt
1542 1058 1845 1109 creaturae
1883 1063 2025 1107 suae
2062 1049 2260 1110 bonae
2298 1051 2664 1109 facuitatem·
2707 1050 2763 1107 &
2802 1059 3038 1127 vtrumq
3041 1068 3116 1111 ue
3140 1053 3343 1144 ‚egerit

426 1151 498 1190 ac
538 1129 793 1190 mouerit
831 1130 1023 1207 bene,
1060 1129 1391 1188 secundum
1430 1127 1721 1189 rationem
1762 1137 2004 1188 naturae
2042 1145 2222 1204 quam
2263 1127 2538 1207 instituit,
2579 1130 2726 1189 dum
2762 1129 2946 1191 homo
2983 1147 3094 1192 suo
3137 1131 3343 1210 ipsius,

426 1210 488 1269 id
530 1221 651 1288 est,
692 1173 1023 1268 voluntatis
1053 1225 1193 1269 suae
1232 1215 1269 1268 a
1309 1207 1555 1270 diabolo
1594 1207 1858 1285 illectae,
1896 1217 2066 1268 motu
2107 1209 2495 1269 delabebatur
2533 1208 2592 1268 in
2633 1210 2870 1269 malum.
2930 1211 3072 1285 Quo
3111 1211 3169 1271 in
3211 1223 3346 1274 actu

428 1289 593 1366 qued
646 1290 876 1349 bonum
930 1297 1020 1348 est
1058 1287 1197 1348 fecit
1237 1291 1433 1361 DeuS,
1489 1287 1653 1365 quod
1690 1289 1913 1348 maium
1952 1298 2044 1347 est
2083 1287 2347 1366 permisit
2383 1287 2640 1349 hominis
2677 1289 2994 1368 voluntati,
3033 1299 3346 1370 vtrumque

425 1368 853 1462 sapientissime
908 1367 1158 1429 oonsilio
1214 1387 1433 1430 arcano
1480 1387 1589 1429 suo
1630 1370 1686 1426 &
1727 1367 1881 1428 iusto
1925 1367 2250 1449 ordinauit,
2291 1369 2428 1429 cum
2467 1377 2734 1446 vuumq·
2719 1413 2736 1448 ,
2777 1370 2834 1428 δι
2871 1387 3081 1450 agere,
3121 1375 3177 1433 &
3217 1393 3346 1450 per-

428 1449 693 1528 mittere,
734 1449 809 1508 sit
848 1465 1029 1525 penes
1071 1447 1197 1508 eius
1236 1448 1529 1510 ordinem.

519 1548 607 1588 12.
691 1530 829 1589 Non
872 1537 960 1588 est
1003 1526 1177 1605 igitur
1217 1530 1413 1605 lapsus
1451 1529 1645 1588 Adam
1688 1547 1762 1588 eo
1806 1525 2020 1604 inscie,
2061 1527 2162 1604 qui
2199 1526 2401 1588 omnia
2439 1527 2606 1587 nouit
2643 1529 2945 1588 aeternum
2985 1533 3120 1590 ante
3159 1535 3338 1622 quam

424 1610 594 1668 fiant:
635 1627 757 1668 non
798 1607 1090 1684 probante
1131 1626 1206 1667 eo
1220 1653 1240 1688 ,
1280 1606 1383 1685 qui
1421 1610 1591 1667 Deus
1628 1617 1716 1666 est
1750 1627 1865 1666 noa
1906 1610 2098 1667 volens
2138 1610 2522 1684 iniquittatem
2565 1625 2760 1684 neque
2793 1618 2989 1668 tamen
3023 1615 3098 1670 eo
3119 1610 3306 1670 inuito
3321 1656 3338 1690 ,

422 1690 529 1749 sed
586 1707 711 1748 non
764 1687 1038 1766 uolente,
1090 1686 1152 1746 id
1192 1697 1283 1748 est
1320 1687 1661 1766 permittere
1698 1689 1935 1747 volente
1975 1698 2152 1763 atque
2193 1687 2562 1764 disponente.
2603 1707 2724 1748 non
2766 1689 2932 1764 quod
2969 1689 3114 1748 velit
3149 1693 3336 1770 mala,

423 1787 562 1827 nam
604 1767 669 1828 id
713 1732 1038 1828 voluntatis
1068 1777 1220 1827 esset
1252 1770 1445 1828 malae
1479 1785 1632 1844 quae
1650 1766 1735 1826 eis
1756 1767 2178 1844 delectaretur,
2198 1777 2299 1826 aut
2317 1777 2578 1827 vteretur
2597 1769 2776 1858 (3⁶43
2784 1769 2825 1844 .)
2845 1777 3053 1828 contra
3072 1771 3336 1847 regulam

424 1847 728 1925 Apostoli:
770 1847 890 1906 Sed
931 1848 1170 1926 volens,
1210 1847 1497 1924 permittit
1538 1847 1665 1908 fieri
1702 1847 1856 1906 mala
1894 1848 1972 1906 ab
2013 1811 2385 1926 hominibuS,
2417 1848 2476 1907 &
2508 1845 2747 1908 ordinat
2765 1845 2987 1940 optime
3009 1850 3176 1924 quod
3193 1851 3335 1910 mali

426 1928 651 1986 faciunt
688 1928 859 1988 male.
900 1929 1075 1986 Rom.
1119 1947 1176 2002 3.
1220 1931 1277 1988 8.
1318 1929 1395 1987 Et
1434 1929 1709 1988 voluntas
1747 1927 1896 1985 haec
1934 1945 2058 1986 non
2099 1936 2294 2016 potest
2332 1946 2458 1986 esse
2483 1945 2606 1987 non
2627 1925 2826 1988 bona
2807 1945 2869 1987 ιιι
2889 1926 3119 2005 optimo
3141 1947 3334 1990 rerum

422 2009 647 2067 factore
702 2012 756 2068 δι
812 2005 1254 2097 potentissimo,
1306 2017 1369 2066 vt
1409 2005 1898 2084 sapientissimum
1937 2004 2158 2083 gratiae
2197 2003 2458 2067 infinitae
2499 2026 2641 2085 erga
2677 2024 2817 2068 suos
2855 2007 3236 2089 beneficium,
3277 2012 3334 2070 ὅτ

422 2086 677 2147 iustitiae
720 2083 1005 2147 iudicium
1043 2096 1346 2164 appareat.

509 2186 598 2244 13.
678 2170 808 2226 Iam
848 2182 955 2226 cur
994 2165 1321 2243 permiserit
1356 2165 1662 2226 hominem
1703 2163 1915 2224 tentari
1954 2167 2008 2222 δι
2049 2163 2170 2224 labi
2183 2210 2202 2244 ,
2233 2181 2412 2242 quem
2431 2164 2720 2242 impedire
2739 2165 2932 2243 potuit
2951 2166 2999 2226 si
3019 2165 3335 2229 voluisset?

422 2247 769 2340 Respondet
811 2248 1061 2324 August.
1102 2248 1204 2305 De
1254 2245 1469 2306 Genesi
1502 2249 1591 2304 ad
1621 2247 1774 2305 liter.
1816 2245 1913 2304 lib.
1954 2261 2018 2303 11.
2059 2254 2184 2322 cap.
2228 2265 2284 2318 4.
2317 2247 2676 2321 primariam
2716 2265 2952 2304 causam
2993 2249 3167 2309 leuius
3189 2259 3331 2328 per-

420 2329 705 2386 missionis
765 2328 878 2386 soli
933 2326 1067 2384 Deo
1128 2334 1322 2386 notam
1372 2341 1531 2394 esse,·
1580 2345 1729 2402 quae
1782 2332 1847 2386 vt
1881 2326 2104 2384 occulta
2141 2324 2246 2404 sit,
2287 2326 2505 2384 iniusta
2544 2343 2665 2384 esse
2703 2328 2912 2401 nequit.
2956 2329 3334 2388 Altimdinem

417 2408 646 2484 consiltj
693 2410 815 2467 eius
849 2413 1171 2483 penetrare
1216 2426 1331 2466 non
1357 2415 1631 2483 possum,
1672 2406 1895 2482 inquit,
1938 2405 2016 2464 ἂν
2054 2406 2217 2482 lonqe
2254 2415 2445 2483 supra
2483 2407 2638 2467 vires
2677 2423 2833 2465 meas
2873 2424 2993 2465 esse
3030 2411 3329 2485 confiteor.

312 2499 315 2505 '
414 2488 469 2545 δι
523 2486 709 2563 Epist.
771 2488 900 2546 106.
951 2488 1023 2546 ad
1066 2485 1290 2546 Paulin.
1356 2486 1480 2549 our
1526 2487 1710 2547 voluit
1740 2487 2070 2561 permittere
2109 2487 2334 2562 lapsum
2375 2486 2595 2545 Adami
2607 2483 2642 2543 τ’
2678 2487 2810 2562 quis·
2849 2504 2910 2544 es
2949 2493 3013 2543 tu
3053 2490 3159 2562 qui
3193 2490 3330 2548 Deo

418 2565 811 2643 respondeas?
862 2586 941 2625 an
990 2587 1107 2626 non
1144 2567 1323 2625 habet
1353 2573 1681 2642 potestatem
1709 2567 1943 2649 figulus
1970 2564 2244 2642 faciendi
2279 2584 2454 2643 vasa,
2498 2566 2626 2625 alia
2663 2567 2726 2624 in
2765 2566 3069 2643 honorem,
3109 2569 3234 2626 alia
3271 2570 3334 2627 in

421 2645 1021 2799 coztzmesscrzaengsses
1074 2735 1276 2785 tamen
1330 2720 1501 2784 reddi
1549 2742 1725 2802 posse
1739 2770 1757 2803 ,
1798 2723 1880 2785 ait
1918 2724 2044 2801 ipse
2083 2720 2256 2801 alibi,
2295 2718 2586 2803 rationes,
2637 2726 2732 2784 De
2774 2732 3028 2801 corrept.
3069 2726 3128 2783 δι
3167 2725 3337 2785 Grat.

414 2822 543 2882 cap.
595 2826 687 2866 10.
753 2808 809 2865 &
866 2808 913 2866 Ι.
968 2806 1069 2865 Ab
1118 2803 1583 2882 Omnipotentia.
1658 2805 1781 2879 Qui
1815 2806 2044 2864 creauit
2082 2806 2276 2863 omnia
2315 2802 2486 2864 valde
2521 2805 2704 2882 bona,
2746 2804 2824 2863 ἐν
2861 2806 3022 2863 mala
3063 2824 3134 2863 ex
3171 2806 3337 2865 bonis

415 2888 721 2946 exoritura
747 2887 1084 2966 praescivit
1118 2905 1261 2964 esse,
1302 2886 1475 2943 sciuit
1512 2888 1702 2959 magis
1742 2886 1829 2943 ad
1860 2902 2028 2943 suam
2069 2884 2676 2976 omnipotentissimam
2711 2885 3014 2943 bonitatem
3023 2886 3334 2976 pertinere

417 2967 585 3025 etz'am
640 2968 711 3025 de
750 2968 919 3025 malis
961 2966 1294 3042 benefacere
1307 3009 1324 3044 ,
1364 2966 1539 3040 quam
1580 2966 1740 3023 mala
1778 2982 1899 3023 esse
1936 2984 2052 3023 non
2093 2966 2298 3022 sinere.
2352 2962 2428 3022 11.
2471 2966 2528 3021 A
2567 2962 2966 3023 Prouidentia.
3019 2964 3114 3024 De
3153 2962 3336 3024 Ciuit.

415 3044 531 3103 Dei
568 3045 671 3106 lib.
716 3064 770 3121 3.
812 3064 941 3122 cap.
983 3064 1083 3123 30.
1141 3046 1311 3104 Deus
1350 3046 1731 3104 actministrat
1766 3045 1960 3103 omnia
1999 3062 2148 3119 quae
2186 3044 2442 3120 creauit,
2484 3045 2560 3102 ὁ·
2599 3047 2685 3105 ita
2723 3050 2789 3105 vt
2825 3045 2996 3103 etiam
3034 3046 3165 3120 ipsa
3195 3052 3336 3121 pro-

406 3127 585 3201 prios
623 3135 807 3184 motas
845 3146 983 3185 suos
1021 3144 1201 3201 agere
1238 3127 1409 3185 sinat
1471 3124 1578 3184 111.
1619 3126 1676 3183 A
1716 3122 2128 3185 Misericordia
2165 3127 2221 3183 &
2259 3086 2502 3183 Iustitia.
2543 3126 2637 3183 De
2677 3132 2932 3216 corrept.
2972 3125 3030 3183 δι
3039 3125 3218 3184 Grat.
3239 3143 3329 3183 ca.

422 3224 483 3281 9.
520 3206 689 3264 Deus
726 3207 1001 3282 permisit
1048 3206 1328 3265 hominem
1371 3206 1589 3264 tentari
1598 3249 1615 3282 ,
1656 3222 1820 3281 quem
1862 3205 2076 3263 sciebat
2108 3222 2230 3261 esse
2267 3221 2542 3262 casurum
2557 3247 2575 3279 ,
2615 3206 2762 3281 quia
2797 3206 2977 3262 simul
3007 3205 3239 3264 videbat
3271 3222 3336 3263 eo

419 3302 558 3343 casu
618 3304 679 3343 se
734 3287 821 3346 vti
854 3296 1035 3364 posse
1072 3288 1160 3344 ad
1190 3286 1673 3345 Misericordiam
1714 3286 1791 3343 ἐν
1828 3285 2126 3343 Iustitiam
2165 3284 2613 3363 declarandam,
2647 3284 2784 3342 dum
2823 3302 2896 3341 ea:
2934 3302 3134 3343 massa
3171 3284 3331 3343 dam-

420 3372 563 3423 nata
600 3367 751 3424 alios
791 3366 937 3423 iuste
960 3368 1195 3445 puniet,
1237 3366 1389 3423 alios
1427 3365 1881 3423 misericorditer
1920 3364 2206 3423 liberabit.

508 3459 597 3520 15.
676 3443 866 3504 Addit
904 3445 961 3503 δι
1000 3444 1172 3519 duas,
1217 3452 1447 3521 praeter
1484 3444 1623 3519 has,
1665 3442 1923 3505 rationes
1960 3443 2063 3504 lib.
2104 3462 2160 3519 3.
2200 3442 2278 3504 de
2317 3442 2538 3503 Libero
2579 3441 2842 3503 Arbitrio
2885 3460 2997 3520 cap
3038 3462 3094 3521 9.
3140 3446 3188 3504 1.
3231 3443 3331 3503 Ab

416 3522 803 3585 vniuersitatis
854 3522 1275 3601 pulcritudine,
1332 3527 1388 3583 &
1439 3526 1517 3583 H.
1570 3489 1651 3585 a’b
1690 3522 1945 3584 hominis
1984 3522 2246 3584 vtilitaoe.
2299 3526 2346 3582 Ι.
2399 3524 2686 3599 Quamuis
2723 3524 2924 3583 anima
2961 3524 3043 3582 sit
3078 3526 3322 3600 nats-cra,

404 3605 814 3681 praestantior
854 3612 1042 3663 tamen
1082 3613 1169 3663 est
1202 3606 1454 3681 quolibet
1486 3613 1759 3683 corpore,
1797 3606 1861 3663 in
1901 3622 1963 3663 se
2000 3606 2393 3682 considerato,
2436 3604 2513 3661 ὁ*
2549 3605 2752 3663 melius
2792 3610 2976 3663 ornat
3005 3604 3192 3662 locum
3229 3604 3325 3663 illi

403 3694 529 3761 pro
580 3686 799 3744 meritis
856 3702 1101 3743 suarum
1162 3686 1449 3744 actionum
1509 3685 1857 3762 deputatum.
1910 3684 2006 3743 De
2049 3684 2270 3745 Genesi
2324 3684 2402 3743 ad
2441 3680 2524 3742 h‘t.
2566 3682 2668 3743 lib.
2707 3700 2770 3742 11
2811 3701 2902 3743 ca.
2943 3702 2998 3755 4.
3039 3684 3117 3741 H.
3173 3684 3322 3741 Non

418 3764 643 3823 videtur
694 3782 947 3840 magnae
998 3764 1195 3824 laudis
1228 3764 1513 3841 futurum
1561 3766 1759 3841 fuisse
1816 3765 2130 3843 hominem,
2170 3766 2228 3823 si
2247 3766 2572 3853 propterea
2611 3764 2748 3823 bene
2786 3765 2982 3823 viuere
3005 3762 3322 3840 potuisset,

416 3845 555 3918 quia
588 3864 704 3903 non
729 3844 935 3921 fuerit
966 3847 1072 3921 qui
1106 3846 1256 3904 mace
1292 3846 1483 3907 viuere
1520 3845 1805 3905 suaderet.
1845 3845 1939 3903 De
1979 3809 2230 3904 Ciuitate
2271 3844 2386 3903 Dei
2423 3842 2528 3902 lib.
2579 3862 2671 3917 14.
2708 3861 2841 3919 cap.
2883 3858 2978 3915 27.
3015 3842 3072 3899 &
3107 3840 3319 3901 eodem

414 3921 569 3984 libro
616 3943 751 4001 cap.
806 3926 865 3984 6.
914 3926 1055 4000 quia
1094 3927 1474 3983 consa'tuerat
1507 3926 1677 3984 Deus
1714 3925 1933 3983 maiori
1958 3926 2170 3999 gloria
2208 3931 2544 3983 tentatorem
2585 3923 2920 3984 vincendum
2959 3922 3034 3987 ab
3071 3922 3321 3983 hominis

413 4004 622 4061 semine
677 4023 791 4061 sua
834 4007 1045 4079 gratia
1092 4007 1330 4065 munito.
1388 4004 1652 4080 Ideoque
1706 4006 1865 4063 recte
1902 4002 2146 4093 dicitur,
2187 4013 2431 4080 propter
2469 4012 2783 4092 peccatum
2821 3998 2998 4061 nobis
3037 3998 3322 4059 donanim

410 4073 521 4141 fuit'
559 4082 943 4144 benedictum
982 4102 1217 4161 semen,
1256 4088 1377 4161 quo
1413 4084 1855 4161 superabundet
1894 4082 2081 4160 gratia
2119 4082 2223 4142 vbi
2259 4081 2586 4143 abundauit
2625 4079 2924 4142 delictum.
2965 4080 3024 4138 &
3062 4082 3120 4138 si
3151 4082 3320 4139 homo

412 4162 699 4221 dtabolica
726 4163 963 4239 fraude
998 4166 1261 4242 deceptus
1298 4184 1413 4223 non
1439 4166 1691 4240 suisset,
1744 4165 1821 4223 ὁ*
1858 4165 1897 4220 ὰ
1936 4165 2062 4237 lege
2098 4164 2212 4222 sibi
2231 4164 2440 4241 posita
2477 4182 2594 4221 non
2630 4162 2942 4240 deuiasset,
2969 4168 3086 4239 per
3123 4178 3322 4219 concu-

400 4242 778 4321 piscentiam,
838 4251 1072 4303 creator
1122 4246 1329 4302 mundi
1383 4251 1661 4303 creatura
1702 4246 1914 4319 sactus·
1952 4263 2067 4302 non
2096 4244 2338 4319 suisset.
2373 4244 2526 4306 Item
2565 4244 2812 4319 August.
2853 4258 3106 4301 sermon.
3149 4260 3206 4317 9.
3246 4238 3324 4298 de

414 4321 581 4383 verb.
620 4324 831 4401 Apost.
872 4326 1069 4385 Nulla
1108 4343 1291 4386 causa
1312 4323 1449 4402 fuit
1491 4324 1723 4388 Christo
1762 4324 2023 4384 Dommo
2061 4325 2326 4385 vemendi
2335 4368 2354 4403 ,
2397 4324 2517 4383 nisi
2537 4329 2875 4403 peccatores
2891 4320 3326 4460 Smg'fassre·

3012 4421 3039 4460 1
3242 4417 3324 4457 on
