3923 4875
90 800 117 1065 ““·ῐ

90 3565 99 3850 ----“
90 3311 101 3528 -ψς-ν-

1447 342 1859 389 :inaniet
1920 342 2136 389 rans
2194 344 2236 389 1.
2383 350 2412 381 ο
3177 338 3294 403 445

352 504 618 565 thronos
637 549 655 582 ,
694 504 757 564 id
800 515 891 566 est
906 548 925 583 ,
971 502 1505 565 administrationes
1554 502 1698 565 olim
1738 503 1798 564 in
1840 505 2068 583 populo
2107 520 2218 565 suo
2249 502 2497 565 instituit
2516 504 2681 563 Deus
2699 548 2715 581 ,
2754 518 3006 579 quarum
3024 500 3300 563 adminis-

350 583 690 646 trationum
736 594 901 644 tanta
942 595 1028 645 est
1048 584 1393 656 necessitas,
1416 597 1478 643 vt
1497 602 1692 663 neque
1714 586 1868 645 ordo
1886 596 2132 645 naturae
2154 586 2280 645 sine
2301 583 2510 645 ordine
2531 584 2794 643 humano
2813 580 2874 642 in
2897 582 3073 642 rebus
3093 581 3302 643 creatis

356 674 643 725 constare
686 664 906 745 possit,
948 682 1145 743 neque
1184 664 1247 725 in
1286 663 1626 726 hominibus
1666 665 1821 727 ordo
1860 664 2083 743 gratiae
2123 664 2248 725 sine
2287 664 2496 725 ordine
2537 662 2743 723 diuino
2787 664 2843 723 &
2864 661 3306 725 Ecclesiastico,

354 744 521 805 Suus
581 755 830 805 naturae
890 745 1044 806 ordo
1109 746 1147 805 a
1208 746 1343 807 Deo
1403 746 1577 806 datus
1626 754 1739 815 est,
1804 748 1859 807 δι
1900 762 2040 806 suus
2075 744 2324 823 gratiae,
2365 750 2654 821 suumque
2695 742 2785 803 ius
2823 742 3034 803 ordine
3072 742 3305 819 vtn'que

356 823 656 886 inditum:
720 824 887 903 quod
954 824 1043 885 ius
1106 827 1144 885 a
1204 824 1447 905 singulis
1501 824 1844 887 hominibus
1898 826 2221 903 prudenter
2275 824 2424 904 coli,
2477 827 2515 885 a
2554 822 2900 885 custodibus
2939 826 3082 884 vero
3123 824 3304 900 quam

364 903 811 985 religiosissime
854 904 1423 984 diligentissimeque
1462 904 1655 985 vrgeri
1694 924 1938 966 necesse
1978 917 2084 966 est.

442 1064 608 1127 Nihil
652 1067 731 1127 de
770 1064 1165 1145 singularibus
1202 1066 1367 1127 istius
1407 1064 1547 1128 iuris
1586 1065 1849 1145 partibus
1891 1064 2108 1126 dicturi
2146 1082 2378 1127 sumus:
2422 1080 2660 1125 oramus
2698 1064 2894 1124 Deum
2907 1107 2925 1140 ,
2957 1062 3097 1123 iuris
3115 1061 3302 1125 diuini

358 1166 438 1208 ex
496 1144 719 1227 gratia,
784 1148 839 1209 &
898 1146 1141 1208 humani
1192 1166 1268 1207 ex
1319 1156 1529 1207 natura
1582 1157 1891 1207 auctorem
1934 1146 2368 1207 sanctissimum
2385 1191 2402 1224 ,
2444 1154 2510 1205 vt
2549 1154 2778 1205 mentes
2818 1143 3131 1203 hominum
3171 1145 3304 1222 plus

356 1227 505 1289 satis
560 1227 682 1287 hoc
742 1228 977 1288 funesto
1012 1237 1287 1305 temporo
1327 1230 1365 1287 a
1406 1227 1530 1289 iure
1570 1228 1913 1287 aberrantes
1951 1226 2173 1288 afficiat
2214 1245 2358 1287 vero
2399 1224 2600 1287 studio
2640 1222 2965 1301 quaerendi
3006 1222 3308 1303 vtriusque

354 1306 536 1369 iuris:
581 1306 721 1385 quia
764 1310 980 1367 frustra
1024 1306 1114 1368 ius
1154 1308 1498 1384 docebitur,
1540 1307 1651 1369 nisi
1692 1308 1859 1368 adest
1897 1306 2132 1368 animus
2167 1307 2458 1367 noscendi
2499 1304 2652 1366 illius
2691 1306 2747 1365 δι
2786 1303 3080 1365 retinendi
3117 1304 3298 1366 studi-

356 1405 534 1467 osus3
574 1404 757 1464 quem
800 1386 1064 1448 animum
1104 1396 1231 1447 tum
1274 1387 1387 1466 ipsi
1424 1388 1629 1466 nobis,
1670 1398 1797 1447 tum
1840 1386 1971 1449 aliis
2010 1385 2290 1448 omnibus
2331 1386 2518 1467 magis
2558 1403 2631 1445 ac
2671 1383 2860 1476 magis
2879 1384 3006 1445 indi
3030 1394 3303 1462 optamus

354 1469 395 1529 ὲ
461 1465 757 1527 Domin0.
820 1468 891 1527 Id
956 1484 1138 1527 vnum
1192 1466 1411 1529 dicturi
1452 1486 1684 1545 sumus,
1735 1468 1901 1545 quod
1941 1487 2016 1528 ex
2057 1466 2256 1527 multis
2295 1466 2633 1547 Scripturae
2671 1466 2823 1526 locis
2863 1466 3026 1542 apud
3065 1466 3303 1527 Mosem

358 1556 629 1608 constat:
687 1547 1197 1625 quemadmodum
1249 1550 1567 1627 populares
1584 1594 1600 1625 ,
1650 1548 1804 1608 inter
1856 1564 2010 1624 quos
2049 1546 2126 1607 de
2164 1545 2292 1607 iure
2331 1566 2455 1607 non
2495 1544 2634 1607 satis
2674 1544 3094 1624 conueniebat,
3133 1563 3302 1625 supe-

363 1629 552 1689 riores
614 1644 757 1689 suos
808 1628 1232 1702 consulebant,
1286 1641 1352 1689 vt
1401 1628 1545 1707 quid
1595 1626 1737 1691 iuris
1774 1638 1928 1689 esset
1969 1644 2042 1687 ex
2081 1626 2166 1687 eis
2209 1636 2674 1707 cognoscerent3
2713 1630 2794 1686 ita
2835 1624 3010 1686 etiam
3051 1644 3156 1687 eos
3197 1626 3300 1705 qui

362 1708 479 1771 iuri
520 1707 777 1768 dicendo
824 1718 1165 1789 praeerant,
1206 1710 1253 1770 si
1293 1710 1383 1769 ius
1424 1727 1547 1769 non
1589 1718 1890 1785 tenerent,
1931 1718 2032 1767 aut
2072 1724 2197 1767 non
2234 1706 2371 1768 satis
2412 1706 2524 1768 sibi
2547 1718 2748 1768 tenere
2769 1704 3141 1785 viderentur,
3177 1724 3301 1767 non

362 1789 591 1849 temere
632 1788 689 1849 δι
729 1806 841 1867 pro
882 1786 1140 1865 imperio
1181 1788 1631 1852 consulentibus
1674 1786 2086 1867 respondisse3
2125 1787 2232 1848 sed
2279 1792 2643 1867 potestatem
2663 1803 2984 1863 summam,
3006 1803 3302 1848 summum

362 1868 507 1931 iuris
548 1872 1033 1947 potestatumque
1068 1880 1405 1949 auctorem,
1446 1868 1813 1929 consuluisse
1830 1915 1847 1946 ,
1888 1888 1961 1929 ex
2004 1867 2169 1928 cuius
2211 1887 2316 1928 ore
2356 1876 2442 1942 (vt
2483 1868 2783 1945 Scriptura
2803 1866 3082 1945 loquitur.
3123 1869 3301 1929 Num.

372 1966 469 2026 27.
513 1952 595 2027 5.)
636 1965 925 2026 responsa
966 1948 1195 2009 darent.
1234 1952 1433 2028 Atque
1473 1950 1629 2010 hanc
1672 1968 1795 2009 rem
1836 1968 1960 2010 non
2004 1950 2198 2009 solum
2238 1948 2320 2027 pij
2360 1966 2529 2027 reges
2570 1947 2626 2006 δι
2664 1946 2961 2026 principes
2995 1946 3302 2025 diligenter

371 2032 767 2091 obseruarunt
812 2027 869 2088 in
912 2029 1091 2089 rebus
1132 2029 1437 2107 humaniS,
1492 2029 1876 2091 verumetiam
1918 2046 2113 2089 rerum
2157 2045 2452 2089 sacrarum
2496 2026 2824 2089 administri
2866 2047 2941 2088 eo
2977 2027 3305 2106 religiosius

366 2112 449 2171 ad
508 2109 944 2170 consulendum
975 2109 1305 2171 Dominum
1342 2109 1681 2183 adiuerunt,
1732 2127 1853 2186 quo
1904 2110 2142 2188 grauius
2182 2108 2242 2169 in
2290 2110 2468 2171 rebus
2507 2105 2720 2169 sanctis
2763 2110 2818 2169 δι
2857 2106 3073 2168 diuinis
3112 2112 3295 2185 quam

363 2189 423 2251 in
468 2188 735 2268 profanis
774 2199 955 2266 atque
994 2188 1268 2251 humanis
1302 2190 1539 2270 peccari
1579 2190 2125 2251 animaduerterunt
2142 2210 2173 2250 :-
2198 2188 2544 2267 praesertim
2565 2188 2702 2249 cum
2725 2186 2838 2248 sibi
2857 2186 3080 2263 conscij
3103 2200 3300 2249 essent

368 2272 551 2347 longe
612 2268 1010 2348 angustiorem
1073 2268 1213 2347 ipsis
1274 2288 1401 2331 esse
1456 2280 1806 2349 potestatem
1859 2272 1897 2329 a
1932 2271 2068 2330 Deo
2112 2268 2486 2345 attributam,
2525 2268 2588 2329 id
2628 2278 2746 2343 est,
2791 2287 2912 2329 non
2952 2267 3300 2329 auctoritate

369 2349 644 2429 politica,
706 2350 812 2409 sed
874 2348 1373 2411 administratoria
1430 2354 1622 2411 solum
1672 2370 1737 2411 se
1790 2368 1921 2410 esse
1969 2350 2300 2444 praeditOS,
2341 2368 2520 2429 supra
2559 2366 2740 2427 quem
2779 2346 3301 2409 administrationis

368 2429 617 2492 modum
658 2427 709 2491 si
748 2428 894 2508 quid
935 2443 1284 2510 arrogarent
1322 2430 1474 2512 sibi,
1515 2428 1763 2510 impium
1804 2432 1934 2492 fore
1975 2449 2037 2491 m
2076 2430 2275 2491 Deum
2292 2476 2309 2511 ,
2329 2431 2385 2491 δι
2406 2428 2740 2492 Ecclesiam
2762 2428 2885 2491 eius
2907 2428 3302 2509 sacrilegium.

444 2591 646 2666 Atque
683 2591 806 2651 hoc
844 2590 991 2652 illud
1031 2602 1149 2670 est,
1208 2592 1288 2654 ad
1334 2591 1501 2670 quod
1541 2589 1893 2652 nominatim
1934 2591 2232 2670 Propheta
2271 2589 2654 2672 respiciebat,
2696 2591 2834 2652 eum
2881 2590 3101 2650 faceret
3139 2609 3303 2650 men-

368 2667 590 2730 tionem
634 2673 807 2732 iuris.
867 2673 1023 2732 Nam
1065 2674 1231 2733 Deus
1272 2672 1425 2735 inter
1464 2683 1660 2733 vestes
1699 2690 1895 2734 sacras
1939 2673 2138 2753 λόγιον
2177 2669 2538 2748 instituerat,
2579 2672 2747 2749 quod
2787 2670 2968 2748 vulgo
3007 2689 3083 2730 ex
3119 2682 3302 2732 trans·

366 2748 587 2810 latione
627 2760 824 2812 vetere
864 2753 1173 2813 Pectorale
1211 2751 1353 2814 iuris
1392 2755 1749 2831 appellatur:
1792 2771 1863 2812 ex
1906 2769 2028 2830 quo
2069 2750 2358 2829 pectorali
2391 2753 2556 2813 Deus
2596 2770 2704 2828 per
2721 2750 2890 2811 Vrim
2911 2752 2968 2811 &
2987 2750 3292 2811 Tummim

362 2829 765 2906 respondebat
822 2842 988 2892 extra
1042 2832 1317 2893 ordinem
1367 2831 1848 2910 consulentibus,
1890 2830 2086 2908 siquid
2125 2832 2363 2910 grauius
2379 2879 2396 2908 ,
2435 2841 2538 2893 aut
2580 2831 2746 2908 quod
2787 2829 3090 2890 scientiam
3133 2849 3301 2891 exce-

364 2910 533 2970 deret
572 2909 867 2989 ipsorum,
909 2911 1179 2973 oriretur.
1222 2913 1386 2974 Hinc
1425 2932 1593 2994 reges
1608 2959 1625 2988 ,
1658 2912 1801 2973 hinc
1834 2911 2170 2973 sacerdotes
2185 2959 2202 2989 ,
2223 2913 2366 2974 hinc
2387 2913 2611 2973 iudices
2631 2930 2918 2990 responsa
2941 2912 3298 2991 exorabant,

364 2989 417 3050 δι
459 2989 607 3050 certi
646 2991 872 3069 aliquid
911 2995 1396 3073 cognoscebant,
1438 2995 1515 3054 de
1558 2995 1734 3054 rebus
1774 2990 2032 3052 incertis.
2076 2994 2247 3070 Quae
2291 3010 2428 3054 cum
2467 2993 2550 3053 ita
2589 2992 2736 3071 sint,
2756 2990 3004 3054 omnino
3027 2991 3295 3053 videmus

368 3072 547 3146 quam
603 3089 809 3132 verum
850 3069 924 3132 sit
964 3071 1109 3133 illud
1156 3075 1323 3152 quod
1360 3077 1498 3134 ante
1541 3073 1920 3150 dicebamus,
1975 3071 2073 3130 hic
2112 3071 2209 3151 agi
2247 3073 2622 3166 potissimum
2672 3073 2750 3133 de
2788 3071 3000 3133 ordine
3039 3071 3294 3133 Ecclesi-

367 3147 553 3210 astico
569 3195 586 3225 ,
640 3169 762 3231 quo
804 3154 969 3213 Deus
1009 3153 1227 3216 sanctis
1270 3155 1415 3216 olim
1456 3153 1645 3216 voluit
1684 3154 1995 3215 consulere
2035 3153 2091 3211 ὅτ
2131 3153 2429 3214 testificari
2448 3153 2840 3232 praesentiam
2861 3169 3055 3230 suam,
3097 3150 3202 3213 sed
3219 3171 3296 3214 ex

366 3249 438 3292 eo
498 3231 763 3308 sequitur
814 3233 929 3292 alia
990 3253 1119 3295 esse
1171 3249 1455 3313 perpetua
1492 3233 1553 3294 in
1596 3233 1809 3295 ordine
1847 3231 2298 3309 EcclesiasticO,
2340 3234 2454 3294 alia
2493 3232 2870 3293 transeuntia.
2934 3234 3290 3311 Perpetuam

368 3309 576 3371 habuit
635 3312 907 3374 Ecclesia
962 3317 1161 3395 λόγων
1210 3314 1353 3375 inde
1392 3318 1430 3375 a
1470 3313 1791 3392 principie,
1830 3313 1885 3372 δι
1926 3313 2201 3374 habitura
2241 3324 2330 3374 est
2369 3315 2448 3374 ad
2491 3311 3068 3374 consummationem
3107 3331 3292 3390 vsque

377 3390 625 3451 saeculi:
682 3395 1109 3472 temporarium
1148 3398 1292 3456 vero
1334 3393 1542 3455 habuit
1580 3393 1775 3473 prisca
1816 3393 2087 3454 Ecclesia
2126 3393 2487 3454 Iudaeorum
2526 3396 2583 3455 &
2623 3393 3021 3454 ceremoniale
3057 3405 3293 3470 praeter

373 3470 485 3532 alia
526 3471 781 3550 plurima
820 3475 1037 3554 λόγων.
1092 3475 1351 3536 Transiit
1388 3473 1729 3536 ceremonia
1768 3475 1825 3534 &
1867 3471 2174 3550 antiquata
2213 3485 2330 3554 est3
2371 3472 2542 3554 λόγος
2581 3475 2640 3534 in
2681 3475 2948 3534 seculum
2987 3485 3294 3552 permanet

371 3569 546 3630 quem
612 3571 723 3613 nos
788 3553 1223 3630 consuluimus,
1286 3557 1341 3616 δι
1392 3573 1602 3615 omnes
1653 3553 2036 3614 administros
2093 3553 2208 3614 Dei
2248 3551 2668 3631 aequissimum
2725 3565 2814 3614 est
2852 3553 3124 3646 sepositis
3164 3553 3292 3615 aliis

370 3631 645 3694 omnibus
686 3632 893 3694 studiis
932 3635 988 3694 δι
1029 3633 1555 3714 occupationibus,
1596 3634 1813 3712 quibus
1852 3634 1985 3710 plus
2023 3649 2218 3712 aequo
2257 3633 2513 3713 incon(f.
2559 3633 2938 3710 720)siderat1
2980 3634 3035 3693 &
3073 3632 3290 3712 impru-

374 3711 578 3773 dentes
636 3717 816 3791 quam
858 3713 1100 3791 plurimi
1138 3715 1565 3794 immerguntur
1580 3759 1599 3794 ,
1638 3712 2069 3776 studiosissime
2107 3716 2440 3774 consulere.
2499 3715 2696 3792 Atque
2737 3715 2887 3774 haec
2927 3713 3172 3790 quidem
3213 3715 3290 3775 de

370 3803 656 3870 potestate
698 3792 1119 3854 Ecclesiastica
1133 3841 1151 3870 ,
1192 3813 1373 3872 quam
1414 3797 1578 3855 Deus
1616 3794 1679 3856 in
1718 3793 2078 3855 Iudaeorum
2121 3793 2392 3855 Ecclesia
2429 3794 2781 3856 auctoritate
2807 3812 2911 3855 sua
2940 3793 3289 3856 sanciuerat.

446 3871 609 3932 Illius
648 3885 845 3934 autem
885 3874 1193 3951 potestatis
1234 3877 1290 3936 δι
1332 3874 1557 3937 ordinis
1574 3921 1591 3951 ,
1634 3875 1787 3936 sicut
1826 3873 2006 3934 etiam
2026 3873 2302 3952 humani,
2343 3875 2624 3934 custodes
2643 3873 2889 3935 instituit
2908 3875 3074 3934 Deus
3093 3874 3292 3954 Reges

375 3951 426 4010 &
466 3951 809 4046 Principes,
850 3971 1108 4032 quorum
1149 3955 1299 4016 solia
1337 3955 1397 4016 in
1444 3956 1661 4034 pietate
1698 3953 2036 4030 iustitiaque
2075 3953 2565 4016 constabiliuntur
2585 3957 2622 4014 a
2639 3955 2925 4016 Domino.
2968 3957 3294 4034 Propterea

372 4031 593 4092 Psaltes
630 4036 709 4094 ab
750 4035 843 4094 lus
884 4035 1277 4112 potestatibus
1298 4080 1317 4114 ,
1361 4054 1509 4114 quas
1548 4033 1990 4096 Ecclesiasticus
2029 4034 2457 4112 appellauimus
2471 4079 2490 4112 ,
2542 4034 2622 4095 ad
2654 4033 2892 4095 ciuilem
2933 4044 3290 4113 potestatem

370 4111 572 4172 transit
588 4155 605 4185 ,
648 4112 969 4175 subiiciens
1008 4112 1235 4176 ibidem
1280 4117 1524 4176 thronos
1562 4117 1651 4176 ad
1681 4117 1911 4177 domum
1952 4116 2219 4176 Dauidtlr
2257 4113 2319 4174 in
2358 4114 2506 4175 vrbe
2544 4113 3108 4192 Hierosolymorum
3149 4133 3293 4177 con·

378 4191 607 4271 sistere3
668 4204 953 4271 tanquam
1012 4194 1061 4256 si
1120 4195 1347 4256 diceret
1408 4197 1607 4256 Deum
1667 4206 1977 4256 auctorem
2035 4213 2166 4256 esse
2221 4205 2466 4256 naturae
2527 4194 2744 4274 pariter
2801 4215 2874 4256 ac
2926 4194 3176 4276 gratiae3
3216 4215 3292 4256 ac

379 4271 628 4351 proinde
666 4285 734 4335 vt
768 4275 993 4354 gratiae
1032 4275 1409 4338 administras
1450 4286 1774 4355 potestates
1814 4274 2088 4356 ordinat,
2125 4275 2210 4336 ita
2249 4275 2427 4336 etiam
2465 4287 2709 4338 naturae
2729 4277 2786 4336 &
2806 4275 3051 4337 humani
3067 4275 3292 4337 ordinis

378 4361 697 4432 potestates
748 4373 879 4418 esse
928 4355 1009 4416 ab
1059 4355 1436 4419 ordinatione
1488 4355 1641 4419 eius:
1692 4358 1968 4434 Cumque
2013 4365 2257 4418 naturae
2309 4356 2472 4417 bona
2523 4353 2790 4435 perficiat
2829 4355 3012 4436 gratia
3021 4375 3140 4498 ³300
3139 4373 3290 4496 1ιιοιιι

3161 4455 3234 4498 ὅ
3265 4481 3286 4516 a
