3923 4875
562 339 677 396 144
1516 337 1852 386 tunsus
1908 339 2558 388 rnnonosrcat.

556 501 612 560 δι
650 498 737 560 rei
776 499 957 578 ipsius
1000 497 1256 577 aliquam
1298 500 1755 593 explicationem
1794 501 2068 581 religiose
2109 521 2240 564 esse
2287 501 2348 564 in
2387 500 2658 566 Ecclesia
2699 501 3042 562 seruandas.
3063 503 3120 561 ὅτ
3139 502 3470 566 doctrinam

558 580 745 658 hanc,
799 589 867 638 vt
912 579 1191 640 omnibus
1232 580 1537 642 seruandis
1570 582 1992 656 necessariam,
2033 593 2244 643 contra
2283 583 2548 646 omnium
2588 593 2706 642 tam
2749 593 3012 643 veterum
3053 585 3232 675 quam
3273 603 3470 646 recen·

555 659 698 719 tium
757 659 1189 720 haereticorum
1242 660 1643 738 blasphemias
1694 671 1825 722 toto
1880 673 2124 740 pectore
2162 664 2654 742 amplectendam.
2715 662 2830 722 Cui
2869 662 2968 722 vni
3009 665 3064 723 δι
3103 661 3291 724 Τιίιιο
3331 666 3465 725 Deo

552 738 742 814 Patri,
788 739 971 816 Filio,
1013 741 1068 798 δι
1110 739 1348 818 Spiritui
1388 741 1611 801 Sancto
1652 740 1727 802 sit
1764 744 1961 804 honos
2000 744 2057 802 δι
2097 743 2304 822 gloria.

1090 1179 1259 1239 XIII.
1338 1179 1473 1238 DE
1534 1177 2026 1280 PEkspNA
2086 1179 2475 1239 PATRIS
2535 1181 2590 1240 ὅτ
2648 1180 2936 1256 FILIJ.

660 1353 995 1420 Vnitatem
1042 1359 1372 1422 essentiae
1418 1358 1493 1422 in
1534 1357 1849 1441 personis
1895 1358 2118 1422 tribus
2140 1359 2570 1423 subsistentis
2587 1408 2604 1435 ‚
2637 1359 3013 1425 trinitatem
3027 1371 3474 1442 personarum

555 1445 629 1509 iu
677 1466 747 1509 se
762 1495 778 1522 ,
836 1468 965 1511 non
1026 1451 1229 1512 extra
1288 1449 1611 1514 essentiae
1669 1449 1999 1514 vnitatem
2059 1449 2556 1515 subsistentium
2574 1499 2590 1527 ,
2646 1450 2946 1515 vidimus
2995 1452 3430 1516 communiter
3445 1473 3470 1516 .·

552 1535 817 1602 ordinis
864 1537 1177 1603 instituti
1219 1540 1404 1603 ratio
1438 1539 1776 1622 postulat,
1825 1550 1902 1605 vt
1946 1561 2075 1623 quo
2112 1539 2392 1623 plenius
2410 1590 2426 1617 ,
2481 1543 2552 1606 &
2587 1539 2906 1624 planiae,
2953 1560 3123 1624 quae
3165 1542 3240 1604 a'e
3275 1553 3472 1607 mate-

553 1627 725 1691 riali
778 1627 841 1690 T
832 1627 1177 1716 heologiae
1222 1639 1495 1695 nostrae
1548 1635 1789 1694 caussa
1836 1631 1909 1695 in
1971 1631 2043 1695 T.
2091 1631 2185 1696 N.
2235 1635 2306 1696 ὅ·
2363 1631 2436 1699 V.
2484 1632 2672 1696 nobis
2717 1633 3020 1697 reuelata
3041 1642 3230 1710 sunt,
3256 1633 3476 1715 expli-

551 1739 768 1782 cemus
785 1767 801 1794 ,
849 1720 929 1784 de
973 1720 1194 1784 tribus
1233 1720 1539 1802 personis
1584 1721 1888 1805 deinceps
1931 1743 2221 1806 agamus
2264 1721 2741 1806 singulariter.

1799 1933 2132 1992 Τιιιιειε
2192 1949 2234 1993 ι.

640 2128 692 2170 ι.
771 2109 985 2166 Paua
1022 2116 1113 2168 est
1162 2125 1416 2200 persona
1454 2106 1648 2200 prima
1687 2109 1749 2168 S.
1788 2105 2141 2200 TrinitatiS,
2177 2113 2428 2188 ἄναρχος
2465 2111 2504 2167 a
2541 2126 2606 2168 se
2646 2127 2772 2169 non
2809 2109 2890 2170 ab
2918 2107 3038 2170 alio
3059 2107 3310 2170 existens
3326 2154 3344 2185 ,
3366 2128 3470 2186 per

554 2208 650 2263 se,
707 2187 769 2247 in
827 2205 920 2265 se,
971 2187 1031 2247 in
1090 2187 1308 2248 vnitate
1354 2188 1642 2248 essentiae
1696 2187 1911 2266 filium,
1964 2186 2283 2266 imaginem
2321 2205 2524 2267 suam,
2571 2191 2877 2250 aeternum
2914 2188 3196 2267 gignenS,
3235 2191 3290 2248 &
3330 2207 3470 2248 cum

555 2267 707 2327 Filio
750 2267 1027 2345 Spiritum
1068 2267 1352 2328 Sanctum
1392 2266 1641 2344 spirans.

638 2367 689 2406 2.
770 2349 1011 2406 Patrem
1052 2367 1190 2408 cum
1232 2346 1511 2426 dicimus,
1551 2364 1673 2406 non
1708 2345 2052 2423 respicimus
2084 2349 2170 2422 (vt
2203 2365 2276 2407 ex
2296 2344 2713 2440 descriptione
2713 2348 2826 2407 hac
2845 2347 3263 2425 qualicumque
3282 2348 3469 2424 patet)

551 2425 930 2503 relationem,
970 2445 1148 2505 quam
1186 2440 1491 2488 creaturae
1530 2427 1753 2488 habent
1788 2427 1869 2487 ad
1908 2435 2238 2488 creatorem
2277 2440 2450 2519 suum
2493 2431 2589 2504 (ea
2621 2425 2778 2488 enim
2813 2436 2902 2489 est
2919 2428 3000 2489 ad
3018 2428 3214 2489 Deum
3235 2428 3470 2487 Patrem

553 2507 967 2579 essentialiter,
1030 2518 1095 2568 vt
1151 2509 1317 2568 Deus
1376 2526 1527 2568 vnus
1578 2516 1669 2568 est
1720 2505 1972 2567 essentia
1985 2552 2004 2583 ,
2060 2506 2330 2606 personis
2382 2506 2598 2585 trinus,
2649 2509 2848 2578 Pater,
2899 2506 3080 2569 Filius
3119 2510 3174 2568 δι
3217 2506 3466 2599 Spiritus

554 2589 827 2663 Sanctus)
878 2587 985 2647 sed
1026 2585 1373 2648 relationem
1416 2604 1595 2663 quam
1635 2586 1817 2647 habet
1854 2584 2008 2646 filius
2048 2587 2352 2647 aeternum
2404 2586 2637 2664 genitus
2675 2586 2753 2647 ad
2793 2554 3027 2647 P’atrem
3065 2583 3467 2679 personaliter.

554 2670 697 2727 Hoc
744 2682 1092 2743 monemus,
1141 2664 1627 2757 quandoquidem
1667 2664 1950 2726 haeretici
1991 2682 2230 2745 omneS,
2270 2664 2374 2742 qui
2413 2665 2542 2742 Filij
2582 2668 2638 2727 &
2677 2665 2924 2744 Spiritus
2965 2666 3152 2727 sancti
3189 2664 3470 2727 deitatem

552 2757 937 2825 oppugnant,
976 2756 1360 2823 posteriorem
1400 2747 1557 2805 hanc
1599 2744 1947 2806 relationem
1986 2755 2296 2835 negantes,
2337 2746 2475 2805 cum
2516 2747 2752 2806 Patrem
2791 2748 2984 2806 solum
3024 2763 3231 2806 verum
3269 2746 3466 2805 Deum

552 2846 681 2887 esse
720 2836 1019 2903 asserunt,
1060 2824 1197 2885 licet
1234 2824 1545 2885 nobiscum
1586 2823 1924 2885 consentire
1963 2822 2276 2885 videantur
2289 2868 2308 2903 ,
2349 2842 2556 2885 reuera
2593 2835 2794 2886 tamen
2833 2824 3324 2901 aequiuocatione
3368 2826 3470 2883 fal-

552 2906 712 2966 lunt:
774 2922 969 2982 neque
1029 2904 1184 2965 enim
1245 2904 1489 2965 nomine
1541 2902 1727 2964 Patris
1778 2922 2100 2981 personam
2139 2912 2396 2981 certam,
2445 2922 2599 2981 quae
2635 2922 2773 2965 cum
2814 2903 2966 2963 Filio
3006 2905 3063 2963 δι
3102 2904 3205 2983 Sp.
3245 2904 3467 2964 Sancto

554 2987 716 3046 solus
778 3002 950 3045 verus
1009 2986 1172 3045 Deus
1230 2983 1336 3060 sit,
1394 2982 1751 3061 intelligunt:
1802 2984 1909 3043 sed
1940 2982 2164 3075 ‘ipsum
2216 3000 2594 3044 communem
2639 2981 2907 3043 omnium
2946 2984 3177 3061 Deum,
3217 2982 3278 3043 in
3313 3000 3436 3059 quo
3451 3026 3470 3059 ,

555 3084 663 3143 per
722 3082 900 3142 quem
958 3066 1015 3124 δι
1066 3074 1311 3143 propter
1361 3081 1539 3140 quem
1596 3073 1733 3123 sunt
1790 3061 2027 3141 omnia,
2083 3079 2338 3140 eumque
2399 3064 2626 3139 solum,
2687 3062 2936 3124 exclusis
2974 3062 3126 3124 Filio
3165 3064 3222 3121 δι
3265 3063 3366 3140 Sp.
3407 3063 3469 3123 S.

551 3145 837 3203 lehouam
879 3161 1009 3204 esse
1046 3152 1332 3204 asserunt.
1392 3143 1519 3203 Nos
1559 3146 1702 3203 vero
1742 3143 1978 3203 Patrem
2017 3142 2149 3217 (sed
2189 3160 2328 3201 cum
2369 3140 2523 3203 Filio
2566 3143 2624 3201 δι
2660 3143 2762 3220 Sp.
2782 3143 3028 3218 Sancto)
3049 3145 3242 3204 solum
3263 3158 3468 3201 verum

555 3223 753 3283 Deum
814 3241 971 3299 esse,
1031 3224 1086 3281 &
1148 3240 1462 3313 personam
1521 3224 1559 3280 a
1618 3220 1770 3281 Filio
1786 3264 1805 3299 ,
1863 3223 1919 3282 δι
1973 3220 2192 3300 Spiritu
2231 3222 2452 3282 Sancto
2489 3221 2722 3283 realiter
2761 3220 3128 3301 distinctam,
3169 3224 3372 3283 sancte
3411 3221 3468 3279 δι

556 3300 828 3379 religiose
866 3320 943 3361 ex
982 3302 1199 3362 Sancta
1238 3300 1539 3378 Scriptura
1576 3302 1958 3361 affirmamus

632 3398 689 3456 3.
769 3382 1004 3441 Patrem
1044 3398 1251 3441 verum
1295 3382 1491 3439 Deum
1532 3398 1689 3451 esse,
1730 3380 2024 3441 edocente
2061 3380 2182 3440 hoc
2217 3378 2529 3472 Scriptura
2566 3381 2628 3440 S.
2658 3378 3014 3442 testimoniis
3031 3377 3304 3455 infinitis,
3326 3380 3464 3439 cum

552 3460 937 3537 profiteantur
996 3479 1201 3521 omnes
1263 3460 1426 3535 (licet
1481 3460 1793 3550 (f.1627.)
1848 3460 1966 3519 alia
2003 3468 2181 3535 atque
2217 3449 2336 3519 alia
2375 3458 2624 3535 ratione)
2663 3478 2776 3521 nec
2811 3470 3058 3539 negent,
3097 3459 3210 3520 nisi
3251 3458 3323 3535 ij,
3365 3457 3468 3535 qui

552 3558 665 3599 nec
726 3548 965 3599 naturae
980 3582 998 3617 ,
1058 3558 1171 3600 nec
1229 3538 1567 3616 Scripturae
1628 3537 1947 3617 quicquam
1999 3538 2326 3600 tribuentes
2364 3540 2562 3599 Deum
2601 3558 2730 3600 esse
2765 3550 3016 3617 negant,
3055 3557 3178 3599 non
3219 3538 3466 3597 demon-

552 3627 825 3679 stramus.
880 3620 1201 3679 Personam
1240 3621 1384 3679 vero
1426 3636 1555 3679 esse
1592 3621 1631 3678 a
1668 3617 1821 3679 Filio
1862 3618 2097 3679 realiter
2134 3618 2470 3679 distinctam
2509 3618 2850 3679 testimonio
2889 3619 2946 3678 δι
2987 3620 3217 3681 ratione
3255 3618 3466 3694 proba·

552 3714 714 3775 mus,
753 3698 861 3759 sed
900 3698 1083 3759 verbo
1124 3700 1355 3759 tantum
1394 3716 1534 3758 νιιο.

633 3796 691 3849 4.
770 3779 1092 3837 Personam
1152 3798 1272 3838 esse
1328 3776 1508 3837 docet
1561 3777 1891 3868 Apostolus
1951 3778 2032 3837 ad
2071 3778 2263 3839 Hebr.
2313 3797 2365 3837 1.
2409 3778 2546 3837 cum
2586 3776 2768 3838 filium
2809 3776 2953 3837 dicit
2991 3783 3323 3867 χαρακτῆρα
3363 3782 3464 3849 τῆς

554 3854 882 3923 ὕποςάσως
934 3863 1038 3916 τοῦ
1091 3858 1325 3935 πατρὸς.
1390 3853 1668 3917 Similiter
1722 3855 1872 3916 ratio
1929 3876 2003 3917 ex
2063 3856 2404 3917 definitione
2454 3874 2742 3949 personae
2777 3856 3111 3947 desumpta.
3173 3854 3466 3914 Definitur

553 3939 695 3991 vero
748 3954 1003 4010 persona
1050 3934 1453 4028 subsistentia,
1495 3952 1649 4012 quae
1688 3934 2146 4013 proprietatibus
2183 3935 2302 3996 suis
2339 3934 2822 3997 characteristicis
2859 3953 2966 3995 seu
3005 3932 3465 3994 indiuidualibus

554 4008 613 4067 in
672 4030 795 4071 vno
846 4014 1045 4090 aliquo
1100 4013 1409 4075 indiuiduo
1464 4012 1825 4091 intelligente
1873 4026 1964 4077 est
2004 4015 2422 4088 determinata,
2463 4014 2548 4075 ita
2585 4024 2812 4091 tamen,
2852 4026 2918 4075 ut
2951 4013 3189 4075 alterius
3228 4032 3352 4073 non
3391 4013 3466 4072 sit

553 4107 710 4164 pars.
772 4092 942 4151 Haec
980 4099 1123 4155 vero
1164 4094 1430 4155 definitio
1471 4094 1607 4153 cum
1650 4094 1806 4155 Patri
1848 4094 2199 4174 conueniat,
2239 4093 2448 4171 quidni
2485 4096 2720 4156 Patrem
2758 4112 3072 4173 personam
3113 4088 3406 4153 dicimus?

637 4183 691 4243 5.
772 4170 1091 4232 Personam
1152 4178 1189 4233 a
1248 4172 1399 4234 Filio
1450 4171 1789 4234 distinctam
1842 4192 1972 4235 esse
2012 4180 2158 4249 (non
2182 4140 2525 4234 secundum
2565 4194 2724 4253 esse,
2763 4175 2929 4251 quod
2971 4188 3321 4249 commune,
3361 4171 3466 4232 sed

555 4244 905 4335 subsistere,
954 4252 1119 4324 quod
1160 4251 1447 4329 cuiusque
1484 4270 1773 4328 personae
1812 4254 2144 4331 proprium)
2183 4253 2482 4331 Scriptura
2521 4254 2726 4315 itidem
2767 4253 2962 4313 multis
2999 4252 3060 4312 in
3101 4252 3249 4311 locis
3289 4254 3468 4311 docet

554 4322 909 4403 clarissime,
974 4332 1600 4391 loan.1.1.18.&·
1650 4351 1739 4404 14.
1792 4350 1885 4392 ιο.
1946 4342 2128 4408 atque
2175 4334 2330 4393 adeo
2381 4332 2440 4392 in
2495 4332 2564 4391 iis
2603 4332 2912 4410 omnibus,
2951 4331 3012 4392 in
3045 4330 3260 4408 quibus
3297 4333 3468 4468 {aiter

3393 4426 3462 4468 us
