3923 4875
1396 339 1501 390 nr:
1558 340 1783 388 vent.
1844 341 2379 391 Tnnonoeu..
3273 325 3347 408 63

456 510 561 584 qui
613 509 675 567 in
735 517 903 567 terra
958 509 1213 584 degunt;
1260 509 1567 567 secundum
1618 527 1791 584 quam
1832 510 2046 566 lumine
2087 509 2483 585 intellectuali,
2526 511 2754 566 ratione
2792 516 2978 567 tamen
3021 517 3358 569 transeunte

456 596 627 664 atquc
666 588 1035 667 imperfecta,
1073 590 1531 680 contemplantur
1560 587 1755 646 Deum
1777 589 1854 646 ὁ·
1892 607 1991 646 res
2030 590 2262 646 diuinas
2301 590 2482 664 ipsius
2513 597 2626 664 per
2657 608 2767 646 sua
2786 591 3162 666 incrementa,
3184 591 3357 648 donec

440 668 768 745 perfectam
829 669 943 730 visi
946 686 1109 726 onem
1148 670 1268 726 eius
1308 675 1732 744 consequantur
1776 669 1863 726 ad
1887 670 2150 742 gloriam
2189 669 2389 744 ipsius.
2442 669 2512 726 In
2551 669 2666 727 hac
2705 666 3046 728 definitione
3087 668 3355 745 exposito

454 748 758 808 communi
816 767 1032 826 genere
1091 750 1146 806 &
1200 745 1527 808 differentia
1584 747 1660 806 ad
1718 746 2121 807 definitionem
2173 745 2382 807 iustam
2432 747 2758 836 pertinente
2775 792 2792 825 ,
2847 747 3108 825 singulae
3146 765 3358 808 causae

454 827 669 888 eodem
735 827 944 888 ordine
1002 827 1339 905 traduntur,
1399 844 1575 904 quem
1636 836 1775 886 ante
1826 827 2060 902 sequuti
2111 843 2329 887 sumus,
2391 828 2546 886 Nam
2585 826 2843 918 primum
2883 844 3060 887 causa
3098 827 3360 888 efficiens

454 907 792 967 nominatur
851 909 1019 966 Deus
1064 916 1185 984 per
1243 909 1511 983 spiritum
1572 908 1923 965 reuelatz'one
1977 906 2424 997 communicans
2439 951 2456 984 ,
2507 908 2563 965 δι
2614 905 2854 984 quidem
2897 915 3148 966 naturae
3185 909 3358 966 huius

452 995 689 1047 nostrae
732 996 839 1048 aut
866 981 1108 1063 gratiae
1147 987 1417 1063 beneficio
1454 1005 1595 1065 erga
1634 1003 1738 1046 eos
1776 983 2048 1047 homines
2087 985 2190 1063 qui
2228 985 2288 1044 in
2329 997 2482 1046 terra
2525 987 2779 1077 degunt,
2821 985 3019 1047 vocati
3061 985 3262 1046 Sancti
3300 989 3355 1046 δι

451 1067 910 1144 promissionum
970 1065 1311 1126 salutarium
1370 1066 1655 1126 haeredes
1713 1065 1774 1124 in
1834 1065 2072 1126 Christo
2124 1068 2280 1126 Iesu.
2341 1068 2496 1126 Tum
2548 1065 2794 1126 materia
2826 1065 3186 1142 ostenditur,
3229 1065 3354 1126 siue

451 1145 783 1220 obiectum,
846 1147 1010 1225 quod
1070 1145 1401 1223 Theologia
1457 1145 1633 1206 nobis
1692 1145 1839 1206 sistit
1886 1147 2454 1222 apprehendendum
2495 1146 2638 1206 fide:
2681 1164 2897 1222 nempe
2935 1147 3102 1204 Deus
3141 1145 3218 1204 &³
3257 1165 3353 1204 res

451 1228 685 1286 diuinae
720 1229 918 1304 ipsius.
957 1224 1192 1286 Deinde
1230 1227 1421 1286 forma
1457 1224 1796 1302 exponitur,
1844 1225 2010 1300 quod
2048 1226 2352 1284 secundum
2391 1227 2545 1284 hanc
2577 1226 2931 1304 Sapientiam
2963 1227 3176 1285 lumine
3194 1228 3354 1285 intel-

446 1308 683 1366 lectuali
708 1329 753 1384 p
758 1327 823 1366 cr
854 1307 1120 1382 gratiam
1160 1307 1484 1364 naturalem
1524 1314 1624 1364 aut
1656 1305 2158 1380 supernaturalem
2191 1324 2443 1365 accenso
2464 1305 2524 1366 in
2544 1305 2719 1366 nobis
2737 1307 3188 1381 contemplamur
3209 1305 3354 1366 illud

447 1385 752 1447 obiectum
792 1395 1091 1462 nostrum,
1131 1384 1241 1444 sed
1278 1392 1611 1444 transeunte
1641 1392 1829 1443 tamen
1868 1386 2081 1443 lumine
2102 1393 2274 1461 atque
2291 1385 2652 1462 imperfecto:
2673 1405 2743 1445 ac
2763 1383 3014 1462 proinde
3035 1388 3122 1459 (vt
3139 1387 3354 1445 Paulus

445 1465 731 1542 loquitur)
790 1477 917 1526 tum
972 1463 1257 1554 temporis
1320 1465 1562 1524 demum
1612 1464 1911 1524 abolendo
1928 1508 1946 1541 ,
2002 1480 2186 1541 quum
2225 1463 2288 1524 id
2331 1466 2498 1540 quod
2537 1475 2624 1525 est
2667 1467 2992 1542 perfectum
3030 1464 3353 1524 aduenerit.

438 1562 621 1620 quam
660 1545 901 1624 quidem
940 1543 1369 1622 perfectionem
1408 1553 1816 1634 exspectantes
1855 1544 2207 1604 adolescunt
2246 1544 2324 1621 pij
2367 1563 2472 1622 per
2511 1563 2618 1605 sua
2657 1543 3018 1604 incrementa
3059 1542 3118 1603 in
3161 1543 3350 1604 virum

440 1625 771 1700 perfectum
810 1626 889 1685 ad
931 1641 1266 1684 mensuram
1306 1634 1560 1684 staturae
1598 1622 1785 1682 adulti
1825 1621 2075 1697 Christi,
2115 1635 2543 1713 assurguntque
2583 1625 2661 1684 ad
2701 1625 3024 1702 perfectam
3065 1623 3350 1684 visionem

437 1703 1479 1782 eiuS,Epl1es.4.13Postreme
1533 1701 1665 1762 finis
1705 1701 1883 1762 totius
1920 1701 2095 1762 huius
2135 1702 2464 1780 Sapientiae
2514 1706 2728 1764 Gloria
2767 1705 2918 1780 Dei,
2959 1703 3056 1762 hic
3097 1703 3350 1780 primum

436 1783 576 1844 fidei
630 1797 896 1863 nostrae,
946 1784 1007 1843 id
1056 1792 1177 1860 est,
1230 1782 1596 1843 credentium
1639 1782 1938 1860 exposita3
1979 1786 2116 1858 pest
2152 1793 2350 1843 autem
2385 1783 2446 1843 in
2487 1783 2671 1843 coelis
2711 1800 2889 1859 quam
2929 1783 3348 1860 perfectissime

436 1865 789 1938 perfruenda
828 1864 889 1924 in
929 1864 1064 1924 Deo
1106 1865 1278 1922 Patre
1318 1865 1372 1923 δι
1412 1861 1677 1923 Domino
1718 1865 1851 1922 Iesu
1893 1861 2152 1922 Christo,

1629 2302 1679 2362 C
1698 2304 1754 2361 A
1776 2305 1824 2362 P
1843 2305 1902 2361 V
1920 2304 1977 2361 T
2035 2306 2066 2363 Ι
2085 2305 2162 2362 X.

1067 2484 1397 2562 Quotuplex
1440 2488 1522 2543 sit
1571 2482 1915 2559 Theologiae
1959 2486 2456 2544 communicandae
2496 2484 2712 2544 modus.

514 2665 607 2723 Ex
668 2663 738 2723 iis
795 2680 948 2741 quae
1003 2667 1139 2724 ante
1179 2664 1337 2723 dicta
1379 2676 1547 2737 sunt,
1586 2664 1919 2724 vniuersam
1959 2664 2352 2743 Theologiam
2394 2663 2675 2743 distingui
2714 2664 2948 2725 duobus
2989 2665 3181 2725 modis
3219 2665 3345 2725 ani·

434 2742 1201 2841 maduertimus(f5139o)3
1234 2763 1372 2803 nam
1414 2763 1530 2803 vna
1568 2742 1821 2823 infinita,
1860 2747 2043 2805 altera
2082 2745 2246 2804 finita
2265 2744 2516 2805 dicenda
2536 2756 2644 2804 est.
2685 2748 2777 2803 Ac
2799 2744 3083 2803 infinitam
3103 2745 3344 2821 quidem

432 2822 677 2901 proprie
721 2822 1179 2901 simpliciterque
1219 2843 1351 2883 eam
1392 2843 1519 2883 esse
1562 2789 1887 2901 credimuS,
1931 2842 2083 2900 quae
2123 2826 2443 2903 ἀρχέτυπος
2482 2826 2538 2885 &
2578 2823 2694 2883 Dei
2733 2823 3050 2884 essentialis
3084 2835 3199 2903 est,
3220 2824 3345 2884 infi-

432 2902 621 2963 nitam
665 2907 809 2963 vere
852 2904 1179 2963 secundum
1219 2902 1363 2980 quid
1404 2906 1492 2980 (vt
1529 2905 1873 2980 loquuntur)
1917 2905 1973 2961 &
2012 2913 2280 2981 respectu
2295 2904 2529 2994 nostri,
2560 2903 2919 2964 habitualem
2939 2903 3101 2963 illam
3120 2904 3345 2981 sapien-

434 2980 580 3041 tiam
644 2981 893 3062 Christi,
955 3001 1163 3043 omnes
1222 2984 1529 3043 thesauros
1588 2982 1919 3061 Sapientiae
1974 2984 2030 3043 &
2090 2982 2442 3075 cognitionis
2501 2983 2767 3044 salutaris
2819 2986 3342 3061 complectentem.

432 3061 659 3121 finitam
701 3027 1085 3122 consimiliter
1124 3082 1257 3123 eam
1295 3062 1689 3153 Theologiam
1728 3062 1968 3155 proprie
2011 3062 2465 3141 simpliciterque
2499 3062 2813 3142 appellari,
2835 3079 2986 3141 quae
3008 3081 3146 3123 cum
3169 3066 3344 3125 rebus

436 3140 647 3201 creatis
700 3141 1138 3202 communicata
1178 3152 1297 3222 est3
1337 3141 1462 3203 siue
1499 3143 1758 3220 perfecte
1798 3142 1859 3202 in
1900 3144 2136 3203 caelesti
2175 3142 2387 3221 gloria,
2431 3142 2554 3203 siue
2594 3143 2984 3220 imperfecte
2968 3162 3029 3203 ιιι
3067 3145 3186 3205 hoc
3231 3154 3342 3204 ter-

434 3220 604 3281 restri
661 3220 881 3299 stadio,
941 3222 1001 3281 in
1063 3239 1183 3299 quo
1244 3188 1466 3282 lumine
1526 3221 1748 3300 gratiae
1804 3238 1944 3282 suae
2007 3222 2183 3283 nobis
2241 3223 2541 3299 praelucet
2599 3222 2866 3283 Christus
2939 3224 3235 3284 Dominus
3286 3226 3342 3283 δι

436 3301 717 3361 Seruator
754 3311 977 3362 noster.
1016 3302 1136 3361 Sed
1176 3300 1315 3379 quia
1352 3302 1500 3361 haec
1542 3312 1746 3362 nostra
1782 3301 2140 3381 Theologia,
2181 3303 2686 3393 quemadmodum
2728 3304 2783 3362 δι
2823 3302 3092 3364 coelestis
3131 3303 3230 3363 illa
3261 3306 3342 3364 ad

432 3391 729 3442 creaturas
770 3380 1096 3461 pertinens,
1137 3391 1299 3441 certa
1338 3381 1433 3440 via
1474 3382 1528 3440 δι
1568 3380 1796 3441 ratione
1832 3384 1870 3439 a
1907 3384 2044 3442 Deo
2085 3382 2523 3443 communicata
2561 3393 2674 3443 est:
2716 3394 3032 3460 antequam
3068 3383 3145 3443 de
3175 3400 3339 3445 reue-

433 3459 653 3521 latione
690 3461 1051 3553 Theologiae
1092 3460 1358 3521 dicamus
1399 3461 1753 3540 accuratiuS,
1794 3461 2116 3521 videndum
2155 3460 2328 3521 nobis
2357 3474 2468 3541 est,
2491 3473 2556 3523 vt
2575 3463 2790 3524 modos
2811 3462 3340 3523 communicandae

433 3557 572 3599 cum
622 3542 799 3601 rebus
839 3538 1050 3600 creatis
1090 3538 1457 3617 Theologiae
1470 3585 1488 3618 ,
1526 3544 1706 3617 quam
1736 3506 2184 3602 euidentissime
2223 3540 2349 3600 fieri
2387 3543 2633 3622 poterit,
2676 3542 3118 3620 distinguamus.
3167 3545 3338 3603 Thes.

433 3636 563 3679 xlv,
622 3622 741 3679 Est
795 3623 983 3696 igitur
1044 3622 1259 3697 duplex
1316 3621 1377 3679 T
1368 3621 1663 3696 heologzae
1714 3624 2212 3680 communicandae
2249 3624 2482 3699 modus,
2521 3624 2774 3681 Natura
2811 3622 2888 3681 ὁ*
2919 3625 3162 3697 gratia:
3199 3625 3308 3681 illa
3322 3668 3340 3700 ,

432 3702 590 3761 velut
645 3704 935 3760 internum
989 3703 1337 3778 principium
1401 3702 1961 3771 communicationis,
2010 3702 2183 3770 haec,
2235 3704 2393 3761 velut
2417 3704 2772 3778 principium
2813 3710 3109 3760 eaeternum
3147 3704 3306 3761 illius
3321 3746 3338 3780 ,

432 3798 506 3838 ex
555 3800 668 3856 quo
694 3784 784 3857 fit
819 3789 885 3841 vt
926 3782 1243 3855 Theologia
1282 3800 1399 3841 vna
1438 3782 1669 3839 dicatur
1704 3782 2030 3857 naturalis,
2070 3780 2125 3838 δι
2165 3780 2651 3856 Super-naturalis
2689 3784 2898 3840 altera.
2960 3783 3137 3840 Hanc
3179 3800 3338 3841 com-

436 3858 847 3920 municationis
887 3859 1337 3937 distinguendae
1378 3858 1530 3919 viam
1572 3869 1695 3919 tam
1704 3863 1935 3949 ‘aperte
1973 3860 2148 3920 nobis
2185 3867 2413 3937 aperuit
2453 3861 2668 3920 Paulus
2706 3876 2889 3937 quum
2920 3860 2998 3919 ad
3029 3862 3339 3921 Romanos

434 3938 752 4019 scriberet,
813 3958 945 4016 cap.
1008 3956 1049 3999 1.
1106 3950 1169 3998 vt
1222 3938 1431 4029 negari
1477 3942 1513 3998 a
1560 3938 1797 3999 nemine
1836 3938 2099 4031 sapiente
2138 3940 2342 4016 possit.
2403 3940 2558 3999 Nam
2599 3956 2780 4017 quum
2825 3958 3030 4001 omnes
3069 3941 3338 4002 homines

433 4017 698 4079 imbutos
734 3983 953 4096 aliqua
1010 4018 1126 4079 Dei
1176 4019 1232 4077 &
1286 4018 1375 4077 sui
1414 4016 1677 4095 ipsorum
1718 4018 2059 4097 cognitione
2096 4018 2480 4111 pronunciat,
2521 4018 2778 4111 primurn
2817 4019 3056 4096 quidem
3096 4032 3337 4081 naturae

428 4100 566 4159 luce
580 4145 599 4176 ,
658 4098 875 4161 deinde
930 4102 1071 4160 vere
1119 4098 1465 4158 auctoritate
1505 4098 1857 4177 scripturae3
1898 4118 1973 4159 ex
2011 4098 2226 4175 quibus
2266 4098 2614 4159 testimoniis
2651 4100 2748 4158 vel
2785 4116 2967 4159 vnum
3007 4100 3221 4161 sufficit
3259 4103 3338 4161 ad

428 4177 903 4256 praeripiendam
942 4197 1187 4239 omnem
1241 4178 1653 4269 peccatoribus
1693 4178 2132 4239 excusationem
2173 4178 2402 4256 peccati
2439 4178 2557 4259 sui,
2598 4178 2845 4239 omnino
2886 4180 3180 4271 duplicem
3203 4199 3341 4240 con-

422 4258 612 4318 stituit
661 4260 907 4319 modum
963 4258 1545 4336 commumcationis,
1595 4276 1713 4349 qua
1751 4257 2118 4336 Theologiae
2159 4258 2332 4318 huius
2372 4226 2568 4319 effecti
2604 4276 2802 4320 sumus
2840 4260 3172 4338 participes.
3231 4262 3336 4320 Est

420 4338 603 4417 igitur
660 4339 879 4417 duplex
932 4337 1286 4417 principium
1328 4337 1877 4398 communicationis
1914 4337 2097 4417 illius,
2147 4358 2222 4398 ex
2259 4356 2380 4417 quo
2422 4339 2641 4419 duplex
2678 4340 2820 4400 item
2862 4339 3132 4416 procedit
3173 4358 3332 4399 com·

2920 4418 3328 4479 manicationis
