3923 4875
1266 330 1369 374 na·
1429 326 1848 373 roms-ula
1907 324 2163 371 uosrs
2226 326 2525 371 ossus.
3242 332 3357 391 379

436 506 634 553 ramus
695 492 814 567 qua
871 500 1008 552 sunt
1047 488 1359 553 iudicialia:
1421 487 1948 567 Quemadmodum
1987 486 2163 549 etiam
2202 487 2281 549 de
2322 485 2813 549 ceremonialibus
2852 490 2970 564 qua
3010 488 3359 567 simpliciter

439 567 856 631 ceremonialia
914 580 1078 643 sunt,
1126 570 1284 631 hunc
1336 589 1672 633 sermonem
1724 577 1994 628 nostrum
2038 570 2311 629 volumus
2349 566 2542 646 accipi
2578 568 2645 643 (f.
2694 582 2800 645 ¹5²
2814 568 2895 658 1).
2953 570 3110 629 Nam
3152 570 3355 632 locum

437 652 514 711 de
554 648 780 710 ratione
821 646 1003 711 mixta
1043 648 1276 713 illorum
1315 650 1466 713 inter
1505 670 1570 711 se
1583 694 1600 723 .,
1640 658 1804 713 certo
1843 645 2094 709 consilio
2134 645 2195 709 in
2237 648 2432 727 Caput
2470 664 2721 725 sequens
2757 646 3069 711 reiicimus.
3108 650 3358 711 Iudicia-

435 730 579 791 lium
619 728 778 791 enim
817 748 888 790 a
927 739 1135 791 natura
1175 741 1292 807 est,
1331 741 1395 791 vt
1437 730 1694 809 primum
1733 745 2115 789 communem
2154 728 2445 789 rationem
2464 729 2625 787 velut
2644 726 3040 789 substructam
3063 729 3356 823 habeant,

437 810 602 873 cuius
651 808 1037 871 fundamento
1091 808 1349 872 nitantur
1400 814 1572 887 (haec
1622 820 1822 879 autem
1869 818 1959 870 est
2010 807 2414 885 immutabilis)
2451 804 2686 867 Deinde
2726 811 2868 868 vero
2912 827 2984 867 ex
3022 808 3357 887 particulari

437 890 624 951 modo
667 906 1086 981 personarum,
1139 906 1338 951 rerum
1391 893 1448 950 δι
1489 887 2088 965 circumstantiarum,
2130 887 2323 965 posita
2362 884 2481 949 sint
2518 885 2581 949 in
2620 884 2953 965 particulari
2993 886 3149 950 iure:
3189 892 3355 968 quod

435 970 557 1041 ius,
597 987 736 1047 quia
771 968 834 1029 in
873 968 1100 1031 ratione
1140 970 1476 1047 particulari
1516 980 1604 1032 est
1643 968 1902 1051 positum
1916 1013 1936 1047 ,
1980 968 2157 1030 docet
2196 967 2530 1029 communis
2571 966 2719 1027 ratio
2760 985 2887 1029 esse
2909 968 3217 1029 mutabile:
3259 973 3353 1030 Ac

435 1048 686 1128 proinde
727 1060 1042 1127 praecepta
1079 1050 1266 1111 Mosis
1307 1047 1600 1111 iudicialia
1631 1048 1840 1111 omnia
1882 1046 2037 1109 mori
2076 1047 2363 1126 potuisse,
2404 1048 2461 1107 &
2496 1065 2659 1109 nunc
2698 1064 2828 1108 esse
2867 1066 2933 1109 re
2973 1046 3101 1125 ipsa
3124 1059 3355 1111 mortua

435 1129 811 1208 extinctaque
824 1173 842 1206 ,
882 1129 1209 1190 &sublata
1245 1150 1319 1191 ex
1339 1130 1641 1194 communi
1661 1148 1784 1191 vsu.
1825 1131 1919 1191 De
1937 1126 2168 1220 legibus
2189 1131 2332 1188 vero
2350 1125 2837 1191 ceremonialibus
2856 1126 3077 1205 aliquid
3101 1128 3352 1208 amplius

437 1210 612 1271 nobis
651 1209 973 1271 dicendum
1014 1220 1132 1297 est;
1171 1228 1293 1271 non
1332 1220 1454 1273 tam
1492 1210 1660 1289 quod
1696 1208 1870 1274 huius
1909 1210 2031 1269 10c1
2051 1206 2193 1285 sint,
2230 1211 2411 1286 quam
2431 1206 2571 1286 quia
2588 1208 2939 1288 plerumque
2958 1208 3353 1271 ceremoniale

435 1289 738 1368 quippiam
775 1288 838 1349 in
877 1288 1244 1351 iudicialibus
1285 1290 1472 1353 Mosis
1511 1288 1738 1369 legibus
1777 1288 2120 1353 interuenit:
2172 1306 2295 1366 quo
2336 1290 2433 1367 fit,
2474 1298 2538 1348 vt
2577 1288 2723 1349 haec
2762 1305 2887 1348 non
2927 1285 3153 1365 possint
3188 1306 3356 1351 com-

437 1371 618 1431 mode
658 1367 878 1448 exponi
917 1368 1044 1429 sine
1085 1370 1319 1431 illorum
1371 1370 1792 1431 declaratione.

529 1452 692 1511 Thes.
733 1467 830 1526 32.
902 1450 1056 1510 Sunt
1090 1469 1233 1527 ergo
1273 1452 1678 1511 ceremonialia
1705 1458 2027 1528 praecepta
2066 1449 2131 1509 in
2170 1449 2345 1509 Mose
2377 1447 2768 1525 particularis
2806 1447 2959 1506 iuris
2973 1490 2993 1523 ,
3034 1454 3143 1507 aut
3174 1450 3358 1527 specie

435 1531 868 1606 substantiaque
919 1531 1183 1609 ipsorum
1199 1574 1218 1607 ,
1263 1538 1371 1591 aut
1403 1531 1870 1591 circumstantiis.
1913 1529 2137 1607 Specie,
2176 1533 2233 1589 si
2254 1528 2590 1607 principio,
2629 1528 2861 1605 obiecto,
2898 1533 3007 1587 aut
3014 1529 3145 1605 fine
3163 1530 3351 1607 &pico

435 1613 531 1673 vel
566 1611 936 1669 ceremoniali
955 1609 1254 1687 fundatae
1293 1618 1459 1687 sunt,
1499 1618 1610 1670 aut
1643 1612 1837 1671 omnia
1875 1610 2056 1669 simul
2074 1610 2349 1669 obtinent:
2384 1608 2832 1667 circumstantiis
2846 1650 2864 1685 ,
2898 1608 2955 1665 si
2970 1608 3095 1667 alia
3112 1609 3355 1688 insuper

433 1690 750 1751 accidentia
781 1692 1110 1751 ceremoniis
1153 1692 1544 1768 applicantur.
1589 1691 1760 1751 Haec
1799 1688 2281 1751 ceremonialium
2320 1686 2720 1751 institutorum
2758 1682 3060 1747 distinctio
3092 1686 3246 1749 adeo
3266 1697 3355 1749 est

436 1770 794 1846 necessaria,
837 1778 900 1828 vt
939 1768 1064 1829 sine
1103 1769 1232 1845 ipsa
1269 1788 1392 1831 non
1432 1768 1617 1848 possit
1659 1768 1983 1829 commode
2022 1766 2267 1847 intelligi
2301 1767 2769 1829 ceremoniarum
2789 1766 2970 1845 ratic,
3004 1778 3184 1845 prout
3201 1786 3353 1846 opus

435 1860 522 1911 est
561 1850 642 1909 ad
679 1846 1103 1910 institutionem
1143 1848 1446 1911 Ecclesiae
1487 1849 1722 1911 Christi.
1765 1850 1920 1908 Nam
1959 1846 2244 1926 quicquid
2284 1845 2677 1909 ceremoniale
2719 1856 2839 1925 est,
2871 1844 2935 1906 id
2952 1857 3054 1907 aut
3073 1847 3351 1929 essentia3

435 1940 540 1989 aut
591 1928 896 1989 accidente
945 1929 1338 1991 ceremoniale
1389 1928 1706 1991 dicendum
1758 1939 1864 1989 est.
1907 1927 2076 2006 quod
2114 1927 2165 1989 si
2202 1927 2333 2006 quis
2371 1925 2540 1989 aliter
2579 1927 2836 2005 mauult,
2874 1936 2976 1987 aut
3015 1945 3123 2006 per
3162 1946 3225 1988 se
3262 1939 3353 1989 est

437 2008 830 2071 ceremoniale
869 2008 1118 2086 quiquid
1157 2021 1248 2070 est
1285 2008 1606 2083 eiusmodi,
1649 2008 1775 2070 siue
1815 2008 2047 2069 interna
2084 2006 2507 2071 constitutione
2542 2004 2725 2085 ipsius
2738 2050 2756 2079 .,
2798 2017 2901 2067 aut
2918 2026 3023 2083 per
3042 2004 3349 2086 accidens,

437 2088 562 2149 siue
601 2087 911 2149 affectione
951 2088 1094 2149 foris
1132 2089 1504 2150 adueniente.
1547 2089 1732 2165 Quod
1771 2098 1971 2149 autem
1998 2086 2226 2149 interna
2258 2084 2350 2149 sui
2370 2084 2599 2149 ratione
2619 2093 2943 2163 naturaque
2962 2086 3354 2149 ceremoniale

433 2178 524 2231 est
537 2213 557 2246 ,
599 2166 661 2228 id
699 2167 897 2246 specie
943 2167 1333 2230 ceremoniale
1373 2171 1764 2247 appellamus:
1809 2168 1995 2245 Quod
2035 2166 2349 2229 affectione
2383 2169 2438 2229 &
2458 2164 2785 2244 appendice
2806 2164 2950 2227 foris
2968 2166 3321 2229 adueniente
3336 2214 3353 2245 ,

435 2248 498 2309 id
536 2246 928 2309 ceremoniale
969 2259 1059 2309 est
1097 2248 1572 2326 circumstantiis,
1613 2248 1722 2311 etsi
1761 2267 1868 2325 per
1907 2266 1971 2308 se
2011 2250 2066 2310 δι
2106 2258 2314 2309 natura
2352 2258 2457 2309 sua
2494 2244 2726 2326 generis
2770 2256 2858 2307 est
2884 2244 3141 2308 alterius.
3181 2248 3353 2323 Quae

431 2338 630 2389 autem
669 2326 868 2405 specie
907 2336 1234 2407 naturaque
1272 2328 1597 2390 substantia
1635 2348 1741 2389 sua
1781 2337 1917 2389 sunt
1955 2324 2401 2405 ceremonialia,
2441 2345 2514 2387 ea
2552 2326 2739 2387 tribus
2771 2324 2967 2388 modis
2980 2372 2999 2405 ,
3032 2323 3156 2387 siue
3190 2345 3353 2406 sepa-

433 2407 598 2476 ratis,
639 2406 764 2469 siue
805 2408 1136 2470 coniunctis
1177 2406 1588 2472 discernimus:
1629 2426 1784 2487 quos
1821 2408 2039 2470 modos
2076 2410 2215 2470 ante
2254 2406 2317 2468 in
2356 2406 2532 2470 tertio
2553 2404 2746 2485 capite
2766 2404 3143 2498 exposuimus
3156 2451 3177 2486 ,
3212 2425 3355 2469 cum

433 2489 512 2550 de
552 2487 791 2550 veritate
829 2491 1029 2567 legum
1067 2488 1420 2550 immutabili
1456 2489 1806 2552 diceremus.
1847 2489 2005 2550 Nam
2044 2499 2147 2549 aut
2185 2486 2474 2567 principio
2516 2489 2573 2548 &
2608 2497 2771 2566 ortu,
2807 2504 2931 2548 siue
2950 2487 3347 2550 fundamento

430 2585 542 2630 suo
582 2569 976 2630 ceremoniale
1015 2579 1106 2630 est
1141 2569 1500 2642 institutum3
1539 2580 1642 2630 aut
1682 2569 1920 2630 obiecto
1935 2615 1954 2648 ,
1994 2569 2075 2630 ad
2114 2569 2281 2646 quod
2316 2567 2645 2629 institutum
2665 2565 2951 2648 pertinet3
2972 2577 3073 2628 aut
3094 2565 3348 2645 denique

433 2649 578 2727 fine,
616 2649 692 2709 ad
731 2665 912 2726 quem
950 2647 1136 2710 tendit
1173 2649 1522 2712 institutum.
1563 2648 1625 2710 Si
1665 2647 1809 2726 quid
1848 2649 2095 2726 horum,
2134 2659 2235 2710 aut
2274 2648 2385 2710 tria
2422 2649 2569 2710 haec
2610 2646 2813 2725 simul,
2857 2656 3064 2725 typum
3094 2649 3354 2708 habeant

435 2730 530 2788 vel
583 2729 981 2791 ceremoniam
997 2775 1014 2806 ,
1067 2729 1394 2791 institutum
1449 2728 1845 2790 ceremoniale
1897 2738 2006 2790 est.
2064 2731 2305 2807 Typum
2356 2727 2722 2806 appellamus
2737 2771 2753 2800 ,
2796 2745 3133 2806 expressam
3174 2729 3353 2788 rebus

430 2806 750 2886 figuratiuis
799 2827 998 2870 rerum
1036 2826 1308 2870 verarum
1347 2809 1692 2888 imaginem:
1749 2807 2165 2872 ceremoniam
2207 2811 2377 2886 vero,
2418 2825 2755 2886 expressam
2794 2805 3157 2882 actionibus,
3202 2825 3351 2884 quas

429 2887 754 2950 institutum
784 2888 900 2948 Dei
930 2887 1406 2960 sanctificauerit,
1439 2899 1774 2950 sanctarum
1802 2887 2140 2980 actionum,
2175 2886 2674 2966 spiritualiumque
2704 2889 2760 2950 δι
2790 2882 3121 2949 diuinarum
3142 2883 3348 2965 imagi-

431 2987 589 3030 nem.
633 2969 867 3030 Horum
905 2968 1144 3046 inquam
1181 2969 1231 3034 si
1269 2968 1415 3046 quid
1453 2979 1543 3030 est
1583 2968 1642 3030 in
1683 2971 1814 3048 lege
1827 3012 1846 3045 ,
1885 2968 2011 3032 siue
2052 2965 2343 3060 principio
2358 3011 2377 3046 ,
2418 2965 2542 3029 siue
2562 2967 2802 3028 obiecto
2815 3011 2833 3046 ,
2854 2967 2980 3028 siue
3000 2967 3118 3028 fine
3138 2965 3321 3044 ipsius
3336 3011 3355 3044 ‚

431 3048 556 3109 siue
613 3048 850 3110 duobus
903 3050 1146 3125 horum,
1197 3047 1323 3110 siue
1375 3047 1630 3109 cunctis:
1682 3047 2080 3110 ceremoniale
2123 3047 2451 3110 institutum
2491 3048 2876 3127 appellamus.
2938 3047 3058 3108 Sed
3100 3056 3357 3125 praestat

432 3147 558 3188 rem
599 3127 884 3206 exemplis
921 3147 996 3191 ex
1035 3128 1165 3207 lege
1206 3129 1455 3206 sumptis
1487 3129 1873 3191 declaremus.

523 3208 692 3270 Thes.
732 3227 830 3284 33.
870 3210 1176 3288 Principio
1215 3211 1589 3271 ceremoniale
1628 3217 1739 3288 est,
1777 3217 1843 3272 vt
1875 3208 2129 3270 Leuitici
2169 3228 2198 3267 2
2204 3226 2263 3285 3.
2308 3205 2507 3268 Terra
2527 3226 2598 3266 ne
2615 3205 2879 3286 venditor
2895 3209 3024 3281 lege
3042 3207 3355 3286 mancipff,

439 3288 697 3365 Obiecta,
737 3296 802 3350 vt
839 3290 1030 3350 Eoeod.
1075 3307 1168 3348 20.
1209 3291 1422 3350 Altare
1461 3297 1714 3350 terreum
1743 3290 1946 3364 facito
1986 3287 2133 3348 mihi
2167 3287 2351 3364 (quod
2384 3288 2809 3350 ambulatoriae
2832 3286 2969 3364 suit
3005 3287 3357 3366 reipublicae

432 3369 875 3444 lsraeluarum)
917 3371 994 3428 δι’·
1030 3388 1399 3447 quaecunque
1439 3369 1644 3428 Exodi
1682 3383 1773 3446 25.
1817 3369 1894 3445 ‚Cy-⁹
1931 3387 2085 3446 seqq.
2120 3369 2505 3444 imperantur.
2544 3369 2721 3444 Fine,
2741 3377 2805 3429 vt
2819 3367 3019 3428 Exodi
3044 3386 3135 3444 13.
3178 3367 3357 3428 Sanc·

432 3449 596 3525 tilica
647 3449 796 3508 mihi
827 3450 1286 3526 primogenitum
1341 3451 1419 3510 ὁ·
1471 3458 1733 3511 sexcenta
1783 3449 1929 3509 alia.
1992 3450 2214 3525 Legem
2255 3445 2416 3506 illam
2457 3445 2706 3525 primam
2748 3445 3049 3524 Principio
3092 3465 3360 3508 ceremo-

431 3527 650 3589 nialem
687 3545 816 3588 esse
856 3527 1160 3590 statuimus
1176 3574 1194 3606 ,
1231 3527 1372 3607 quia
1409 3527 1670 3607 alioquin
1713 3525 2059 3606 simpliciter
2098 3530 2155 3590 &
2194 3524 2522 3588 secundum
2562 3546 2624 3587 se
2658 3527 2927 3588 absolute
2946 3523 3240 3591 eiusmodi
3265 3527 3361 3588 lex

435 3617 631 3685 potest
682 3605 870 3668 ciuilis
923 3627 1084 3685 esse,
1138 3611 1194 3670 δι
1249 3607 1497 3670 ciuiliter
1545 3607 1683 3670 ferri
1722 3620 1900 3686 atque
1937 3605 2267 3670 obseruari:
2332 3605 2453 3668 Sed
2494 3605 2660 3684 quod
2698 3610 2736 3668 a
2776 3607 2909 3668 Deo
2948 3605 3236 3684 imperata
3274 3618 3363 3671 est

435 3689 660 3764 populo
703 3687 1096 3748 Israelitarum
1113 3733 1132 3765 ,
1174 3688 1237 3749 id
1275 3707 1350 3748 ex
1391 3687 1683 3767 principio
1721 3687 1846 3749 siue
1886 3689 2275 3749 fundamento
2318 3687 2699 3748 ceremoniali
2716 3688 3049 3765 profectum
3072 3698 3193 3766 est;
3224 3685 3364 3763 quia

435 3767 600 3828 Deus
660 3786 725 3832 se
787 3765 1122 3854 mancipem
1162 3765 1314 3829 illius
1356 3778 1545 3830 terrae
1559 3813 1578 3844 ,
1617 3771 1674 3829 δι
1715 3777 1931 3829 terram
1980 3771 2073 3830 vel
2114 3767 2417 3847 regionem
2454 3763 2617 3827 illam
2655 3765 2881 3845 optima
2917 3768 3047 3845 lege
3088 3764 3361 3844 mancipii

435 3845 514 3906 ad
553 3866 616 3908 se
658 3847 956 3926 pertinere
971 3893 990 3924 ,
1031 3866 1142 3907 nec
1181 3847 1262 3908 ad
1301 3847 1484 3910 alium
1523 3865 1914 3924 quemquam,
1954 3845 2337 3910 ceremoniali
2379 3845 2796 3910 obseruatione
2816 3843 3003 3907 voluit
3022 3846 3333 3908 ostendere
3349 3891 3369 3924 ,

435 3928 493 3988 δι
528 3925 827 3988 Israelitas
865 3927 986 3988 hoc
1027 3937 1206 4004 pacto
1246 3927 1410 3988 iussit
1450 3926 1924 3990 constantissime
1968 3927 2233 4006 profiteri
2271 3923 2627 3988 beneficium
2667 3925 2810 3987 Dei:
2861 3925 3365 4004 quemadmodum

436 4005 684 4067 Domini
738 4005 999 4068 vassallis
1049 4005 1170 4067 suis
1222 4025 1374 4085 quos
1428 4018 1647 4068 vocant
1702 4006 2119 4086 Feudatarios,
2170 4017 2272 4068 aut
2311 4005 2490 4067 etiam
2530 4005 2987 4084 Emphytheutis
3025 4005 3220 4067 solent
3262 4005 3366 4066 im·

437 4105 662 4164 ponere
704 4087 900 4164 legem
939 4085 1198 4162 aliquam
1239 4085 1604 4148 fiduciariam
1619 4132 1638 4167 ,
1673 4097 1776 4148 aut
1793 4085 1971 4150 aliam
1992 4087 2261 4166 quamuis
2276 4133 2295 4166 ,
2330 4087 2387 4146 &
2407 4085 2519 4148 sibi
2537 4085 2866 4147 dominium
2886 4103 3116 4147 merum
3136 4105 3371 4164 semper

439 4164 766 4228 vindicare.
807 4167 900 4226 Ex
939 4167 1060 4227 hoc
1101 4168 1490 4229 fundamento
1533 4167 1596 4227 in
1636 4168 1914 4229 eumdem
1953 4169 2205 4228 modum
2243 4169 2436 4247 legem
2478 4168 2555 4228 de
2590 4167 2943 4228 chananaea
2981 4165 3113 4227 tulit
3142 4166 3369 4244 populo

437 4246 832 4308 israelitarum
891 4249 1082 4325 Deus3
1123 4257 1184 4306 vt
1226 4267 1289 4308 se
1328 4245 1588 4324 regionis
1628 4247 1987 4326 Dominum,
2026 4247 2161 4310 illos
2198 4247 2659 4325 Emphyteutas,
2702 4247 2827 4308 siue
2870 4248 3121 4309 colonos
3162 4265 3367 4325 perpe·

439 4326 664 4391 marios
704 4331 794 4403 (vt
831 4325 1238 4389 Iurisconsulti
1280 4331 1518 4404 vocant.)
1558 4346 1634 4390 ex
1675 4327 1965 4392 beneficio
2006 4328 2122 4392 Dei
2163 4329 2219 4390 δι
2258 4325 2505 4404 Domini
2544 4327 2809 4407 ipsorum
2850 4347 2976 4390 esse
3010 4325 3369 4466 osterEigeret.

3239 4423 3371 4468 rum
