3923 4875
1374 351 1703 396 ‘rntsts
1762 350 2412 398 THEOLOGICAE.
3238 357 3348 417 293

418 535 513 593 27.
566 537 705 578 nam
746 515 955 593 reliqui
988 514 1123 576 libri
1161 519 1199 576 a
1240 514 1543 593 Prophetis
1581 532 1657 574 eo
1698 515 1933 574 fuerunt
1973 513 2325 594 conscripti,
2373 525 2433 573 vt
2474 525 2770 575 exstarent
2813 512 3340 594 interpretamenta

416 605 473 660 δι
514 595 1049 658 demonstrationes
1088 595 1285 675 Legis.

502 694 596 756 25.
676 677 949 738 Secunda
988 687 1107 749 est,
1147 675 1287 736 treis
1327 693 1455 736 esse
1494 673 1647 734 illius
1687 683 1911 752 parteS,
1950 676 2207 752 Legem,
2251 675 2608 752 ProphetaS,
2649 675 2705 734 δι
2741 676 3036 736 Psalmos:
3079 677 3225 736 Luc.
3253 699 3347 752 24·

418 779 514 834 44.
556 758 621 818 id
658 767 780 836 est,
823 759 1248 834 Prophetarum
1288 755 1467 833 Legis
1508 755 1893 832 interpretum
1935 755 2060 814 duo
2101 773 2230 816 esse
2269 773 2518 833 genera:
2563 773 2744 815 vnum
2785 773 2992 816 eorum
3031 756 3132 832 qui
3155 759 3348 818 soluta

419 838 688 900 oratione
730 837 1093 898 tradiderunt
1128 835 1307 915 Legis
1345 833 1836 913 declarationem3
1878 837 2128 894 alterum
2170 853 2375 896 eorum
2417 833 2520 911 qui
2554 853 2662 894 suo
2699 837 2972 912 exemplo
3008 835 3344 898 docuerunt

418 918 875 998 applicationem
928 915 1112 995 illius,
1166 920 1220 978 δι
1261 915 1528 977 oratione
1566 931 1881 975 numerosa
1920 913 2166 992 perinde
2207 933 2338 976 eam
2379 914 2748 975 tradiderunt
2791 934 2861 975 ac
2902 915 2949 976 si
2990 916 3050 976 in
3092 935 3162 977 os
3201 917 3347 978 indi-

425 999 647 1060 dissent
687 996 975 1062 omnium.

509 1082 601 1138 26.
683 1075 885 1138 Tertia
945 1087 1057 1154 est,
1119 1085 1371 1155 quatuor
1424 1093 1554 1136 esse
1606 1073 1759 1134 illius
1798 1087 2023 1153 partes,
2063 1077 2318 1153 Legem,
2365 1076 2688 1152 Prophetas
2725 1074 2983 1155 priores,
3027 1078 3350 1156 Prophetas

419 1157 803 1238 posteriores,
858 1161 913 1220 δι
952 1158 1249 1217 Psalmos:
1292 1156 1353 1216 id
1394 1167 1511 1232 est,
1554 1173 1656 1214 eos
1694 1156 2020 1231 Prophetas
2059 1155 2162 1234 qui
2201 1155 2558 1234 scripserunt
2601 1155 2872 1216 oratione
2913 1175 3121 1235 prossa
3163 1157 3348 1218 duum

418 1259 547 1300 esse
588 1255 901 1318 generum:
944 1257 1084 1298 nam
1118 1237 1267 1298 alios
1309 1255 1400 1296 res
1440 1244 1637 1314 gestas
1675 1235 2121 1314 conscripsisse,
2162 1235 2310 1296 alios
2349 1237 2571 1296 futuras
2593 1235 2984 1314 praedixisse:
3009 1237 3084 1298 de
3111 1248 3352 1302 caetero

418 1319 555 1380 huic
598 1317 871 1379 diuisioni
912 1335 1051 1377 cum
1091 1317 1477 1378 antecedente
1516 1312 1817 1374 conuenit.

511 1418 602 1476 27.
686 1401 975 1474 Quartam
1015 1395 1218 1457 Iudaei
1258 1395 1605 1456 inuexerunt
1644 1397 1681 1454 ὲ,
1720 1403 1994 1474 tempore
2034 1413 2156 1474 quo
2190 1405 2291 1456 aut
2310 1395 2509 1473 scripti
2529 1397 2762 1456 suerunt
2783 1395 2944 1473 libri,
2965 1406 3063 1456 aut
3084 1397 3350 1476 collecti,

418 1493 520 1540 aut
580 1479 851 1572 perfecti,
906 1481 961 1538 δι
1015 1476 1095 1536 ita
1148 1477 1207 1536 in
1249 1477 1527 1537 thesauro
1566 1475 1871 1534 Ecclesiae
1912 1475 2054 1536 olim
2097 1475 2368 1553 depositi.
2413 1477 2644 1554 Nempe
2684 1486 2942 1555 quatuor
2983 1495 3112 1538 esse
3153 1489 3346 1555 partes

420 1571 633 1620 veteris
693 1557 1091 1636 Testamenti,
1150 1559 1377 1632 Legem
1437 1559 1475 1617 a
1536 1557 1708 1615 Mose
1768 1555 2082 1634 scriptam,
2145 1555 2470 1633 Prophetas
2525 1555 2752 1634 priores
2794 1556 2933 1617 inde
2975 1561 3012 1618 a
3054 1559 3226 1617 Mose
3268 1558 3346 1618 ad

418 1638 891 1717 deportationem
956 1655 1169 1715 vsque,
1232 1638 1558 1713 Prophetas
1614 1633 1976 1712 posteriores
2039 1635 2178 1697 inde
2235 1639 2273 1696 a
2333 1637 2700 1714 temporibus
2753 1638 2934 1697 ferme
2975 1636 3226 1714 Huzijae
3270 1639 3346 1698 ad

416 1718 977 1799 redintegrationem
1030 1735 1213 1796 vsque
1268 1715 1502 1808 templi,
1544 1718 1598 1776 δι
1638 1719 1709 1774 τὰ
1753 1715 2079 1796 ἁγιόγραφα
2098 1762 2113 1790 ,
2155 1715 2341 1776 libros
2381 1719 2420 1775 a
2459 1716 2874 1794 deportatione
2915 1718 2992 1776 ad
3033 1719 3350 1780 Macbaeo·

418 1819 551 1860 rum
590 1817 775 1878 vsque
816 1811 1085 1875 tempora
1125 1807 1516 1874 compositos.

504 1882 597 1939 28.
679 1879 805 1942 Etsi
866 1879 981 1939 hae
1032 1887 1230 1956 partes
1284 1873 1719 1953 synecdochice
1771 1873 1853 1934 ita
1898 1876 2302 1952 appellantur:
2343 1877 2482 1936 cum
2526 1893 2716 1955 neque
2759 1886 3126 1955 postremum
3168 1889 3350 1956 caput

420 1959 597 2038 Legis
655 1963 694 2021 ὲ.
752 1961 924 2019 Mose
942 2002 960 2035 ,
1012 1975 1207 2035 neque
1262 1965 1522 2018 extrema
1566 1956 1751 2016 verba
1800 1973 1851 2014 2.
1894 1955 2128 2032 Regum
2169 1957 2249 2016 ab
2290 1956 2505 2016 eodem
2547 1969 2752 2018 autore
2795 1955 2944 2034 sint,
2985 1976 3179 2036 neque
3219 1957 3352 2018 libri

416 2039 573 2118 Ijobi
587 2085 605 2118 ,
646 2041 741 2100 vel
787 2037 1025 2100 Iudaeis
1068 2037 1210 2116 ipsis
1250 2037 1495 2098 testibus
1510 2081 1529 2114 ,
1568 2037 1647 2096 ad
1686 2033 2018 2113 posteriora
2059 2035 2160 2096 illa
2199 2039 2254 2098 δι
2297 2053 2456 2096 noua
2497 2047 2766 2115 tempora
2806 2037 3008 2098 referri
3047 2037 3254 2116 possit.

502 2140 595 2198 29.
676 2119 902 2198 Quinta
942 2117 1154 2180 diuisio
1192 2129 1281 2178 est
1321 2113 1860 2195 peruulgatissima,
1900 2117 1938 2173 a
1979 2114 2067 2176 sin
2149 2116 2344 2178 lorum
2385 2116 2673 2177 librorum
2704 2116 3179 2196 enumeratione,
3199 2135 3351 2196 quae

422 2200 687 2260 omnium
732 2215 1027 2261 consensu
1066 2207 1157 2259 est
1197 2198 1407 2259 eadem
1427 2242 1446 2273 ,
1486 2193 1758 2272 quamuis
1798 2193 2010 2255 ordine
2095 2195 2110 2209 ⁹
2171 2195 2345 2256 imili:
2389 2196 2438 2256 si
2478 2216 2584 2258 eos
2624 2197 2926 2274 exceperis
2969 2197 3070 2275 qui
3093 2198 3346 2274 Concilij

420 2279 590 2340 vnius
630 2277 907 2340 Toletani
948 2278 1066 2339 fide
1102 2281 1277 2356 Apoc
1390 2279 1502 2336 hos
1542 2275 1601 2335 in
1644 2275 1982 2352 catalogum
2025 2275 2498 2337 authenticorum
2539 2277 2664 2338 ausi
2705 2288 2840 2337 sunt
2883 2277 3218 2338 inscribere.

499 2381 600 2440 30.
681 2359 843 2420 Noui
900 2357 1269 2420 Testamenti
1370 2356 1539 2416 iuisio
1593 2374 1714 2415 non
1770 2353 2017 2432 perinde
2065 2356 2282 2418 variat:
2324 2357 2434 2417 Est
2476 2357 2632 2418 enim
2675 2359 2929 2436 duplex,
2970 2368 3072 2417 aut
3111 2357 3352 2440 triplex,

420 2454 520 2502 aut
562 2441 622 2501 in
669 2440 749 2501 sir
760 2440 949 2520 gulari
990 2437 1243 2517 partium
1286 2435 1731 2499 enumeratione
1770 2433 1982 2513 posita.

498 2541 595 2599 31.
678 2523 847 2581 Duae
897 2531 1033 2580 sunt
1074 2528 1270 2597 partes
1308 2517 1470 2579 Noui
1510 2514 1870 2577 testamenti:
1912 2534 2031 2577 vna
2075 2520 2341 2599 ῑςορική,
2383 2518 2739 2597 Euangelia,
2791 2520 2977 2597 Acta,
3019 2521 3076 2581 &
3118 2522 3350 2598 Apoca-

422 2602 613 2679 lypsin
654 2600 999 2680 continens3
1042 2602 1441 2679 αἰτιολογικῆ,
1482 2596 1779 2676 Epistolas
1820 2607 2162 2657 sanctorum
2207 2600 2659 2675 Apostolorum.

500 2701 597 2757 32.
679 2684 829 2742 Tres
885 2683 1030 2740 vero
1084 2688 1281 2757 partes
1328 2686 1687 2749 statuuntur,
1744 2674 1791 2735 si
1848 2678 1917 2735 τὸ
1958 2676 2317 2755 προφητικὸν
2357 2677 2503 2739 illud
2542 2677 2604 2739 in
2648 2678 3012 2758 Apocalypsi
3050 2678 3352 2739 scribendi

420 2780 607 2840 genus
666 2764 746 2823 ab
798 2758 1083 2821 historico
1138 2756 1501 2837 distinxeris3
1555 2757 1752 2834 itaque
1806 2756 2064 2833 primum
2117 2756 2464 2819 historicum
2523 2762 2610 2835 (vt
2649 2758 2708 2819 in
2751 2755 3020 2839 proxima
3061 2758 3350 2819 diuisione

419 2842 774 2919 appellatur)
814 2839 1112 2919 posueris,
1153 2838 1483 2898 secundum
1524 2835 1979 2914 Prophelicum,
2019 2837 2075 2894 &
2115 2836 2350 2897 tertium
2394 2840 2804 2921 αἰτιολογικόν.

501 2940 596 2999 33.
678 2924 772 2982 De
816 2920 1179 2997 singularum
1218 2920 1360 2977 vero
1402 2916 1655 2995 partium
1700 2915 2145 2977 enumeratione
2187 2916 2336 2977 inter
2375 2936 2583 2979 omnes
2623 2917 2932 2980 conuenit:
2969 2938 3105 2979 nam
3141 2936 3348 2979 eorum

414 3000 525 3078 qui
564 2999 953 3080 Euangelium
996 3000 1297 3067 Thomae,
1339 2996 1693 3073 Nicodemi,
1736 2996 2210 3075 Nazaraeorum,
2251 3000 2360 3060 διο.
2402 2996 2800 3077 epistolasque
2839 3000 3052 3060 nothas
3073 3000 3352 3061 adiunxe-

416 3092 582 3158 runt,
622 3079 911 3142 sententia
948 3080 1067 3139 iam
1112 3078 1257 3139 olim
1300 3080 1547 3155 explosa
1588 3086 1697 3137 est.

995 3566 1128 3627 DE
1182 3568 1551 3627 FORMA
1614 3568 2256 3628 SCRIPTVRAE
2316 3569 2754 3629 SACRAE.

1659 3771 1988 3831 Tussis
2041 3772 2088 3831 1.

496 3950 927 4009 Aurussxme
965 3947 1049 4007 illi
1090 3947 1607 4027 sanctissimaeque
1646 3950 1956 4027 materiae,
1999 3968 2178 4027 quam
2219 3949 2280 4010 in
2323 3949 2626 4028 Scriptura
2658 3968 2824 4010 sacra
2845 3950 3021 4010 nobis
3041 3948 3350 4027 exposuit,

420 4028 743 4106 respondet
794 4027 1085 4108 anum
1136 4030 1357 4107 forma,
1398 4046 1581 4107 quarn
1622 4030 1815 4090 eidem
1856 4030 2192 4108 Scripturae
2233 4029 2524 4108 impressit
2563 4032 2728 4090 Deus
2769 4031 2845 4089 ad
2888 4028 3140 4109 gloriam
3181 4047 3348 4089 suam

418 4106 475 4166 δι
516 4106 827 4169 vtilitatem
868 4118 1150 4168 nostram.

509 4205 563 4248 a.
644 4189 752 4247 Est
815 4186 975 4247 enim
1019 4186 1239 4264 forma
1298 4188 1453 4249 illius
1516 4192 1605 4265 (vt
1664 4206 1785 4249 vno
1846 4188 2034 4249 verbo
2088 4190 2382 4267 dicamus)
2422 4188 2622 4249 diuina
2663 4192 2871 4267 plane:
2911 4192 3048 4271 quia
3091 4188 3354 4254 diuinam

426 4268 731 4328 veritatem
772 4284 939 4327 suam
977 4267 1181 4327 diuino
1223 4269 1441 4347 mod0,
1482 4290 1553 4329 ac
1594 4288 1717 4329 non
1758 4270 2022 4331 humano
2063 4270 2348 4349 expressit
2385 4271 2570 4330 Deus.

510 4367 570 4425 3.
652 4346 933 4407 Diuinam
994 4346 1149 4407 hanc
1200 4347 1521 4426 scripturae
1572 4351 1829 4410 formam
1871 4349 2138 4411 Christus
2176 4348 2454 4411 Veritatis
2495 4349 2736 4411 nomine
2775 4352 3125 4432 appellauit,
3165 4368 3349 4429 quum

3105 4434 3342 4493 Patrem
