3923 4875
526 339 593 376 12
1520 328 1913 375 FRANCISCI
1971 329 2171 381 JUN11
2235 331 2432 375 VITA.

468 501 479 520 ⁸
520 500 575 558 &
596 511 868 557 sororum
891 493 1173 573 exemplis
1192 512 1398 554 curare
1420 491 1700 554 voluisset
1719 493 1963 571 frustra,
1989 491 2232 554 tandem
2252 495 2326 553 eo
2347 491 2606 552 adducta
2625 503 2740 572 est,
2779 503 2844 554 vt
2863 513 2926 555 se
2947 497 2986 553 a
3007 513 3104 555 me
3124 515 3248 556 non
3267 499 3454 556 amari

518 574 859 654 aliquandiu
892 573 1206 634 crediderit
1220 619 1238 653 ,
1276 574 1473 635 donec
1512 584 1814 653 postremo
1850 589 2172 651 congressu
2214 590 2349 634 meo
2391 571 2515 650 (qui
2549 573 2659 634 fuit
2685 593 2846 636 anno
2879 576 3005 637 cIo.
3037 577 3126 638 Io.
3159 580 3350 651 van)
3371 576 3454 637 ita

521 675 649 717 esse
668 653 1085 716 animaduertit
1104 664 1376 716 naturam
1394 673 1622 734 meam,
1661 655 1718 713 &
1736 652 2138 715 infirmitatem
2155 651 2327 713 istam
2350 671 2546 713 meam
2567 653 2759 726 (cuius
2779 674 2874 715 me
2895 664 3020 715 tam
3039 655 3254 734 pudet,
3275 659 3454 733 quam

518 736 700 798 alium
749 738 1131 814 quemquam)
1182 733 1484 796 excusauit
1539 734 2101 811 condemnaultque.
2155 732 2321 808 Quid
2373 731 2610 794 dicam?
2659 734 2774 796 nisi
2825 734 3228 812 immdentem
3268 738 3454 797 ferme

521 817 814 896 pudorem
834 835 963 877 esse
977 861 995 894 ,
1024 815 1128 894 qui
1148 835 1245 876 me
1262 826 1571 894 tantopere
1590 813 1943 892 impeditum
1964 812 2204 875 distinet
2218 858 2237 893 ,
2257 823 2325 874 ut
2343 813 2440 874 vix
2459 813 2586 874 sine
2607 817 2838 893 pudore
2857 813 3030 876 uxori
3047 835 3142 877 res
3161 815 3455 895 vulgareis

523 897 867 977 enunciem,
918 895 1018 956 vix
1064 895 1182 958 iam
1235 895 1401 957 domi
1450 893 1690 957 seruitio
1741 893 2048 974 imperem.
2099 895 2192 954 Ex
2249 893 2480 986 pudore
2531 895 2681 956 haec
2735 907 3102 974 consequuta
3140 906 3276 958 sunt
3315 896 3456 957 inde

520 982 558 1038 a
596 995 783 1055 puero
800 1023 817 1055 ,
876 976 1041 1054 quod
1082 975 1230 1038 mihi
1268 995 1503 1054 semper
1540 975 1652 1038 sim
1693 973 1949 1046 diffisus:
1993 975 2160 1050 quod
2195 975 2450 1034 aliorum
2487 975 2658 1036 factis
2696 975 3008 1037 audiendis
3022 1022 3040 1055 ,
3079 976 3454 1038 sermonibus

524 1055 947 1136 obseruandis,
988 1059 1045 1118 δε
1086 1055 1467 1118 aduertendis
1504 1055 1567 1116 in
1608 1069 1778 1117 vsum
1820 1071 2019 1115 meum
2060 1053 2418 1134 studuerim3
2458 1056 2592 1133 plus
2634 1055 2696 1116 in
2735 1054 3046 1118 audiendis
3079 1056 3206 1118 aliis
3237 1059 3457 1118 fructus

526 1136 893 1217 perceperim
954 1141 1135 1214 quam
1194 1136 1258 1197 in
1319 1135 1578 1198 dicendo
1636 1133 1765 1196 aliis
1819 1132 2144 1214 attulerim3
2205 1134 2405 1195 tardus
2443 1134 2522 1195 ad
2561 1137 2931 1212 loquendum
2971 1147 3139 1199 certo
3173 1135 3424 1198 consilio
3439 1181 3458 1216 ,

527 1216 639 1278 nisi
682 1236 779 1278 me
820 1216 1153 1279 inconsulta
1190 1217 1487 1296 abriperet
1524 1214 1708 1276 animi
1745 1213 2144 1293 perturbatio;
2207 1213 2463 1291 denique
2500 1215 2635 1276 licet
2675 1215 2920 1278 honoris
2959 1227 3271 1296 appetenS,
3330 1217 3458 1277 aliis

526 1309 727 1358 tamen
779 1315 1015 1376 semper
1069 1299 1126 1358 &
1176 1296 1398 1358 libente
1451 1295 1653 1358 animo
1692 1293 1912 1374 primas
1949 1292 2198 1355 honoris
2235 1293 2298 1354 in
2340 1294 2600 1358 dicendo
2645 1306 2748 1358 aut
2785 1299 2964 1359 rebus
3004 1295 3276 1376 gerendis
3316 1316 3458 1358 con-

528 1375 832 1438 cesserim:
866 1395 1018 1454 quae
1055 1396 1151 1438 res
1190 1377 1269 1438 ad
1306 1375 1578 1455 peritiam
1618 1385 1905 1452 quantum
1945 1372 2092 1436 mihi
2122 1374 2460 1452 praebuerit
2489 1376 2845 1456 adiumenti,
2885 1375 3135 1438 iudicari
3166 1395 3274 1455 per
3309 1376 3457 1438 alios

527 1458 757 1536 malim,
799 1461 979 1535 quam
1017 1455 1215 1535 inepte
1254 1461 1291 1518 a
1332 1477 1428 1518 me
1465 1454 1813 1534 praedicari.
1853 1457 2000 1516 Hoc
2036 1466 2234 1515 autem
2275 1473 2349 1515 eo
2381 1454 2661 1518 libentius
2694 1457 2976 1536 praedico
3015 1457 3092 1518 de
3123 1455 3462 1518 infirmitate

530 1558 695 1618 mea,
734 1547 801 1598 vt
838 1538 1107 1598 iuuentus
1136 1539 1217 1598 ab
1256 1539 1532 1615 exemplo
1572 1554 1711 1596 meo
1750 1545 2138 1615 praeceptum
2170 1534 2400 1596 hauriat
2437 1539 2970 1616 ταπεινοφροσύνῃ
3007 1548 3186 1614 atque
3223 1537 3458 1597 modes-

530 1618 643 1679 tiae
658 1663 676 1698 ,
736 1627 801 1678 vt
840 1628 1066 1678 certum
1114 1617 1370 1678 fructum
1410 1615 1655 1695 peritiae
1695 1626 1859 1677 certo
1899 1613 2122 1676 iudicio
2163 1625 2524 1692 assequatur.
2563 1618 2636 1677 Id
2676 1615 2836 1676 enim
2875 1628 3088 1695 testor,
3127 1615 3274 1676 nihil
3315 1616 3461 1677 mihi

531 1699 863 1760 secundum
917 1695 1398 1758 benedictionem
1436 1696 1551 1757 Dei
1590 1706 1714 1757 tam
1754 1694 2234 1757 commodauisse
2275 1693 2337 1754 in
2379 1697 2556 1757 rebus
2595 1695 2903 1772 omnibus,
2964 1701 3145 1774 quam
3182 1695 3344 1756 illam
3383 1697 3460 1757 de

529 1798 625 1839 me
662 1777 796 1856 ipso
838 1775 1225 1838 diffidentiam
1267 1797 1341 1838 ex
1381 1775 1747 1838 conscientia
1784 1774 2135 1837 infirmitatis
2179 1777 2234 1836 &
2274 1774 2518 1853 pudoris
2553 1775 2671 1837 mei
2685 1821 2703 1856 ,
2743 1779 2800 1837 &
2831 1777 3154 1838 studiosam
3173 1776 3425 1837 aliorum
3441 1822 3460 1856 ,

530 1857 978 1937 quibuscunque
1037 1856 1229 1935 adfui,
1289 1855 1748 1918 obseruantiam.
1808 1854 2298 1934 Praeceptoribus
2357 1873 2495 1916 vsus
2535 1872 2666 1916 sum
2707 1859 2844 1916 cum
2886 1855 2948 1916 in
2987 1857 3270 1919 litterario
3313 1857 3458 1918 ludo

530 1936 979 2016 communibus,
1017 1947 1145 1997 tum
1186 1935 1429 2015 priuatis
1467 1956 1701 2015 semper
1741 1937 1910 1998 domi
1951 1939 2009 1997 δι
2048 1934 2472 2029 singularibus²
2513 1937 2710 1997 donec
2739 1954 2963 1997 annum
2997 1936 3203 1998 aetatis
3235 1937 3461 1998 duode-

530 2018 750 2079 cimum
814 2016 1219 2094 excessissem,
1281 2035 1401 2096 quo
1454 2027 1724 2096 tempore
1763 2015 2120 2078 lectionibus
2153 2014 2410 2095 publicis
2450 2015 2648 2095 incepi
2690 2017 2834 2077 dare
2875 2035 3141 2094 operam.
3201 2019 3274 2076 In
3314 2017 3459 2077 ludo

525 2095 805 2159 litterario
848 2095 911 2156 hi
952 2109 1369 2176 praeceptores
1412 2096 1557 2159 mihi
1594 2099 1831 2158 fuerunt
1870 2095 2190 2175 plurimum
2205 2141 2223 2174 .,
2262 2095 2478 2174 quibus
2517 2096 2765 2174 gratiam
2798 2096 3002 2159 referri
3032 2115 3289 2174 aequum
3319 2105 3407 2158 est
3425 2099 3462 2156 a

532 2176 825 2255 discipulo
857 2195 981 2239 non
1013 2177 1274 2257 ingrat0,
1294 2181 1547 2240 Ioannes
1568 2179 1632 2253 (f.
1656 2181 1735 2255 7.)
1757 2175 2129 2256 Popardinus
2143 2222 2162 2255 ,
2182 2179 2434 2238 Ioannes
2455 2178 2742 2239 Morellus
2756 2222 2774 2257 ,
2797 2178 2854 2238 &
2873 2175 3172 2238 Henricus
3193 2177 3464 2254 Pampul-

532 2256 713 2318 furius
752 2255 994 2318 natione
1033 2260 1367 2320 Germanus
1383 2304 1400 2337 ,
1440 2257 1532 2320 vir
1551 2257 1829 2336 singulari
1844 2256 2241 2336 humanitate,
2281 2258 2338 2317 &
2357 2255 2545 2334 gratia
2563 2256 2624 2317 in
2646 2257 2928 2318 docendo
2949 2256 3237 2336 maxima,
3278 2255 3464 2335 domi,

532 2340 739 2398 Petrus
783 2338 1154 2400 Galerandus
1171 2383 1191 2417 ,
1253 2337 1579 2416 Dionysius
1619 2338 1937 2417 Burgensis
1957 2383 1976 2416 ,
2015 2354 2196 2414 quem
2235 2342 2374 2415 pbst
2413 2336 2786 2399 Canonicum
2825 2339 3048 2398 factum
3069 2336 3244 2397 fuisse
3265 2335 3464 2413 audio,

533 2420 590 2480 δε
628 2420 835 2480 Petrus
875 2420 1102 2497 Barba,
1142 2418 1247 2497 qui
1287 2418 1812 2481 commendatione
1852 2416 2066 2497 patris,
2107 2427 2244 2496 post
2283 2433 2463 2495 quam
2502 2421 2541 2479 a
2572 2417 2749 2480 nobis
2789 2416 3184 2496 discessisset,
3222 2417 3463 2478 Aduoc-

532 2510 627 2560 tus
666 2497 891 2577 Regius
930 2502 1093 2579 apud
1133 2500 1431 2561 Molinnas
1457 2499 1902 2561 Borboniorum
1944 2500 2188 2560 effectus
2229 2508 2336 2559 est.
2378 2496 2492 2559 His
2535 2498 3020 2577 praeceptoribus
3059 2496 3307 2574 aliisque
3348 2516 3462 2576 ego

535 2582 591 2641 &
630 2582 809 2641 frater
850 2588 992 2640 natu
1032 2579 1221 2641 maior
1258 2578 1355 2641 cui
1394 2599 1616 2641 nomen
1655 2578 1859 2641 loanni
1873 2624 1891 2653 ,
1933 2577 2150 2639 fuimus
2189 2576 2462 2639 instituti:
2503 2577 2866 2656 feliciterque
2908 2577 3198 2640 beneficio
3223 2576 3340 2639 Dei
3379 2578 3460 2638 ad

531 2658 857 2721 litterarum
896 2658 1091 2721 studia
1129 2671 1449 2738 prouectus
1488 2677 1653 2739 sum,
1694 2662 1834 2720 cum
1873 2659 2054 2720 fidem
2092 2658 2154 2719 in
2193 2658 2473 2720 docendo
2513 2658 2949 2737 praestantibus
2969 2658 3083 2721 illis
3103 2669 3230 2719 tum
3251 2668 3463 2719 natura

537 2760 631 2801 me
690 2758 941 2819 puerum
1000 2740 1079 2800 ad
1137 2739 1382 2801 honoris
1444 2743 1499 2802 δι
1559 2739 1750 2801 laudis
1788 2738 2190 2818 appetentiam
2229 2742 2362 2817 plus
2401 2739 2543 2800 satis
2582 2740 2925 2802 accedente.
2966 2738 3064 2800 Sic
3104 2737 3264 2799 enim
3307 2739 3463 2798 mala

536 2820 702 2882 radix
752 2820 851 2881 illa
905 2822 953 2878 τ’
994 2824 1338 2897 φιλοτιμίαις
1377 2818 1438 2880 in
1478 2839 1575 2881 me
1615 2820 1988 2899 germinabat
2001 2864 2019 2898 ,
2059 2829 2124 2879 vt
2160 2838 2273 2880 nec
2311 2818 2565 2880 alienam
2605 2820 2845 2881 laudem
2883 2820 2996 2881 ista
3034 2828 3227 2880 aetate
3266 2834 3462 2895 aequo

536 2900 736 2961 animo
794 2903 947 2961 ferre
986 2917 1224 2977 possem
1266 2899 1470 2981 miser,
1528 2920 1643 2961 nec
1680 2900 1743 2961 in
1784 2918 1919 2961 mea
1955 2897 2387 2961 existimatione
2427 2898 2527 2959 ina
2567 2900 3018 2979 conquiescere,
3090 2916 3272 2976 quam
3315 2896 3462 2958 mihi

536 2980 928 3043 conciliabam
969 2978 1434 3057 pertinacissima
1472 2978 1794 3059 diligentia.
1834 2982 2034 3057 Atque
2074 2978 2167 3040 his
2207 2978 2376 3040 malis
2415 2978 2738 3042 seminibus
2761 2982 2925 3042 Deus
2945 2976 3466 3073 prouidentissime

537 3062 616 3121 ad
654 3063 884 3121 bonum
922 3076 1058 3119 vsus
1099 3070 1213 3132 est,
1257 3060 1528 3123 misertus
1568 3060 1703 3121 mei.
1747 3059 2135 3121 Accedebant
2173 3059 2251 3119 ad
2288 3058 2629 3122 communia
2668 3060 2770 3121 illa
2803 3062 2970 3122 domi
2991 3058 3251 3136 forisque
3273 3057 3467 3119 studia

536 3145 873 3217 frequentes
910 3140 1242 3200 admodum
1280 3144 1317 3200 a
1355 3150 1522 3219 patre
1562 3138 1912 3233 grauissimo
1952 3142 2010 3201 δε
2051 3138 2270 3201 summi
2307 3139 2506 3217 iudicij
2549 3139 2678 3201 viro
2693 3186 2710 3219 ,
2752 3140 3180 3219 occupationes
3194 3184 3212 3215 ,
3250 3138 3468 3215 quibus

536 3240 633 3281 me
673 3222 753 3280 ad
793 3236 990 3279 rerum
1028 3220 1420 3281 humanarum
1458 3220 1731 3300 peritiam
1770 3237 1908 3281 cum
1949 3219 2279 3281 studiorum
2300 3221 2460 3281 cultu
2481 3219 2960 3300 coniungendam
2973 3266 2992 3300 ,
3032 3220 3251 3281 tenella
3269 3218 3468 3279 adhuc

538 3310 727 3362 aetate
766 3298 1143 3361 informabat.
1183 3301 1340 3361 Nam
1378 3301 1847 3378 quotiescunque
1886 3319 1985 3361 me
2022 3298 2408 3379 contingebat
2437 3319 2650 3361 vacare
2675 3304 2715 3361 a
2733 3301 2966 3379 studiiS,
3007 3318 3252 3379 operam
3274 3316 3467 3359 meam

538 3381 599 3442 in
638 3379 753 3440 reis
792 3377 1131 3455 audiendiS,
1171 3379 1613 3456 quaestionibus
1652 3379 2086 3459 perscribendis
2102 3426 2121 3460 ,
2152 3379 2480 3441 formandis
2517 3378 2866 3458 capitalibus
2909 3378 3238 3458 sententiis,
3277 3378 3468 3439 consi-

538 3460 630 3522 liis
689 3478 893 3520 coram
952 3460 1415 3537 cognoscendis,
1476 3464 1533 3522 &
1594 3461 1973 3523 obseruando
2032 3476 2229 3521 rerum
2291 3462 2430 3521 cum
2489 3460 2736 3521 aliarum
2786 3460 3081 3539 omnium,
3142 3469 3270 3520 tum
3320 3464 3466 3521 vero

538 3538 876 3619 capitalium
930 3538 1141 3599 ordine
1196 3541 1548 3604 adhibebat:
1609 3544 1666 3603 δι
1726 3561 1823 3601 me
1860 3540 1925 3599 in
1985 3540 2214 3601 arcanis
2272 3540 2607 3603 actionibus
2645 3540 2842 3603 scriba
2881 3544 3186 3619 vtebatur,
3245 3537 3470 3615 nequid

538 3629 841 3682 emanaret
876 3620 1053 3679 foras.
1092 3620 1226 3698 Ego
1266 3626 1409 3683 vero
1450 3622 1632 3683 fidem
1670 3624 1727 3682 &
1764 3619 2130 3699 diligentiam
2169 3639 2366 3681 meam
2405 3620 2466 3681 in
2505 3620 2713 3683 studiis
2752 3623 3046 3700 rebusque
3078 3618 3467 3699 procurandis

536 3702 798 3763 laetabar
859 3697 1112 3759 maxime
1168 3700 1412 3779 probari
1468 3701 1645 3781 patri:
1706 3704 1762 3762 δι
1802 3702 1881 3761 ab
1920 3700 2050 3761 aliis
2087 3699 2228 3761 viris
2266 3699 2494 3777 magnis
2534 3718 2719 3779 quum
2751 3701 3017 3763 audirem
3037 3700 3468 3775 commendari,

540 3781 883 3841 assentabar
941 3778 1065 3856 ipse
1105 3778 1281 3857 mihi,
1342 3783 1399 3842 δε
1438 3782 1518 3842 ad
1558 3780 1785 3842 maiora
1820 3779 1882 3841 in
1923 3780 2048 3840 dies
2089 3782 2529 3843 contendebam
2569 3781 3079 3844 vehementissime
3094 3826 3112 3859 ,
3169 3780 3290 3841 Sed
3327 3778 3469 3840 huic

538 3860 804 3921 instituto
866 3874 1134 3920 meorum
1192 3860 1520 3922 studiorum
1580 3861 1775 3923 cursui
1824 3861 1947 3921 duo
1991 3860 2416 3938 impedimenta
2453 3862 2766 3924 aduersata
2805 3875 2942 3923 sunt
2981 3858 3264 3922 maxime:
3325 3858 3465 3920 hinc

538 3939 852 4001 durissima
890 3950 1343 4018 praeceptorum
1384 3943 1783 4020 quorumdam
1821 3939 2184 4017 iniquiorum
2223 3941 2285 4000 in
2327 3960 2424 4002 me
2465 3942 2757 4003 acerbitas
2771 3987 2789 4018 ,
2823 3942 2986 4002 illinc
3025 3960 3162 4020 spes
3181 3939 3467 4019 amplissi-

543 4037 775 4081 morum
835 4021 1133 4081 honorum
1197 4020 1257 4081 in
1317 4021 1513 4083 Gallia
1586 4020 2145 4099 consequendorum
2185 4022 2318 4099 plus
2359 4021 2498 4083 satis
2543 4032 2797 4084 ostensa.
2841 4020 3078 4083 Etenim
3117 4020 3468 4082 ambitiosos

542 4101 677 4162 illos
716 4099 950 4161 innatos
990 4098 1052 4160 in
1095 4119 1192 4160 me
1231 4100 1522 4180 igniculos
1562 4102 1646 4163 sic
1686 4112 1823 4162 ante
1866 4104 2074 4162 oculos
2105 4102 2427 4161 multorum
2457 4102 2747 4164 excitatos⁴
2785 4103 3121 4179 adaugebat
3152 4119 3470 4179 procerum

542 4181 767 4258 aliquot
827 4178 1032 4259 opinio
1048 4226 1065 4258 ,
1124 4181 1227 4258 qui
1266 4200 1373 4259 per
1432 4182 1577 4242 illud
1616 4194 1849 4259 tempus
1886 4180 1947 4241 in
1987 4200 2174 4259 regno
2216 4181 2443 4243 Galliae
2480 4193 2755 4261 poterant
2796 4182 2984 4261 gratia
3023 4184 3080 4242 &
3121 4180 3470 4244 auctoritate

544 4260 877 4342 plurimum.
921 4260 1008 4320 Hi
1047 4259 1206 4322 enim
1244 4264 1406 4340 apud
1444 4273 1673 4341 patrem
1713 4262 2012 4323 instabant
2053 4266 2508 4339 saepenumero,
2547 4273 2612 4323 vt
2651 4282 2747 4324 me
2787 4264 2962 4324 rebus
3005 4260 3328 4324 maioribus
3367 4261 3468 4322 ad-

545 4342 797 4420 diceret,
838 4352 1015 4420 atque
1052 4342 1131 4402 ad
1169 4360 1267 4403 eas
1305 4353 1497 4405 aetate
1526 4342 1638 4404 ista
1676 4344 1893 4405 sineret
1931 4340 2332 4420 praeformari.
2375 4344 2445 4403 In
2485 4340 2554 4404 iis
2592 4340 2887 4421 principes
2929 4353 3099 4404 erant
3123 4352 3242 4403 tres
3262 4346 3470 4405 fratres

3127 4422 3472 4503 Albaspinei
