3923 4875
1418 357 1832 402 FRANC1sc1
1896 360 2091 413 JUNII
2158 360 2356 401 νιιΑ.
3273 368 3339 424 13

421 521 799 601 Albaspinei,
840 519 1098 581 familiae
1137 529 1372 581 nostrae
1413 519 1826 598 amantissimi,
1867 522 1922 579 δι
1964 537 2103 581 cum
2144 518 2485 613 parentibus
2526 520 2671 581 meis
2703 521 3200 613 coniunctissimi:
3243 525 3348 601 qui

420 605 720 664 honorum
779 600 1278 691 amplissimorum
1319 619 1488 679 spem
1529 602 1907 661 ostentabant
1949 601 2006 660 δι
2046 600 2344 660 faciebant
2382 610 2604 660 certam
2620 645 2639 677 ,
2701 600 2749 662 si
2790 602 3040 664 consilio
3082 604 3345 681 ipsorum

419 679 929 775 importunissimo
963 678 1357 756 acquieuisset
1391 689 1576 757 pater.
1618 682 1815 742 Semel
1853 691 2093 758 paratus
2133 679 2217 740 fui
2246 677 2360 739 illis
2380 680 2757 759 auctoribus,
2796 692 2861 741 vt
2880 682 2941 742 in
2962 684 3346 745 Germaniam

421 763 684 823 venirem
744 777 921 840 puer,
980 759 1270 821 sermonis
1315 758 1663 821 addiscendi
1719 778 1955 821 caussa:
2018 761 2204 821 semel
2242 758 2305 818 in
2346 758 2693 821 Rhoetiam:
2739 725 2850 821 bis
2888 762 3189 825 accinctus
3204 810 3221 844 ,
3283 775 3348 825 vt

422 840 1004 935 Constantinopolim
1043 839 1484 931 proficiscerer,
1543 841 1599 899 &
1640 838 1701 900 in
1742 839 2066 901 honorario
2104 838 2313 931 Legati
2356 839 2527 917 Regij
2572 840 2859 901 comitatu
2897 861 3163 935 agerem,
3228 862 3347 921 qua

423 922 500 983 de
560 942 626 983 re
674 938 906 1015 saepms
964 919 1358 1012 interpellauit
1413 929 1674 1013 patrem·
1736 920 1969 999 saepius
2027 918 2367 981 admonitus
2382 965 2399 998 ,
2460 930 2524 981 vt
2563 918 2625 979 in
2665 920 2921 981 aulicum
2960 922 3346 985 ministerium

423 1002 669 1080 aliquod
728 1012 831 1062 aut
889 1002 950 1061 in
1009 999 1268 1062 rationes
1325 998 1494 1079 regni
1551 999 1866 1061 discendas
1927 1002 1983 1059 δι
2036 1001 2485 1078 cognoscendas
2526 1019 2622 1061 me
2663 1001 2897 1079 darem,
2938 1002 2994 1061 &
3034 1003 3347 1065 Cameram

424 1085 630 1175 (prout
683 1082 1011 1159 appellatur
1067 1083 1269 1159 vulge)
1331 1090 1596 1141 auratam
1611 1126 1627 1159 ,
1689 1097 1842 1157 quae
1900 1080 2174 1141 Lutetiae
2233 1091 2351 1159 est,
2409 1082 2860 1158 frequentarem.
2908 1085 3073 1143 Inter
3110 1095 3347 1146 caetera

421 1161 808 1224 consiliorum
864 1162 1113 1223 istorum
1173 1165 1520 1239 argumenta
1577 1160 1821 1222 memini
1872 1162 1995 1221 hoc
2038 1126 2359 1237 aliquando
2399 1165 2436 1220 a
2474 1160 2795 1222 Francisco
2836 1162 3205 1242 Albaspineo
3244 1185 3345 1227 me

416 1241 727 1320 audiente,
786 1239 1030 1319 adduci,
1093 1243 1259 1318 quod
1316 1242 1497 1319 vulge
1538 1240 1601 1300 in
1654 1239 1852 1301 Gallia
1892 1240 2013 1301 dici
2050 1242 2231 1319 solet,
2289 1243 2447 1303 viam
2487 1242 2717 1301 scholae
2757 1260 2877 1302 esse
2916 1245 3346 1319 longissimam:

421 1340 602 1414 quem
642 1340 979 1383 sermonem
1022 1321 1120 1381 ille
1159 1321 1244 1381 sic
1281 1320 1800 1412 interpretabatur,
1841 1331 1907 1381 vt
1947 1320 2091 1381 alias
2126 1286 2308 1397 artes,
2347 1319 2651 1399 scientias,
2693 1321 3118 1401 occupationes
3142 1343 3352 1387 omnes

423 1401 592 1463 breui
629 1400 820 1479 spatio
863 1400 1010 1463 disci
1051 1402 1107 1461 δι
1147 1400 1335 1462 teneri
1376 1419 1552 1478 posse
1590 1404 1629 1461 a
1667 1399 1972 1461 iuuentute
2014 1400 2385 1462 ostenderet:
2426 1400 2486 1460 in
2512 1367 2717 1462 stud’iis
2736 1407 2879 1463 vere
2902 1402 3191 1480 plurimos
3212 1409 3348 1465 ante

419 1500 852 1544 consenescere
867 1527 885 1560 ,
948 1491 1054 1541 aut
1091 1479 1269 1541 etiam
1309 1480 1548 1541 immori
1586 1470 1768 1558 quam
1809 1481 2069 1541 fructum
2110 1480 2369 1559 aliquem
2412 1490 2682 1559 optatum
2722 1481 3055 1543 studiorum
3094 1494 3197 1543 aut
3238 1484 3353 1577 ipsi

421 1572 733 1655 caperent,
792 1571 894 1623 aut
930 1560 993 1621 in
1031 1558 1178 1621 alios
1229 1565 1319 1639 (vt
1359 1580 1465 1638 par
1503 1564 1616 1637 est)
1658 1562 2153 1622 transfunderent.
2198 1561 2321 1621 Hic
2364 1566 2509 1622 vere
2550 1572 2719 1639 pater
2757 1572 2990 1637 nutare,
3054 1564 3353 1644 assentiri,

424 1607 750 1722 dissentiri,
792 1646 1261 1720 magnorumque
1298 1641 1562 1701 virorum
1601 1641 1936 1702 auctoritati
1949 1687 1967 1720 ,
2009 1640 2299 1720 consiliis,
2340 1640 2647 1719 promissis
2677 1642 2862 1703 mode
2884 1642 3153 1736 cedere,
3166 1611 3353 1706 mode

423 1738 696 1784 renuere:
736 1722 934 1784 donec
973 1722 1247 1799 tandem,
1287 1723 1595 1799 explorato
1636 1721 1889 1782 naturali
1927 1721 2161 1799 pudore
2202 1740 2338 1782 meo
2380 1721 2436 1780 &
2475 1721 2783 1783 rusticiore
2822 1722 2975 1784 illo'
2958 1722 3196 1801 ingenio
3218 1724 3351 1785 sim-

423 1802 744 1880 plicitatem
787 1802 1056 1880 colente,
1095 1800 1398 1878 vitamque
1436 1800 1690 1862 aulicam
1729 1802 1785 1861 &
1827 1800 2099 1880 politicas
2140 1802 2414 1879 strophas
2454 1812 2791 1895 auersante,
2832 1802 3139 1865 constituit
3177 1807 3351 1882 plane

425 1882 764 1943 faciendum
778 1928 796 1960 ,
837 1901 915 1943 ne
954 1883 1032 1942 ab
1072 1880 1176 1943 illo
1215 1881 1482 1943 instituto
1525 1899 1796 1943 meorum
1837 1881 2170 1943 studiorum
2212 1900 2387 1943 cursu
2428 1881 2553 1959 (qui
2592 1884 2973 1961 perplacebat
3010 1882 3146 1961 ipsi)
3167 1885 3351 1945 abdu-

426 1982 606 2024 cerer.
669 1962 790 2024 Sed
847 1972 1151 2055 quantum
1189 1981 1285 2022 me
1343 1960 1490 2024 istae
1527 1981 1621 2023 res
1659 1963 1737 2023 ad
1780 1964 2045 2023 curanda
2086 1962 2271 2041 magis
2312 1964 2818 2040 prouehendaque
2858 1963 3080 2042 studia,
3141 1968 3353 2025 contra

433 2047 614 2120 quam
653 2044 945 2135 putabant
980 2040 1095 2121 illi,
1133 2040 1448 2104 invitarent
1486 2040 2018 2122 sollicitarentque,
2060 2056 2149 2104 est
2168 2041 2535 2104 incredibile.
2578 2042 2817 2104 Etenim
2835 2044 3151 2105 honestam
3169 2044 3354 2105 vitam

429 2140 568 2183 cum
610 2121 735 2185 otio
776 2088 1151 2215 negotiorum
1193 2122 1428 2183 illorum
1469 2122 1728 2184 molibus
1765 2122 2051 2201 anteponi
2090 2124 2383 2184 ducebam
2426 2133 2731 2200 oportere,
2791 2124 3069 2185 conscius
3108 2136 3351 2186 naturae

425 2204 480 2263 &
520 2202 872 2264 infirmitatis
912 2221 1097 2263 meae.
1139 2204 1365 2263 Natura
1403 2201 1836 2281 simplicitatem
1878 2204 2145 2283 amabat,
2189 2205 2388 2263 fucum
2429 2205 2484 2262 δι
2525 2203 2817 2263 fallaciam
2852 2205 3062 2265 oderat
3082 2221 3237 2297 quae
3258 2224 3351 2265 res

427 2282 487 2345 in
549 2282 826 2343 omnibus
885 2285 1071 2347 ferme
1131 2283 1404 2344 humanis
1461 2282 1747 2357 consiliis,
1806 2282 2023 2360 quibus
2081 2250 2346 2361 interfui,
2406 2282 2701 2375 ingratum
2742 2302 2839 2344 me
2878 2294 3055 2362 atque
3094 2284 3349 2345 inuisum

427 2361 713 2442 reddidit3
753 2379 971 2456 quum,
1011 2360 1244 2423 abiecta
1283 2362 1448 2423 omni
1489 2368 1971 2455 προσωποληψία,
2005 2366 2335 2443 παρῥησιαν
2374 2360 2724 2442 simplicem
2726 2372 3041 2426 statuerem
3063 2383 3192 2425 esse
3212 2364 3351 2425 fidei

429 2463 599 2505 meae
656 2443 717 2504 in
759 2408 1020 2504 consiliis
1068 2453 1280 2504 testem
1319 2453 1615 2522 oportere.
1653 2442 1971 2503 Infirmitas
2009 2448 2153 2504 vere
2194 2443 2423 2520 pudore
2464 2443 2566 2505 illo
2607 2461 2785 2522 quem
2820 2449 2959 2506 ante
2998 2444 3150 2524 dixi,
3210 2465 3351 2506 con-

429 2523 664 2603 stricta,
703 2526 742 2583 a
760 2524 901 2584 Sole
941 2521 1138 2586 aulico
1181 2523 1295 2585 sibi
1335 2523 1452 2584 iam
1491 2533 1619 2584 tum
1635 2567 1652 2598 ,
1695 2533 1760 2582 vt
1798 2524 1938 2583 curn
1978 2523 2265 2601 maxime,
2308 2526 2627 2585 metuebat.
2668 2527 2869 2601 Atque
2889 2526 3011 2585 hoc
3032 2490 3348 2586 consilium

427 2621 626 2665 meum
647 2569 989 2665 adiuuabat
1027 2603 1537 2694 vehementissime
1576 2601 1759 2680 patris
1797 2607 2002 2696 (quem
2021 2604 2339 2664 reuerebar
2356 2605 2701 2682 plurimum)
2722 2604 3059 2666 auctoritas.
3101 2607 3256 2665 Nam
3277 2625 3351 2666 ex

429 2702 551 2762 quo
610 2694 894 2745 statutum
948 2682 1158 2745 habuit
1214 2684 1292 2744 de
1354 2703 1451 2745 me
1511 2683 1573 2743 in
1611 2681 1818 2744 studiis
1854 2681 2105 2762 inceptis
2146 2684 2443 2763 fouend0,
2503 2686 2559 2744 &
2599 2685 3005 2746 auocamentis
3044 2683 3351 2762 omnibus,

426 2775 748 2856 vtcumque
786 2765 986 2842 ampla
1025 2766 1082 2824 &
1120 2763 1390 2842 speciosa
1427 2773 1656 2856 essent,
1695 2762 2092 2856 negligendis:
2154 2782 2278 2824 non
2318 2728 2544 2825 destitit
2583 2763 2752 2842 (dum
2794 2764 2959 2826 domi
3002 2768 3151 2840 erat)
3174 2784 3272 2825 me
3293 2766 3349 2824 δι

429 2843 717 2905 maiorem
757 2846 999 2905 fratrem
1033 2843 1271 2905 monitis
1311 2842 1672 2936 grauissimis
1685 2887 1705 2916 ,
1744 2843 2111 2922 rationibuS,
2153 2843 2468 2936 exempliS,
2506 2844 2883 2923 auctoritate,
2927 2843 3100 2904 minis
3140 2845 3220 2904 ad
3259 2863 3353 2904 ca-

427 2925 721 3002 pessenda
777 2924 972 2984 studia
1029 2923 1470 3002 diligentissime
1527 2922 1848 2985 adhortari.
1911 2925 2157 2985 Solebat
2204 2922 2303 2984 ille
2344 2927 2670 2986 acumbens
2712 2925 2791 2986 ad
2832 2944 3095 2985 mensam
3136 2943 3248 3002 pro
3290 2945 3353 2985 re

429 3014 566 3096 nata
602 3004 904 3066 adstantes
941 3023 1055 3065 nos
1094 3005 1272 3081 officij
1317 3004 1864 3066 commonefacere:
1914 3003 2259 3081 praesertim
2300 3004 2350 3065 si
2388 3004 2532 3098 quid
2572 3014 2783 3065 contra
2822 3003 2912 3064 ius
2946 3003 3354 3081 rationemque

428 3083 491 3144 in
529 3083 1039 3145 administratione
1080 3084 1320 3177 publica
1357 3083 1745 3145 commissum
1785 3082 2310 3163 animaduerteret,
2352 3083 2517 3146 cuius
2559 3103 2671 3145 nos
2703 3104 2954 3178 capaces
2972 3084 3353 3145 arbitraretur

432 3167 580 3225 sore.
639 3166 919 3226 Docebat
975 3163 1329 3243 prophetico
1388 3166 1573 3226 ferme
1637 3168 1726 3240 (vt
1764 3180 1924 3224 nunc
1964 3164 2110 3225 mihi
2149 3128 2389 3242 quidem
2428 3164 2684 3240 videtur)
2723 3163 2931 3243 spiritu
2970 3163 3227 3226 Galliam
3264 3163 3354 3224 in-

429 3243 651 3321 justitia
687 3246 1022 3305 confertam
1060 3263 1215 3306 esse:
1255 3263 1378 3306 non
1417 3264 1596 3323 posse
1635 3263 1742 3305 eos
1761 3289 1779 3322 ,
1820 3243 1923 3321 qui
1957 3247 2053 3322 jus
2094 3246 2150 3305 &
2168 3245 2523 3323 aequitatem
2544 3249 2708 3306 bona
2727 3243 3091 3306 conscientia
3109 3242 3355 3322 cupiunt

431 3326 631 3386 colere
646 3370 664 3402 ,
723 3323 785 3384 in
843 3323 1042 3386 Gallia
1099 3325 1382 3402 deinceps
1439 3327 1698 3386 honores
1758 3343 2100 3404 capessere,
2161 3325 2554 3386 vniuersalem
2614 3345 2741 3387 esse
2783 3327 3085 3403 quandam
3122 3335 3353 3402 pestem

427 3414 605 3483 atque
643 3408 733 3482 (vt
769 3404 868 3466 ille
908 3404 1224 3496 indignans
1261 3406 1645 3482 loquebatur)
1683 3403 2033 3482 phthiriasin
2052 3405 2488 3484 foedissimam,
2530 3422 2648 3484 qua
2667 3424 2915 3485 regnum
2938 3416 3351 3468 consumatur:

433 3485 558 3546 fieri
597 3503 720 3546 non
759 3503 963 3564 posse,
1002 3483 1146 3563 quin
1185 3484 1530 3578 grauissima
1568 3483 2067 3562 acerbissimaque
2104 3485 2220 3546 Dei
2252 3487 2483 3564 flagella
2500 3486 2933 3578 superueniant.
2976 3486 3358 3564 Quapropter

432 3583 558 3626 non
599 3584 767 3656 esse,
797 3581 904 3625 cur
942 3575 1040 3626 aut
1080 3564 1258 3627 nobis
1295 3565 1731 3626 confideremus
1768 3567 1807 3624 a
1845 3566 2149 3626 bonorum
2188 3565 2392 3644 copia,
2434 3583 2615 3645 quam
2653 3565 2829 3628 nobis
2864 3574 3171 3645 paraturus
3204 3574 3358 3626 esset

432 3642 492 3705 in
535 3665 606 3706 ea
644 3643 913 3737 regione,
976 3643 1142 3706 cuius
1181 3646 1478 3706 horendas
1519 3645 1882 3706 calamitates
1921 3646 2123 3707 animo
2165 3645 2582 3739 praeuidebat3
2644 3665 2756 3708 nec
2796 3665 2924 3707 esse
2939 3692 2957 3724 ,
3012 3663 3118 3705 cur
3158 3645 3236 3705 de
3272 3643 3357 3705 in-

433 3725 644 3786 eundis
701 3724 762 3785 in
824 3743 896 3786 ea
951 3725 1282 3787 honoribus
1336 3724 1759 3804 cogitaremus:
1820 3727 1858 3784 a
1895 3724 2139 3806 quibus,
2199 3725 2249 3787 si
2285 3694 2616 3788 bonitatem
2654 3725 3056 3787 conscientiae
3095 3725 3358 3803 integrae

431 3815 722 3866 seruatam
764 3821 1118 3885 cuperemus
1131 3851 1150 3880 ,
1209 3808 1413 3884 fugere
1453 3825 1550 3866 me
1590 3806 1646 3865 δι
1685 3807 1925 3866 fratrem
1965 3809 2147 3884 quam
2185 3805 2532 3885 longissime
2572 3817 2903 3885 oporteret:
2968 3807 3221 3865 Monere
3262 3822 3325 3864 se
3341 3850 3359 3882 ,

432 3894 497 3946 vt
534 3884 827 3947 rationem
867 3887 1044 3964 plane
1089 3884 1382 3946 diuersam
1425 3885 1724 3946 ineamus:
1786 3885 2213 3948 haereditatem
2253 3886 2531 3948 scientiae
2570 3896 2637 3947 vt
2675 3901 3091 3964 comparemus
3105 3930 3122 3961 ,
3184 3883 3361 3946 nobis

431 3964 757 4027 videndum
797 3984 954 4027 esse.
997 3981 1151 4043 quae
1189 3967 1361 4026 firma
1397 3968 1594 4027 futura
1633 3965 1740 4045 sit,
1782 3967 1838 4026 δι
1881 3965 2207 4028 certissima
2245 3965 2775 4044 honestissimaque
2808 3966 2962 4028 vitae
2982 3973 3220 4025 nostrae
3240 3964 3361 4056 dux

432 4047 489 4106 δε
551 4044 868 4124 magistra:
925 4046 1040 4106 hac
1099 4045 1459 4107 haereditate
1501 4011 1819 4107 instruc’tos
1858 4063 2222 4124 quocunque
2261 4047 2532 4126 libuerit,
2591 4065 2706 4107 nos
2745 4045 2934 4107 libere
2973 4064 3046 4105 ac
3088 4043 3214 4105 sine
3254 4043 3361 4105 im-

431 4125 778 4203 pedimento
818 4129 1192 4204 profecturos
1231 4144 1391 4187 esse.
1433 4126 1483 4188 si
1523 4143 1640 4203 qua
1680 4127 1842 4204 apud
1880 4127 2215 4204 Principem
2256 4128 2442 4187 vllum
2481 4136 2583 4186 aut
2622 4127 2893 4204 rempub.
2937 4123 3205 4186 conditio
3239 4143 3363 4186 non

431 4205 690 4284 placebit
725 4206 932 4285 nobis,
973 4205 1208 4266 facilem
1247 4205 1423 4268 nobis
1465 4217 1644 4284 atque
1685 4207 2029 4284 expeditum
2062 4208 2126 4282 (f.
2150 4211 2231 4282 8.)
2265 4207 2382 4266 alie
2424 4217 2731 4284 receptum
2771 4209 2899 4269 fore
2916 4251 2933 4286 ,
2954 4203 3365 4296 peregrinante

433 4286 750 4348 nobiscum
789 4251 1150 4348 haereditate
1193 4297 1431 4366 nostra,
1469 4304 1610 4348 cum
1648 4287 1880 4349 honore
1921 4289 1977 4346 δι
2018 4286 2205 4366 gratia
2242 4287 2401 4365 apud
2432 4305 2643 4348 omnes
2683 4288 2899 4348 bonos.
2941 4288 3054 4347 De
3073 4284 3167 4345 his
3187 4286 3364 4345 rebus

434 4365 690 4445 grauiter
729 4366 1118 4429 disserentem
1157 4377 1386 4444 patrem
1425 4367 1525 4428 vix
1565 4384 1828 4444 vnquam
1869 4367 1997 4429 sine
2036 4367 2315 4444 lacrymis
2354 4366 2702 4429 audiebam.
2747 4367 2829 4428 ita
2866 4386 2962 4428 me
2984 4367 3366 4504 vehpfimenger

3064 4465 3099 4504 a
3165 4463 3255 4504 cle
3300 4455 3360 4504 at
