3923 4875
626 373 741 432 372
1463 371 1566 414 ΒΕ
1628 369 2057 413 POL1T1A13
2121 369 2376 414 MOSIS
2436 369 2724 413 OBSER.

618 545 768 592 ιειε·
826 532 931 592 sed
991 531 1197 624 (quod.
1239 529 1489 608 amplius
1542 534 1655 605 est)
1694 530 1773 590 ad
1810 529 2178 591 consortium
2215 529 2440 591 attendi
2477 533 2536 592 δι
2573 529 3180 623 communicationem
3229 532 3557 592 salutarem

620 611 831 674 sederis
845 659 863 691 ,
922 610 1377 702 promissionem
1392 657 1409 688 ,
1470 610 1848 690 veritatisque
1908 609 2146 671 diuinae
2205 611 2269 672 in
2319 611 2588 672 Ecclesia
2637 609 2820 703 ipsius
2836 657 2853 691 ,
2891 629 3064 704 quae·
3083 611 3354 672 terminis
3397 613 3559 673 Cha

618 713 879 754 nanaeae
917 703 1043 752 turn
1084 702 1210 752 erat
1250 691 1693 770 circumscripta
1734 690 2044 770 priuilegio
2085 691 2398 768 singulari,
2439 695 2492 751 ἃ.
2514 696 2552 751 a
2573 691 2742 752 euius
2761 691 3306 753 communicatione
3327 692 3562 753 alienos

620 774 997 852 praestabant
1038 789 1167 832 sese
1207 771 1544 850 quicunque
1582 773 1871 832 honorem
1913 769 2252 850 parentibus
2293 771 2562 833 debitum
2603 771 2902 864 prpteruia
2921 789 3028 832 sua
3046 772 3444 851 denegabant.
3483 775 3562 832 In

623 856 783 914 hunc
820 869 1061 930 quoque
1101 851 1346 913 modum
1384 852 1462 912 de
1505 854 1648 913 vrbe
1679 851 2268 931 Hierosolymorum,
2303 851 2382 911 de
2401 863 2604 912 monte
2625 851 2852 930 Sionis,
2885 853 2964 913 de
2985 853 3244 930 templo,
3267 853 3344 914 de
3362 871 3554 931 regno

624 933 903 1012 nauidis,
965 935 1021 992 δι
1074 933 1251 994 rebus
1308 929 1437 1008 alijs
1489 941 1725 1010 praeter
1768 941 2040 993 naturam
2087 936 2126 993 a
2173 933 2309 992 Deo
2349 931 2628 993 institutis
2675 932 2754 992 ad
2799 895 3290 1010 significationem
3329 932 3560 1010 gratiae

620 1013 906 1075 iudicium
968 1011 1094 1073 fieri
1146 1031 1390 1074 necesse
1444 1023 1560 1092 est3
1613 1021 1677 1073 vt
1722 1011 1785 1072 in
1834 1013 1966 1090 lege
2019 1011 2208 1073 Mosis
2248 1011 2604 1090 explicanda
2646 1011 2984 1073 communis
3021 1029 3220 1073 rerum
3261 1013 3482 1074 modus
3521 1016 3564 1073 a

625 1093 907 1173 singulari
944 1095 1064 1154 hoc
1102 1111 1337 1170 semper
1373 1059 1780 1186 distinguatur.
1819 1091 2099 1170 Denique
2127 1091 2330 1153 omnia
2347 1091 2598 1172 perinde
2617 1093 3019 1171 obseruanda,
3041 1103 3220 1172 atque
3239 1092 3300 1153 in
3327 1093 3562 1154 ratione

622 1193 1009 1267 personarum
1049 1176 1187 1232 ante
1229 1172 1533 1234 obseruari
1575 1171 1833 1234 diximus
1874 1183 2174 1250 oportere.

702 1254 937 1316 Tertius
994 1255 1163 1314 locus
1214 1263 1305 1315 est
1353 1255 1956 1314 circumstantiarum.
2010 1269 2263 1331 quarum
2319 1251 2535 1314 modus
2575 1253 2906 1315 necessario
2945 1263 3068 1313 mm
3107 1251 3561 1331 distinguendus

622 1348 743 1412 est,
802 1338 984 1410 quam
1043 1349 1429 1412 personarum
1480 1333 1537 1394 δι
1582 1350 1806 1394 rerum.
1867 1335 2024 1394 Nam
2063 1335 2274 1393 harum
2315 1335 2530 1426 aeque
2544 1351 2618 1393 ac
2659 1331 2892 1394 illarum
2937 1333 3150 1394 modus
3189 1336 3248 1394 δι
3286 1333 3558 1394 conditio

618 1435 737 1476 vna
787 1413 1122 1474 communis
1171 1425 1292 1492 est,
1331 1415 1515 1474 altera
1552 1411 1883 1492 singularis:
1926 1414 1984 1472 δι
2022 1413 2092 1474 iis
2131 1411 2582 1474 circumstantiis
2624 1431 2944 1491 personae,
2983 1416 3042 1474 δι
3079 1433 3173 1474 res
3211 1413 3403 1492 ipsae,
3444 1432 3560 1492 pro

620 1495 963 1557 conditione
1022 1493 1280 1585 ipsarum
1340 1493 1483 1555 reali
1540 1497 1628 1571 (vt
1686 1495 1927 1570 vocant)
1980 1505 2080 1554 aut
2130 1491 2398 1555 instituto
2437 1492 2661 1572 gratiae
2700 1493 3026 1555 vestiuntur
3063 1493 3562 1572 quodammodo,

620 1576 1014 1636 communiter
1052 1577 1108 1636 δι
1147 1573 1532 1666 singulariter.
1573 1572 2056 1635 circumstantias
2089 1585 2287 1634 autem
2307 1575 2668 1652 appellamus
2681 1618 2698 1651 ,
2728 1590 3140 1651 quaecumque
3159 1575 3216 1634 &
3235 1591 3522 1666 personas
3538 1618 3558 1648 .,

622 1660 677 1716 δι
720 1675 844 1733 reS,
884 1655 960 1715 de
998 1654 1215 1731 quibus
1251 1653 1572 1733 imperatur
1610 1655 1772 1732 lege,
1812 1655 2191 1715 circumstant
2231 1656 2288 1714 δι
2331 1653 2499 1732 quasi
2539 1653 2819 1729 vestiunt,
2867 1653 2994 1715 siue
3035 1653 3386 1715 necessitate
3429 1673 3556 1732 per-

625 1747 830 1813 petua,
889 1746 955 1794 vt
1018 1747 1250 1812 tempus
1308 1739 1365 1795 δι
1415 1735 1619 1809 locus3
1672 1733 1797 1794 siue
1836 1744 2120 1812 perpetua
2151 1733 2582 1827 vicissitudine,
2623 1752 2774 1812 quae
2813 1753 2888 1794 ex
2925 1737 3230 1794 voluntate
3271 1743 3373 1793 aut
3411 1751 3558 1795 casu

622 1817 775 1876 solet
814 1815 1185 1892 contingere,
1228 1823 1292 1874 vt
1329 1815 1451 1876 fere
1491 1816 1558 1874 fit
1595 1813 1657 1874 in
1696 1813 2028 1874 actionibus
2067 1817 2162 1874 vel
2205 1812 2408 1891 sactis,
2429 1813 2649 1891 causis,
2673 1814 2869 1875 modis
2883 1825 3101 1892 ,atque
3121 1813 3554 1893 instrumentis3

627 1899 835 1955 harum
894 1895 1053 1955 enim
1119 1893 1691 1955 circumstantiarum
1751 1913 1987 1972 semper
2037 1893 2302 1954 conditio
2353 1895 2510 1954 fluxa
2549 1905 2654 1954 est.
2715 1895 2960 1973 Semper
3003 1893 3248 1972 quidem
3287 1897 3456 1954 locus
3497 1895 3556 1953 δι

625 1986 859 2052 tempus
918 1993 1030 2035 nos
1080 1977 1135 2035 &
1189 1993 1282 2035 res
1330 1987 1561 2036 nostras
1612 1973 1955 2054 comitatur,
1997 1993 2110 2034 nec
2149 1974 2475 2051 quidquam
2515 1985 2680 2034 extra
2719 1976 2920 2035 locum
2961 1977 3016 2034 δι
3065 1985 3298 2052 tempus
3345 1974 3552 2044 Iacere

610 2073 965 2132 possumus:
1021 2056 1091 2115 In
1150 2053 1317 2114 sactis
1356 2059 1531 2133 vero,
1572 2057 1630 2115 δι
1668 2055 1961 2115 factorum
2004 2053 2195 2114 causis
2234 2054 2291 2114 δι
2335 2053 2557 2131 modiS,
2596 2057 2654 2116 &
2691 2053 3090 2116 instrumentis
3131 2070 3328 2114 rerum
3369 2071 3558 2131 agen-

623 2135 857 2212 darum,
901 2153 1013 2212 pro
1054 2144 1287 2210 natura,
1332 2134 1663 2211 voluntate,
1703 2151 1875 2214 casu,
1918 2145 2080 2195 tanta
2119 2144 2208 2195 est
2249 2134 2498 2195 varietas
2538 2144 2604 2195 vt
2643 2152 2949 2214 nunquam
2980 2133 3554 2196 circumstantiarum

626 2213 868 2276 istarum
908 2232 1183 2274 numerus
1224 2213 1441 2275 adferri
1475 2215 1681 2292 possit.

702 2296 854 2356 cum
903 2304 1100 2355 autem
1142 2296 1255 2354 hae
1294 2293 1767 2356 circumstantiae
1806 2295 2102 2355 interdum
2133 2311 2522 2386 personarum
2562 2295 2620 2354 δι
2663 2311 2859 2354 rerum
2901 2292 3386 2355 circumscribant
3425 2313 3554 2354 mo-

622 2375 766 2434 dum
817 2373 1239 2453 communiter,
1283 2376 1339 2434 &
1380 2375 1677 2436 interdum
1718 2373 2116 2455 singulariter,
2157 2372 2414 2434 vicissim
2451 2393 2526 2434 ex
2565 2395 2640 2436 eo
2679 2373 2940 2452 sequitur
2979 2373 3554 2436 circumstantiarum

624 2457 871 2516 modum
929 2474 1003 2516 ex
1057 2455 1323 2534 personis
1378 2466 1479 2516 aut
1534 2458 1709 2517 rebus
1748 2458 1935 2517 modo
1977 2472 2358 2516 communem
2399 2454 2584 2535 effici,
2625 2456 2808 2516 modo
2849 2455 3235 2533 singularem:
3277 2458 3334 2515 δι
3375 2468 3555 2533 prout

621 2555 909 2629 personae
951 2547 1053 2596 aut
1095 2556 1189 2596 res
1226 2536 1287 2595 ιιι
1331 2537 1608 2614 operibus
1651 2546 1896 2597 naturae
1934 2544 2036 2597 aut
2075 2534 2296 2613 gratiae
2336 2548 2732 2627 occupantur,
2772 2536 2853 2596 ita
2892 2534 3360 2597 circumstantias
3389 2554 3556 2595 com·

624 2616 876 2677 muniter
912 2616 1239 2677 secundum
1278 2627 1547 2677 naturam
1586 2618 1642 2676 &
1682 2615 2092 2677 conditionem
2130 2616 2348 2675 realem
2388 2614 2648 2693 ipsarum
2689 2625 2791 2675 aut
2807 2614 3200 2708 singulariter
3217 2616 3548 2676 secundum

624 2696 872 2775 gratiam
914 2698 969 2755 δι
1008 2694 1337 2757 institutum
1375 2696 1595 2774 gratiae
1635 2695 1825 2774 accipi
1866 2706 2164 2774 oportere.
2203 2695 2475 2787 Exempli
2515 2714 2718 2756 causa:
2761 2694 2888 2757 dies
2922 2697 3021 2755 ille
3053 2696 3327 2757 sabbathi
3345 2714 3550 2756 secun-

625 2778 767 2837 dum
811 2788 1077 2837 naturam
1120 2776 1247 2836 dies
1288 2776 1625 2837 communis
1662 2787 1778 2837 est·
1821 2776 2145 2837 secundum
2179 2775 2427 2854 gratiam
2450 2775 2576 2836 dies
2597 2774 2706 2835 suit
2727 2776 2805 2835 ad
2825 2775 3297 2837 testificationem
3319 2773 3558 2835 diuinae

622 2858 939 2918 voluntatis
997 2855 1420 2931 sanctificatus,
1482 2860 1537 2917 δι
1596 2866 1877 2933 exceptus
1940 2874 2016 2915 ex
2073 2856 2326 2917 aliorum
2385 2873 2635 2917 numero
2691 2854 2970 2933 singulari
3002 2855 3208 2916 modo.
3276 2854 3553 2916 Similiter

624 2938 1010 3016 Chananaea,
1052 2940 1106 2997 &
1148 2937 1285 2997 vrbs
1326 2936 1882 3013 Hierosolymorum
1899 2982 1916 3011 ,
1958 2938 2016 2996 δι
2055 2933 2233 3014 Sion,
2273 2936 2330 2995 δι
2366 2937 2717 3015 ΤειιιρΙιιιιι,
2759 2939 2868 2997 &c.
2903 2937 3042 2997 loca
3084 2937 3320 2997 fuerunt
3351 2953 3554 2995 secun-

618 3018 763 3077 dum
801 3028 1074 3078 naturam
1116 3018 1196 3078 ad
1234 3035 1405 3077 vsum
1445 3035 1827 3077 communem
1866 2981 2233 3109 pertinentia
2259 3016 2510 3076 naturali
2550 3016 2762 3077 modo.
2825 3016 2948 3077 Sed
2987 3014 3268 3117 singulari
3286 3015 3551 3076 instituto

616 3094 733 3157 Dei
790 3098 1169 3157 Sacramenta
1226 3098 1462 3157 fuerunt
1518 3097 1770 3189 gratiae,
1828 3095 2058 3175 priscae
2107 3096 2465 3157 Iudaeorum
2507 3096 2810 3157 Ecclesiae
2850 3097 3038 3156 datat'
3051 3116 3125 3156 ex
3165 3096 3385 3175 quibus
3422 3096 3552 3156 iura

619 3175 937 3251 singularia
974 3176 1035 3235 ιιι
1072 3176 1306 3237 Iudaeis
1347 3176 1668 3237 constituta
1708 3187 1865 3237 sunt.

700 3258 792 3315 Ex
830 3256 945 3317 hac
984 3255 1180 3333 itaque
1217 3256 1450 3318 diuersa
1489 3256 1834 3319 conditione
1874 3259 1929 3317 δι
1971 3256 2158 3317 modo
2199 3272 2618 3349 personarum,
2649 3272 2879 3334 rerum,
2903 3258 2958 3317 &
2977 3254 3552 3317 circumstantiarum

620 3335 919 3411 omnium,
969 3335 1117 3397 iusta
1177 3336 1370 3397 effecit
1430 3336 1609 3417 ratio3
1662 3348 1724 3397 vt
1777 3338 1998 3414 duplex
2039 3335 2252 3397 modus
2291 3334 2432 3396 iuris
2473 3336 2552 3397 ad
2593 3356 2694 3398 eas
2731 3354 2827 3397 res
2864 3335 3208 3414 pertinentis
3247 3333 3549 3396 existeret.

622 3434 877 3494 quorum
940 3417 1187 3477 alterum
1240 3417 1329 3477 ius
1382 3434 1733 3478 commune:
1778 3418 2025 3477 alterum
2065 3416 2360 3493 singulare
2401 3418 2786 3494 appellamus.
2845 3418 3002 3477 Nam
3042 3427 3224 3493 prout
3262 3434 3553 3493 personae

622 3498 798 3557 rebus
838 3507 940 3557 aut
979 3496 1456 3587 circumstantiis,
1498 3500 1553 3558 &
1593 3499 1705 3559 hae
1744 3494 2002 3557 vicissim
2043 3495 2186 3575 illis,
2227 3495 2495 3573 aliaeque
2523 3496 2649 3557 aliis
2671 3495 3136 3558 determinantur
3155 3494 3552 3557 communiter

620 3588 721 3637 aut
778 3575 1141 3668 singulariter
1156 3620 1175 3656 ,
1225 3576 1306 3637 ita
1357 3576 1446 3637 ius
1485 3575 2045 3639 determinationum
2085 3596 2151 3639 se
2189 3576 2400 3638 habet:
2444 3577 2610 3653 quod
2651 3576 2742 3635 ius
2781 3575 3230 3637 accommodari
3267 3575 3550 3653 singulari

624 3655 953 3717 conditioni
994 3656 1260 3718 omnium
1302 3676 1508 3717 eorum
1550 3657 1733 3733 solet,
1772 3676 1844 3717 ac
1885 3656 2263 3717 determinari
2304 3658 2450 3748 lege.
2513 3658 2612 3716 Ius
2652 3654 2810 3717 enim
2852 3674 3174 3717 commune
3206 3654 3548 3746 hominibus

622 3756 697 3797 ex
756 3735 1021 3798 instituto
1075 3747 1178 3798 aut
1225 3736 1621 3798 consensione
1668 3703 1992 3798 distributis
2041 3756 2152 3831 per
2191 3747 2384 3814 partes
2423 3735 2713 3797 indictum
2748 3746 2868 3797 est·
2911 3736 3417 3814 quemadmodum
3458 3734 3549 3796 ius

619 3834 791 3878 suum
830 3826 920 3878 est
958 3818 1372 3894 monarchiae,
1413 3816 1808 3910 reipublicae,
1850 3816 2150 3895 municipii
2164 3862 2180 3893 ,
2225 3817 2335 3877 διε,

700 3898 819 3958 Sed
855 3898 994 3975 quia
1029 3897 1393 3977 particularis
1434 3896 1585 3958 illius
1623 3896 1764 3957 iuris
1805 3897 2255 3958 fundamentum
2295 3906 2384 3957 est
2422 3894 2484 3956 in
2523 3894 2919 3957 consensione
2959 3893 3430 3973 communitatis,
3450 3904 3553 3953 aut

618 3976 886 4038 instituto
946 3996 1157 4039 eorum
1220 3978 1324 4055 qui
1386 3975 1795 4040 communitati
1836 3978 2017 4054 (1115
2031 3978 2127 4054 16)
2169 3987 2473 4054 praesunt:
2533 3994 2646 4037 nos
2697 3986 2896 4036 autem
2951 3978 3071 4036 hoc
3124 3977 3263 4037 loco
3309 3992 3437 4035 ιιοιι
3473 3974 3550 4033 de

625 4058 892 4136 quolibet
950 4056 1286 4135 particulari
1346 4057 1504 4135 iure,
1564 4057 1667 4118 sed
1720 4058 1799 4117 de
1852 4076 1926 4118 eo
1987 4056 2112 4118 iure
2152 4056 2408 4148 agimuS,
2452 4056 2616 4133 quod
2657 4056 2822 4115 Deus
2864 4074 2971 4135 per
3009 4054 3260 4134 gratiam
3302 4052 3550 4115 instituit

614 4138 972 4199 Iudaeorum
1008 4137 1197 4215 genti:
1240 4137 1471 4198 omissis
1509 4136 1636 4197 aliis
1674 4136 2125 4214 particularibus
2161 4135 2420 4215 legibus,
2458 4154 2611 4214 quae
2651 4134 2912 4197 infinitae
2951 4145 3088 4196 sunt
3127 4138 3186 4196 ὅτ
3225 4134 3452 4195 alienae
3471 4135 3548 4194 ab

616 4220 737 4279 hoc
788 4217 1051 4278 instituto
1090 4230 1327 4296 nostro3
1369 4219 1449 4278 de
1490 4236 1565 4277 eo
1608 4219 1800 4278 solum
1840 4215 2056 4278 dicturi
2095 4234 2330 4289 sumuS,
2373 4217 2538 4294 quod
2577 4216 2639 4275 in
2677 4218 2840 4309 Lege
2877 4215 3068 4277 Mosis
3107 4215 3546 4277 obseruandum

618 4297 983 4377 putauimus:
1046 4262 1551 4374 Quandoquidem
1592 4296 1670 4357 de
1716 4295 2013 4374 personis,
2056 4298 2234 4357 rebus
2273 4300 2330 4358 δι
2369 4296 2822 4357 circumstantiis
2864 4296 3192 4356 secundum
3233 4304 3542 4371 vti-umque

622 4378 901 4455 modum,
941 4395 1321 4437 communem
1361 4382 1417 4437 δι
1456 4378 1843 4455 singularem,
1888 4376 1979 4436 ius
2018 4386 2257 4454 oportet
2299 4395 2459 4455 esse3
2498 4375 2591 4435 ius
2629 4386 2830 4436 autem
2870 4374 3100 4453 legibus
3141 4376 3446 4513 ἀεῆιιιιιιῖ,
3485 4374 3540 4431 δι

3403 4472 3540 4531 eges
