3923 4875
322 0 476 60 illius
517 0 663 60 boni
702 0 764 57 in
805 0 1227 58 communione
1268 3 1610 56 sanctorum
1647 0 2012 73 appellaret:
2062 0 2119 52 &
2159 0 2429 53 moneret
2473 0 2646 52 simul
2679 10 2789 53 nos
2830 1 2950 52 tam
2989 0 3069 53 ab
3109 0 3237 52 aliis

321 77 576 159 spectari
618 87 795 155 atque
833 74 1138 137 obseruari
1177 75 1238 136 in
1280 75 1701 137 communione
1740 75 1888 152 hac,
1929 76 2110 151 quam
2144 70 2239 149 alij
2279 75 2318 132 a
2357 71 2534 133 nobis
2585 73 3002 133 obseruantur:
3064 70 3235 133 ideo-

319 176 441 238 que
499 157 895 219 necessarium
952 176 1080 219 esse
1094 201 1112 236 ,
1165 165 1230 217 vt
1283 166 1477 218 totum
1528 154 1654 216 ilud
1703 155 1934 216 bonum
1991 153 2158 231 quod
2209 155 2248 212 a
2297 154 2431 214 Deo
2484 151 2821 231 accepimus
2836 197 2853 229 ,
2915 161 3042 213 tum
3096 151 3236 231 quia

320 242 553 301 bonum
593 248 713 315 est,
752 248 880 300 tum
919 237 1060 316 quia
1096 235 1272 298 nobis
1312 236 1453 316 ipsis
1492 236 1749 315 bonum,
1787 235 1850 295 in
1888 231 2298 296 aedificatione
2337 236 2394 294 δι
2433 235 2618 294 salute
2657 250 3020 312 occupemus
3052 234 3241 295 aliena

323 323 381 382 δι
433 328 653 381 nostra.
694 318 931 380 Etenim
972 319 1111 378 cum
1150 317 1210 378 in
1251 316 1421 378 terris
1450 318 1615 376 nulla
1653 325 1777 376 tam
1815 314 2027 393 exigua
2064 314 2253 374 herba
2292 313 2394 392 sit,
2435 329 2589 392 quae
2626 332 2827 376 rorem
2865 315 2904 372 a
2940 315 3075 375 Deo
3117 332 3241 374 non

323 399 565 479 sentiat,
605 416 757 478 quae
795 416 920 460 non
960 407 1153 459 vtatur
1166 443 1185 477 ,
1227 400 1284 458 ὅτ
1313 413 1466 476 quae
1504 414 1629 457 non
1661 404 1927 473 ‚occupet
1961 412 2102 456 eum
2120 394 2199 454 ad
2217 393 2688 456 testificationem
2707 392 2931 486 gloriae
2949 395 3084 455 Deo
3105 410 3241 454 auc·

322 479 442 542 tori
483 480 677 541 omnis
714 479 863 540 boni
899 477 1284 540 tribuendae:
1323 475 1795 555 indignissimum
1836 475 1982 536 illud
2025 484 2141 554 est,
2181 473 2232 535 si
2269 493 2382 536 nos
2408 484 2528 536 tam
2569 476 2765 535 multis
2785 477 2824 534 a
2841 483 3051 535 natura
3067 473 3242 535 bonis

324 558 590 621 instructi
605 605 625 639 ,
678 559 735 619 δε
793 559 951 619 aucti
998 558 1185 638 gratia
1242 555 1488 636 copiosa
1542 567 1603 617 at
1645 572 1721 617 ue
1768 554 1992 616 infinita
2041 572 2454 634 segnescamus
2499 554 2562 616 in
2610 553 2812 616 officio
2856 555 2977 615 hoc
3015 558 3076 617 δι
3106 555 3241 616 Deo

322 641 521 719 palam
581 641 981 717 proclamante
1038 640 1217 712 Ecce,
1257 640 1314 699 δι
1353 636 1598 716 Angelis
1678 634 2096 714 ominibusque
2134 634 2194 696 in
2232 635 2532 714 Ecclesia,
2571 643 2853 713 extraque
2889 633 3242 715 Ecclesiam,

324 719 764 800 spectantibus,
803 737 927 780 non
1008 735 1173 781 emus
1211 737 1486 798 operam,
1523 727 1589 778 vt
1624 717 1854 778 bonum
1891 715 2012 777 hoc
2048 719 2087 776 a
2126 717 2261 777 Deo
2303 717 2585 778 collatum
2624 716 2702 777 ad
2741 714 2856 776 Dei
2896 715 3144 795 gloriam
3182 718 3241 776 δι

325 798 814 861 communionem
847 799 1117 879 corporis
1132 842 1150 879 ,
1202 798 1367 877 quod
1409 796 1677 860 Christus
1716 795 2001 875 sanguine
2040 812 2151 858 suo
2191 795 2458 875 redimit,
2499 799 2554 858 δι
2595 794 2656 856 in
2694 814 2817 874 quo
2858 812 3060 858 sumus
3100 795 3242 876 ipsi,

326 879 587 941 vicissim
623 881 966 942 referamus.
1008 878 1330 940 Enimuero
1372 894 1478 939 cur
1517 894 1933 958 segnescamus
1944 921 1966 951 ,
2007 885 2110 937 aut
2146 875 2295 938 illud
2335 893 2577 956 agamus
2615 874 2678 937 in
2715 877 2835 937 hoc
2875 895 3058 955 opere
3077 894 3244 937 sanc-

324 958 557 1022 tissimo
571 1005 590 1039 ,
651 959 817 1039 quod
874 961 1038 1021 Deus
1097 960 1275 1020 nobis
1336 957 1586 1038 imperat
1644 959 1829 1035 Pro(f.
1874 974 1905 1033 7
1913 957 2230 1036 57)phetae
2291 952 2528 1019 verbis?
2587 958 2753 1017 Deus
2791 975 2914 1019 non
2955 955 3248 1036 segnescit

325 1040 789 1119 benefaciendO,
839 1041 944 1102 dat
979 1039 1259 1101 omnibus
1274 1085 1292 1119 ,
1330 1038 1554 1100 nemini
1592 1038 1943 1116 exprobrat,
1985 1036 2319 1117 suppeditat
2358 1035 2587 1117 omni-a,
2627 1036 2887 1117 suggerit
2925 1056 3165 1099 commo
3173 1037 3246 1098 de

325 1122 491 1182 velut
546 1139 744 1183 rorem
783 1120 1030 1200 herbae3
1069 1119 1250 1199 idque
1288 1138 1412 1181 non
1450 1119 1665 1199 semel,
1706 1118 1814 1179 sed
1851 1116 2249 1179 indesinenter
2289 1116 2641 1179 stillantibus
2681 1121 2714 1178 e
2755 1119 2924 1179 caelo
2968 1117 3244 1179 benedic·

327 1200 595 1262 tionibus
655 1201 797 1262 eius.
859 1199 1023 1278 Quid
1063 1210 1183 1281 est,
1222 1199 1348 1261 siue
1386 1199 1449 1261 in
1488 1198 1697 1278 nobiS,
1736 1196 1862 1260 siue
1900 1207 2067 1259 extra
2105 1217 2243 1277 nos,
2283 1198 2450 1278 quod
2488 1198 2566 1259 ab
2607 1197 2808 1260 officio
2850 1198 2969 1259 hoc
3007 1197 3246 1259 sanctis·

328 1281 481 1343 simo
522 1299 636 1342 nos
674 1297 929 1342 auocare
961 1279 1182 1373 possit,
1222 1282 1359 1341 cum
1398 1280 1563 1341 Deus
1582 1279 1840 1340 aduocat
1854 1325 1871 1358 ‚
1912 1281 1970 1340 δι
2011 1277 2213 1340 omnia
2231 1295 2385 1355 quae
2411 1289 2547 1340 sunt
2567 1296 2718 1357 opus
2742 1279 2822 1340 ad
2841 1279 2962 1340 hoc
2982 1276 3245 1340 officium

326 1372 599 1422 nostrum
653 1361 1104 1440 sapientissime,
1158 1359 1641 1422 commodissime
1656 1404 1675 1438 ,
1726 1361 1783 1420 δι
1834 1357 2080 1420 vtilitate
2126 1375 2358 1420 summa
2417 1354 2850 1421 communicat?
2889 1358 2952 1420 Si
2989 1359 3246 1421 alienum

331 1440 541 1502 vitium
598 1444 973 1519 offensasque
1031 1460 1159 1502 esse
1217 1441 1393 1503 nobis
1440 1439 1867 1519 impedimento
1920 1438 2253 1519 querimur,
2294 1438 2438 1519 quid
2479 1459 2592 1502 nos
2632 1441 3010 1501 vulneramus
3049 1438 3244 1500 alieno

328 1516 612 1583 vulnere?
647 1521 791 1600 quid
832 1520 1097 1582 cadimus
1135 1520 1198 1581 in
1237 1520 1433 1582 alieno
1477 1515 1658 1581 casu?
1698 1518 1842 1597 quid
1877 1519 2070 1580 aliena
2087 1521 2321 1581 macula
2341 1519 2532 1581 insani
2551 1516 2948 1582 maculamur?
2987 1518 3244 1581 alienum

333 1603 558 1662 malum
598 1618 869 1663 curemus
910 1601 1134 1680 potius,
1178 1603 1358 1679 quain
1397 1612 1461 1663 vt
1498 1599 1947 1680 participemus:
1999 1601 2223 1661 malum
2260 1619 2384 1662 non
2424 1610 2659 1662 curatur
2697 1602 2877 1662 malo.
2917 1603 2999 1661 At
3016 1601 3246 1662 bonum

331 1691 602 1744 nostrum
640 1698 943 1759 nunquam
984 1681 1323 1743 omittamus
1337 1726 1356 1762 ,
1395 1691 1496 1742 aut
1534 1679 1687 1741 illius
1726 1679 1933 1741 vtendi
1971 1681 2458 1744 commoditatem
2481 1681 2739 1743 sinamus
2759 1679 2904 1760 eripi
2922 1685 2957 1741 e
2977 1679 3250 1742 manibus

330 1759 567 1823 nostris.
628 1761 733 1823 Sin
790 1771 988 1823 autem
1047 1759 1255 1822 vitium
1312 1764 1351 1821 a
1388 1761 1563 1823 nobis
1604 1770 1721 1840 est,
1780 1779 1858 1821 an
1909 1779 2055 1839 ergo
2100 1771 2375 1840 putamus
2412 1760 2576 1822 idem
2616 1760 2795 1822 etiam
2833 1763 2990 1823 foras
3029 1761 3252 1822 effundi

332 1837 656 1920 oportere?
711 1860 911 1904 annon
972 1851 1295 1920 praestaret
1351 1840 1507 1903 intus
1567 1840 1871 1919 suffocari,
1930 1843 2111 1918 quam
2155 1841 2233 1903 ad
2273 1841 2421 1903 alios
2461 1840 2808 1920 impotentia
2847 1839 3028 1902 animi
3066 1840 3256 1903 nostri

334 1931 436 1982 aut
476 1920 873 2000 imprudentia
910 1920 1247 1983 dimanare?
1281 1922 1694 2001 Euellendum,
1724 1921 2134 1999 extirpandum
2168 1924 2410 2002 malum,
2429 1940 2554 1983 non
2574 1922 3026 2001 propagandum
3059 1931 3166 1983 est.
3193 1921 3256 1983 id

331 2001 482 2062 iusta
501 2002 847 2064 communio
867 2003 1143 2082 postulat,
1157 2012 1222 2063 vt
1238 2001 1415 2063 bonis
1435 2000 1943 2063 communicemus
1964 1999 2117 2063 inter
2138 2021 2269 2083 noa,
2290 2021 2414 2063 non
2435 2001 2783 2081 malis.haec
2802 2002 2962 2064 enim
2981 2001 3086 2063 vbi
3105 2011 3260 2080 sunt,

331 2091 513 2161 atque
551 2083 705 2145 adeo
743 2082 1081 2160 vbicunque
1094 2127 1113 2162 ,
1153 2081 1597 2162 quumprimum
1636 2092 1988 2161 nascuntur,
2039 2093 2298 2161 praestat
2336 2082 2597 2162 extingui
2635 2083 2692 2143 δι
2731 2083 2899 2162 quasi
2950 2081 3257 2143 suffocari:

333 2164 498 2224 bona
535 2168 680 2225 vere
720 2165 857 2224 cum
896 2163 958 2224 in
998 2162 1172 2223 nobis
1213 2161 1384 2241 ipsis,
1424 2172 1550 2223 tum
1571 2161 1632 2222 in
1653 2161 1779 2223 aliis
1799 2180 2033 2239 semper
2052 2162 2112 2224 in
2133 2161 2555 2225 communione
2575 2174 2916 2224 sanctorum
2937 2162 3260 2242 procurari.

414 2244 614 2320 Atque
671 2244 791 2304 hoc
830 2241 1095 2304 officium
1138 2261 1211 2304 eo
1254 2242 1570 2304 studiosius
1602 2240 1728 2303 fieri
1765 2245 1804 2302 a
1838 2241 2018 2304 nobis
2055 2261 2299 2305 necesse
2337 2253 2460 2322 est,
2499 2260 2622 2322 quo
2663 2243 2915 2322 amplihs
2933 2241 3259 2322 procliuem

333 2340 465 2383 esse
498 2323 695 2384 Deum
734 2321 1255 2385 animaduertimus
1297 2323 1377 2384 ad
1416 2323 1842 2385 beneficiorum
1874 2339 2120 2382 suorum
2143 2322 2764 2385 communicationem.
2804 2325 2962 2384 Nam
2980 2333 3046 2384 vt
3064 2342 3263 2385 rorem

336 2403 608 2466 videmus
661 2402 1028 2465 descendere
1043 2448 1061 2483 ,
1112 2421 1226 2465 nec
1278 2405 1463 2465 semel
1513 2403 1907 2475 descendere,
1961 2403 2070 2465 sed
2110 2404 2390 2483 subinde3
2431 2422 2545 2466 nec
2583 2423 2705 2466 vno
2745 2403 2808 2465 in
2845 2405 2984 2466 loco
3001 2449 3018 2479 ,
3060 2403 3166 2466 sed
3201 2403 3266 2465 in

336 2493 464 2545 tota
527 2484 799 2547 oratione
857 2483 1137 2564 Domini;
1196 2502 1311 2545 nec
1371 2487 1612 2564 frustra,
1672 2483 1779 2545 sed
1838 2483 2054 2545 effectu
2116 2484 2477 2547 certissimo:
2537 2485 2618 2547 ita
2659 2485 2836 2547 etiam
2877 2484 2955 2546 de
2987 2504 3123 2547 rore
3162 2484 3266 2546 illo

337 2565 640 2625 bonorum
674 2563 1091 2644 spriritualium
1132 2562 1415 2625 iudicium
1454 2582 1567 2626 nos
1604 2573 1842 2645 oportet
1881 2564 2095 2626 facere:
2140 2584 2374 2644 semper
2414 2563 2640 2628 decidit
2677 2585 2776 2628 ros
2815 2566 2913 2626 ille
2950 2564 3269 2627 beneficio-

337 2660 471 2705 rum
514 2644 629 2705 Dei
649 2690 670 2725 ,
710 2645 1079 2707 descendens
1119 2644 1603 2707 commodissime
1641 2646 1705 2705 in
1745 2642 1909 2706 omni
1941 2654 2214 2724 tempore
2249 2649 2305 2708 &
2324 2648 2462 2707 loco
2478 2691 2497 2726 ,
2538 2644 3054 2707 coniunctissimus
3073 2644 3275 2707 diuina

342 2723 698 2786 efficacitate
712 2771 728 2799 ‚
771 2725 1281 2804 quemadmodum
1322 2724 1467 2787 olim
1508 2744 1619 2805 per
1657 2725 2019 2803 Prophetam
2058 2728 2220 2787 Deus
2260 2725 2760 2805 pronunciauerat
2773 2771 2792 2805 ‚
2831 2725 3138 2788 Ecclesiae
3180 2740 3276 2805 55.

351 2826 444 2866 10.
503 2806 732 2867 Verum
784 2816 844 2865 vt
893 2824 1065 2866 amor
1112 2805 1426 2867 descendit
1466 2803 1656 2884 magis
1694 2807 1733 2864 a
1771 2804 2116 2884 parentibus
2158 2806 2221 2867 in
2259 2806 2511 2888 liberos,
2553 2809 2734 2883 quam
2773 2805 3039 2868 ascendit
3077 2811 3238 2867 retre
3259 2852 3278 2886 ,

340 2884 424 2947 ita
473 2884 625 2947 haec
675 2884 1013 2948 efficacitas.
1090 2886 1231 2946 Non
1285 2886 1444 2947 enim
1483 2885 1735 2964 assurgit
1774 2887 1813 2944 a
1853 2884 2030 2947 nobis
2070 2887 2148 2948 ad
2190 2888 2389 2948 Deum
2431 2905 2619 2964 vsque
2633 2931 2652 2966 ,
2683 2897 2749 2948 vt
2787 2886 2984 2966 capiat
3023 2889 3281 2948 fructum

344 2965 423 3027 de
476 2965 690 3028 nobis:
746 2966 854 3028 sed
904 2964 967 3025 in
1009 2965 1433 3028 communione
1474 2974 1817 3026 sanctorum
1856 2974 1987 3025 tota
2024 2976 2114 3028 est
2152 2970 2189 3027 a
2222 2968 2398 3028 nobis
2437 2966 2815 3048 occupanda3
2854 2976 2920 3028 vt
2959 2965 3060 3043 filij
3101 2966 3283 3027 simus

342 3044 525 3124 patris
586 3044 739 3107 illius
782 3044 970 3107 nostri
1028 3046 1294 3107 caelestis
1354 3045 1456 3124 qui
1500 3044 1640 3107 facit
1677 3055 1743 3106 vt
1782 3046 1874 3106 sol
1912 3061 2053 3107 suus
2091 3046 2387 3109 exoriatur
2424 3066 2600 3126 super
2639 3049 2829 3107 malos
2866 3050 2922 3109 δι
2959 3048 3187 3125 bonos,
3227 3048 3285 3106 δι

343 3124 499 3203 pluit
560 3142 733 3219 super
791 3124 979 3187 iustos
1044 3145 1118 3186 ac
1176 3124 1456 3207 iniustos,
1516 3143 1639 3188 non
1700 3126 1819 3186 vlla
1859 3124 2145 3206 dignitate
2197 3136 2300 3188 aut
2356 3127 2570 3190 virtute
2608 3137 2811 3189 nostra
2851 3128 3143 3188 adductus
3180 3126 3288 3189 sed

348 3206 480 3266 sola
518 3206 884 3285 benignitate
925 3208 982 3267 δι
1024 3205 1429 3268 munificentia
1469 3224 1602 3286 sua,
1643 3208 1817 3266 Matt.
1865 3220 1918 3283 5.
1961 3225 2019 3280 4.
2063 3222 2116 3284 5.
2158 3206 2304 3285 quid
2334 3207 2492 3269 enim
2511 3219 2667 3269 terra
2683 3209 2763 3270 ad
2803 3226 2999 3269 rorem
3039 3210 3289 3288 superne

350 3283 755 3348 obtinendum
824 3280 1011 3347 facit?
1068 3287 1235 3348 Deus
1297 3286 1458 3349 idem
1516 3295 1727 3348 auctor
1764 3295 1855 3347 est
1891 3288 1948 3347 δι
1989 3286 2243 3349 faciendi
2275 3288 2333 3349 δι
2375 3287 2726 3350 demittendi
2755 3286 2942 3349 roris:
2988 3305 3125 3350 eum
3163 3305 3288 3349 non

352 3374 512 3426 terra
579 3376 839 3428 meretur
852 3393 869 3440 3
932 3365 1039 3427 sed
1099 3366 1344 3446 largitur
1381 3366 1599 3447 gratia,
1651 3383 1770 3445 qua
1808 3376 2053 3429 naturae
2094 3366 2366 3429 ordinem
2405 3367 2712 3430 constituit
2748 3369 2934 3430 Deus.
2971 3370 3056 3429 Vt
3093 3367 3294 3445 itaque

355 3463 475 3506 nec
519 3446 833 3526 Hermon,
871 3464 987 3507 nec
1027 3445 1172 3507 Sion
1209 3449 1473 3509 fecerunt
1513 3446 1841 3525 quidquam
1880 3448 1958 3509 ad
1998 3448 2343 3509 habendum
2383 3468 2612 3529 τοι-επις
2664 3449 2748 3511 ita
2784 3449 2963 3511 etiam
3003 3447 3081 3510 de
3119 3446 3295 3509 nobis

358 3526 753 3604 profiteamur
792 3545 999 3589 coram
1039 3527 1305 3590 Domino
1346 3546 1588 3588 necesse
1628 3536 1736 3588 est.
1775 3527 2105 3589 Descendit
2143 3547 2315 3590 amor
2357 3528 2619 3591 infinitus
2659 3528 2811 3591 illius
2852 3530 2932 3592 ad
2971 3547 3085 3590 nos
3123 3529 3300 3590 vehe-

358 3605 764 3687 mentissime,
817 3617 883 3668 at
954 3625 1077 3667 non
1140 3605 1397 3669 vicissim
1449 3608 1529 3668 ad
1583 3607 1748 3667 illum
1789 3606 2059 3669 ascendit
2098 3608 2343 3687 pusillus
2381 3619 2619 3671 noster:
2683 3609 2864 3671 efficit
2901 3611 3000 3671 ille
3037 3627 3208 3671 amor
3246 3612 3303 3671 &

364 3704 564 3748 rorem
606 3686 1099 3750 benedictionum
1142 3687 1200 3748 δι
1240 3690 1452 3749 effecta
1490 3687 1719 3767 singula
1759 3706 1831 3748 ex
1870 3706 2007 3750 rore
2046 3687 2147 3750 illo
2187 3688 2589 3768 procedentia.
2631 3692 2760 3752 Nos
2799 3690 3006 3769 igitur,
3048 3687 3152 3768 qui
3179 3700 3304 3750 tam

357 3764 625 3846 gloriosa
667 3766 1032 3846 benignitate
1070 3767 1253 3845 patris
1311 3767 1580 3830 caelestis
1619 3765 1906 3905 nostri6in
1939 3769 2362 3833 communione
2399 3781 2740 3832 sanctorum
2782 3769 3093 3849 participes
3126 3770 3306 3831 effici·

1178 3872 1185 3880 '
1848 3868 1880 3906 2
2565 3886 2568 3891 v
3171 3867 3304 3911 mul·
