3923 4875
605 0 727 55 444
1685 0 2098 42 ΙῙΙΙΝῙΕῙ
2157 0 2370 42 PARS
2427 0 2472 42 1.

601 237 856 300 Politico
897 237 1009 299 fuit
1048 237 1204 299 ordo
1244 249 1605 315 potestatum
1645 237 1799 300 inter
1839 257 1933 317 se,
1975 250 2102 299 tum
2145 255 2414 299 summae
2451 255 2608 315 quae
2649 237 2816 316 regia
2854 238 3202 318 dicebatur,
3243 250 3386 300 tum
3431 247 3582 303 vero

600 319 947 384 inferiorum
1006 337 1081 378 ex
1142 317 1382 380 ordine:
1436 335 1617 396 quem
1671 317 1944 380 ordinem
1997 329 2324 397 potestates
2377 317 2512 378 illae
2565 335 2810 391 omnes,
2866 319 2922 378 δι
2961 317 3115 378 inter
3154 337 3220 380 se
3261 319 3480 400 ipsae,
3519 323 3576 382 ἃ

602 419 745 478 erga
792 417 901 460 eos
948 396 1052 476 qui
1091 397 1233 477 ipsis
1274 400 1556 460 suberant
1596 401 1653 459 ὅτ
1693 399 2000 460 commissi
2041 411 2212 459 erant
2249 397 2750 459 administrationi
2789 396 3088 476 ipsorum,
3130 399 3576 464 obseruabant.

598 481 671 540 In
712 477 1137 540 Ecclesiastico
1178 484 1322 540 vero
1362 489 1533 540 erant
1572 479 1775 540 omnia
1816 477 2236 540 ministratoria
2251 524 2270 557 ,
2309 481 2347 538 a
2385 478 2521 538 solo
2563 479 2680 539 Dei
2717 477 2970 558 imperio
3009 478 3380 558 pendentia,
3411 485 3476 542 Gr
3493 483 3574 544 ad

606 560 863 622 vniuersi
902 557 1209 621 vtilitatem
1252 560 1446 621 solum
1483 557 1925 638 pei-tendentia:
1967 559 2121 620 adeo
2161 570 2226 619 vt
2283 577 2360 618 ne
2381 557 2492 636 ipsi
2511 556 2756 636 quidem
2775 555 3074 620 sacerdoti
3095 576 3342 620 summo
3361 561 3571 623 liceret

602 639 665 702 in
708 659 770 702 re
811 639 1112 718 incognita
1152 639 1505 719 quidquam,
1550 639 1663 702 nisi
1702 643 1979 700 consulto
2022 657 2130 700 ore
2171 637 2451 719 Domini,
2483 649 2774 700 statuere:
2795 639 3310 717 quemadmodum
3331 641 3574 721 aliquot

604 739 777 784 exem
787 721 903 801 plis
942 719 1003 780 in
1042 719 1209 782 libris
1246 719 1437 782 Mosis
1474 719 1823 782 ostenditur.

684 803 779 864 De
840 799 933 862 his
982 819 1129 878 ergo
1180 798 1571 880 potestatibus
1624 801 1738 861 tria
1788 809 1926 861 sunt
1979 817 2134 880 quae
2188 800 2492 880 Propheta
2529 801 2649 860 hoc
2687 817 2861 860 versu
2900 797 3174 860 distincte
3215 801 3570 879 praedicat:

606 883 870 944 Primum
932 882 1241 957 quodnam
1294 881 1367 942 sit
1422 879 1689 942 officium
1740 881 1951 941 harum
1995 891 2415 959 postestatum:
2459 881 2800 941 Secundum
2815 925 2836 959 ,
2875 880 2978 956 qui
3017 881 3302 942 custodes
3345 883 3570 960 officii:

606 961 877 1024 Tertium
938 960 1202 1040 denique
1250 961 1440 1040 qualis
1497 981 1701 1022 earum
1756 961 2102 1022 constitutio
2141 966 2180 1021 a
2217 959 2505 1023 Domino.
2566 960 2850 1022 Officium
2889 960 3263 1022 demonstrat
3303 963 3572 1042 Psalmis,

610 1045 749 1106 cum
792 1045 1036 1104 thronos
1074 1042 1337 1122 appellat
1376 1045 1505 1103 iuri
1514 1059 1535 1103 .·
1574 1041 1858 1102 custodes
1901 1045 1956 1104 δι
1999 1047 2410 1120 νομοφύλακας
2447 1041 2756 1119 exprimit,
2790 1041 3050 1102 dicendo
3065 1085 3084 1119 ,
3103 1042 3352 1102 thronos
3369 1046 3580 1104 donati

610 1125 880 1187 Dauidis
934 1121 1263 1202 institutos;
1304 1120 1807 1184 constitutionem
1850 1126 1993 1184 vero
2033 1123 2302 1199 pauculis
2341 1123 2536 1183 verbis
2575 1120 2900 1183 declarauit
2938 1119 3172 1202 dicens,
3211 1125 3340 1184 illic
3383 1128 3575 1185 consi-

608 1207 782 1266 dere:
824 1203 887 1263 id
926 1213 1125 1264 autem
1165 1213 1289 1278 est,
1329 1201 1785 1280 Hierosolymis.

686 1285 787 1345 Ius
833 1295 1032 1344 autem
1072 1281 1455 1360 officiumque
1496 1284 1575 1344 ad
1614 1291 1939 1362 potestates
1978 1279 2278 1360 pertinens
2311 1300 2424 1359 pro
2459 1281 2808 1344 conditione
2827 1299 3030 1344 earum
3047 1326 3066 1358 ,
3083 1283 3140 1342 δι
3159 1281 3572 1346 condititione

614 1377 955 1444 temporum
974 1410 993 1440 ,
1031 1361 1192 1424 varie
1233 1363 1744 1442 circumscriptum
1790 1373 1897 1422 est.
1939 1363 2096 1422 Nam
2139 1363 2276 1422 ciam
2317 1374 2680 1441 potestatum
2720 1363 2868 1424 aliae
2886 1363 3180 1423 humanae
3198 1366 3256 1424 δι
3275 1364 3570 1442 politioee

617 1445 733 1508 sint
748 1491 767 1518 ,
828 1445 977 1504 aliae
1038 1443 1278 1504 diuinae
1337 1445 1392 1504 &
1453 1442 1942 1522 Ecclesiasticae3
2001 1440 2267 1503 similiter
2315 1442 2606 1505 rationem
2659 1443 2798 1504 iuris
2835 1461 3084 1504 necesse
3121 1453 3210 1504 est
3249 1443 3569 1523 duplicem

616 1522 949 1587 obseruari:
1011 1540 1191 1584 vnam
1208 1571 1229 1602 ,
1289 1523 1525 1584 ciuilem
1580 1527 1635 1586 ἃ
1698 1523 2053 1598 humanam,
2104 1523 2432 1584 secundum
2493 1541 2676 1602 quam
2734 1523 3042 1584 hominem
3079 1522 3232 1584 inter
3272 1525 3562 1586 homine

622 1622 864 1668 necesse
904 1615 993 1666 est
1031 1603 1333 1682 inculpate
1374 1606 1429 1664 δι
1470 1603 1599 1666 sine
1640 1603 1887 1664 crimine
1926 1601 2178 1663 ciuiliter
2215 1603 2448 1665 viuere:
2490 1607 2735 1664 alteram
2777 1602 3138 1682 spiritualem
3177 1605 3234 1664 81
3255 1603 3532 1666 diuinam
3547 1653 3568 1684 ,

624 1685 949 1748 secundum
1002 1702 1182 1761 quam
1224 1702 1469 1744 necesse
1508 1697 1597 1745 est
1637 1683 1945 1744 hominem
1989 1700 2288 1760 quemque
2327 1703 2536 1746 coram
2573 1683 2842 1745 Domino
2881 1685 3190 1746 ambulare
3225 1684 3571 1764 inculpate,

620 1769 676 1830 &
738 1784 867 1826 esse
927 1765 1257 1842 integrum,
1324 1776 1385 1823 vt
1446 1765 1783 1826 continetur
1844 1763 2042 1824 verbis
2095 1763 2352 1824 foederis
2401 1766 2566 1843 quod
2617 1765 2784 1826 Deus
2830 1765 2974 1825 olim
3023 1783 3165 1824 cum
3203 1765 3568 1828 Abrahamo

618 1845 865 1926 pepigit.
906 1845 1061 1906 Gen.
1114 1861 1201 1920 ¹7·
1252 1864 1302 1904 1.
1342 1844 1495 1907 Iuris
1534 1843 1776 1906 humani
1808 1856 2128 1922 praecepta
2160 1844 2273 1906 tria
2293 1847 2615 1922 prudentes
2636 1845 3032 1924 tradiderunt3
3054 1845 3304 1906 honeste
3324 1845 3570 1924 viuere,

616 1927 867 1988 alterum
910 1943 1033 1986 non
1074 1925 1337 1996 laedere,
1378 1928 1433 1987 &
1474 1944 1643 1986 suum
1690 1925 1907 2002 cuique
1948 1924 2219 1985 tribuere.
2260 1925 2388 1986 Etsi
2428 1926 2589 1989 haec'
2618 1927 2778 1999 duc,
2809 1924 2860 1987 si
2889 1925 3026 2003 quis
3043 1926 3376 1987 accuratius
3397 1929 3570 1988 volet

619 2007 993 2084 expendere,
1031 2005 1111 2065 ad
1152 2023 1333 2066 vnum
1374 2005 1431 2066 δι
1472 2005 1631 2067 idem
1675 2003 1951 2064 videntur
1991 2005 2300 2082 pertinere.
2342 2007 2498 2066 Nam
2543 2007 2648 2086 qui
2688 2023 2858 2068 suum
2901 2005 3118 2082 cuique
3153 2005 3396 2079 tribuit,
3435 2027 3566 2069 non

613 2085 797 2147 laedit
838 2086 1121 2146 alterum:
1164 2085 1219 2146 &
1253 2099 1465 2146 contra
1504 2085 1607 2164 qui
1646 2085 1827 2146 laedit
1869 2084 2150 2160 alterum,
2191 2103 2362 2147 suum
2403 2086 2620 2165 cuique
2660 2086 2902 2147 minime
2926 2085 3145 2146 tribuit.
3183 2085 3336 2148 Iuris
3355 2099 3564 2149 autem

616 2164 804 2228 diuini
842 2180 1126 2244 precepta
1162 2165 1211 2226 si
1251 2166 1385 2243 quis
1422 2167 1482 2227 in
1524 2185 1719 2245 pauca
1758 2165 1916 2227 volet
1956 2165 2338 2237 contrahere..
2382 2167 2705 2228 commode
2746 2167 2944 2228 verbis
2985 2167 3150 2226 Pauli
3187 2184 3402 2226 vsurus
3435 2179 3560 2242 est,

614 2247 695 2308 ad
734 2249 939 2307 Titum
982 2245 1293 2307 scribentis
1334 2248 1452 2307 hoc
1502 2247 1717 2322 mode,
1758 2245 1960 2306 llluxit
1999 2245 2188 2324 gratia
2225 2246 2326 2307 illa
2368 2247 2480 2306 Dei
2519 2247 2816 2308 salutifera
2853 2245 3158 2326 quibusuis
3180 2246 3562 2322 hominibus,

615 2327 893 2388 erudiens
954 2345 1100 2403 nos,
1161 2337 1226 2386 vt
1276 2328 1571 2406 abnegata
1618 2325 1918 2405 impietate
1960 2325 2016 2386 ὅτ
2059 2326 2372 2388 mundanis
2411 2326 2864 2406 cupiditatibus,
2907 2327 3137 2392 sobrie.
3177 2328 3234 2388 δι
3275 2328 3462 2405 iuste,
3501 2331 3558 2388 ἃ

616 2407 719 2501 pio
758 2407 1029 2469 viuamus
1068 2405 1129 2467 in
1172 2407 1467 2485 praesenti
1506 2410 1739 2479 seculo,
1782 2417 2162 2485 expectantes
2204 2410 2440 2469 beatam
2473 2408 2632 2469 illam
2654 2427 2820 2487 spem
2842 2409 3205 2470 &illustrem
3226 2409 3556 2471 aduentum

616 2490 783 2549 illum
842 2486 1067 2567 gloriae
1108 2490 1307 2565 magni
1346 2487 1499 2549 illius
1538 2487 1655 2549 Dei
1696 2508 1769 2549 ac
1810 2486 2120 2548 seruatoris
2159 2488 2292 2548 Iesu
2336 2488 2584 2567 Christi,
2624 2490 2741 2551 Tit.
2787 2510 2841 2549 2.
2889 2510 2980 2549 11.
3023 2490 3086 2565 (s.
3133 2492 3276 2567 719)
3325 2508 3418 2549 η.
3469 2510 3556 2569 13.

616 2571 772 2631 Nam
836 2586 948 2647 pro
1012 2586 1086 2628 eo
1147 2569 1309 2646 quod
1364 2571 1661 2629 humanae
1716 2566 1966 2629 iustitiae
2017 2568 2470 2629 fundamentum
2511 2579 2600 2630 est
2639 2582 2876 2629 natura:
2919 2572 2975 2629 ἃ
3019 2571 3146 2643 lux,
3188 2569 3558 2630 conscientia

618 2660 861 2711 naturae
900 2647 1412 2725 corruptissimae:
1454 2648 1553 2710 hic
1591 2648 2042 2710 fundamentum
2083 2652 2528 2726 supernaturale
2567 2648 2752 2711 diuini
2790 2648 2931 2710 iuris
2971 2647 3215 2727 ponitur
3233 2648 3426 2727 gratia
3447 2652 3558 2712 Dei

619 2728 917 2809 salutaris;
954 2730 1009 2789 δι
1051 2730 1154 2789 lux
1193 2728 1451 2807 gratiae,
1494 2729 1639 2791 fides
1677 2731 1739 2789 in
1780 2728 2145 2790 conscientia
2183 2728 2652 2792 domesticorum
2692 2729 2803 2790 Dei
2843 2730 2899 2789 &
2931 2730 3166 2808 piorum
3187 2728 3558 2793 illucescens.

620 2812 738 2871 Pro
800 2828 877 2869 eo
936 2808 1103 2886 quod
1159 2826 1345 2888 opera
1403 2810 1701 2871 humanae
1732 2808 1985 2870 iustitiae
2027 2808 2178 2870 illius
2219 2823 2522 2889 ponuntur
2563 2829 2634 2871 ea
2673 2828 2824 2889 quae
2865 2812 3047 2889 paulo
3087 2814 3225 2871 ante
3265 2810 3559 2888 diximus:

620 2889 805 2951 diuini
848 2886 989 2951 iuris
1022 2888 1455 2967 religiosissima
1496 2909 1681 2970 opera
1718 2890 1895 2951 nobis
1935 2890 2414 2967 praescribuntur
2453 2893 2610 2952 duo:
2647 2908 2859 2963 vnum,
2893 2902 2954 2949 vt
2978 2908 3160 2967 opera
3191 2890 3558 2953 infructuosa

618 2980 864 3031 naturae
907 2976 1257 3047 corruptae,
1298 2971 1571 3049 adeoque
1608 2970 1739 3049 ipsa
1776 2969 2083 3049 corruptio
2125 2987 2278 3048 quae
2319 2970 2582 3033 inhaeret
2621 2970 2795 3031 nobis
2813 3018 2830 3045 ,
2863 2972 2918 3031 δι
2949 2990 3116 3031 arma
3133 2969 3382 3048 quaeuis
3402 2970 3556 3032 illius

620 3052 1023 3129 depellantur:
1063 3051 1312 3109 alterum
1330 3095 1347 3129 ,
1387 3061 1452 3110 vt
1492 3070 1677 3130 opera
1715 3049 1864 3111 lucis
1902 3053 1999 3110 vel
2039 3051 2262 3113 fructus
2301 3052 2537 3130 spiritus
2577 3050 3016 3131 progignamus.
3059 3052 3298 3111 Horum
3339 3052 3556 3113 modus

621 3131 865 3211 triplex:
926 3128 1192 3208 Primus,
1255 3142 1525 3209 respectu
1578 3130 1796 3211 nostri,
1844 3133 2106 3209 prudens
2157 3133 2212 3191 δι
2253 3130 2502 3211 peruigil
2539 3131 2860 3209 sobrietas,
2901 3150 2978 3191 ne
3017 3130 3558 3193 circumueniamur

620 3212 701 3273 ab
740 3208 1083 3272 extrinsecis
1128 3209 1597 3291 impedimentis,
1636 3224 1737 3272 aut
1783 3212 2125 3273 extrinsecis
2166 3211 2711 3304 perturbationibus
2749 3210 2998 3273 nostris:
3039 3212 3376 3287 Secundus,
3415 3230 3558 3291 erga

620 3290 804 3370 alios,
844 3288 1093 3367 iustitia,
1133 3307 1253 3370 qua
1292 3291 1504 3353 damus
1540 3310 1783 3371 operam
1824 3303 2058 3371 mente,
2095 3312 2325 3371 anime,
2363 3312 2671 3374 sermone,
2711 3296 2904 3371 facto,
2943 3309 3200 3371 nequem
3221 3292 3556 3371 laedamus,

622 3372 729 3435 sed
772 3388 943 3433 suum
984 3370 1201 3451 cuique
1244 3372 1572 3433 tribuamus
1609 3391 1813 3434 coram
1854 3372 2121 3433 Domino
2137 3419 2154 3449 ,
2204 3376 2244 3433 a
2282 3390 2404 3452 quo
2445 3374 2645 3435 vocati
2683 3391 2886 3435 sumus
2923 3372 2984 3433 in
3025 3372 3246 3433 vnitate
3283 3370 3554 3451 spiritus:

618 3450 856 3515 Tertius
912 3470 1054 3529 erga
1092 3454 1289 3513 Deum
1306 3498 1324 3529 ,
1364 3452 1577 3531 pietas,
1618 3470 1737 3530 qua
1775 3455 1972 3514 Deum
2015 3452 2288 3532 religiose
2327 3454 2748 3533 cognoscimus
2787 3454 3186 3531 colimusque,
3223 3455 3282 3515 δι
3319 3452 3382 3511 in
3425 3451 3558 3531 ipso
3838 3518 3839 3535 χ

620 3530 1107 3613 recognoscimus
1148 3550 1542 3611 quoscunque
1582 3543 1765 3594 vocat
1804 3533 1883 3595 ad
1912 3532 2432 3625 participationem
2457 3536 2722 3597 eiusdem
2741 3535 2980 3614 gratiae.
3021 3534 3334 3595 Postremo
3353 3543 3558 3593 autem
3839 3541 3841 3581 Ι

616 3632 729 3694 pro
794 3632 869 3675 eo
930 3613 1098 3691 quod
1156 3616 1417 3674 humana
1482 3613 1582 3675 illa
1642 3624 1819 3693 atque
1872 3613 2066 3673 ciuilis
2116 3614 2364 3693 iustitia,
2404 3614 2466 3675 in
2504 3616 2766 3677 terminis
2811 3614 3058 3675 miserae
3097 3614 3272 3675 huius
3311 3622 3562 3674 naturae

613 3693 1078 3772 conquiescens,
1116 3692 1262 3755 nihil
1299 3698 1463 3756 certo
1504 3693 1687 3755 habet
1728 3699 1851 3773 quo
1892 3692 2131 3755 vlterius
2171 3707 2402 3774 praeter
2440 3697 2598 3756 hanc
2629 3694 2813 3757 vitam
2833 3694 3130 3773 respiciat,
3154 3692 3433 3754 salutaria
3454 3693 3558 3754 illa

618 3784 939 3854 praecepta
976 3772 1091 3834 Dei
1130 3793 1242 3835 nos
1282 3774 1361 3834 ad
1402 3792 1571 3853 spem
1611 3774 1836 3853 gloriae
1876 3775 1932 3834 δι
1974 3775 2197 3853 gratiae
2218 3775 2510 3853 excitant,
2530 3794 2684 3854 quae
2705 3776 3010 3837 hominem
3045 3778 3140 3835 vel
3161 3772 3556 3834 miserrimum

620 3856 677 3917 &
722 3852 1259 3934 desperatissimum
1303 3871 1481 3933 supra
1521 3856 1678 3915 hanc
1718 3869 1991 3917 naturam
2031 3854 2219 3935 possit
2255 3858 2336 3917 ad
2374 3855 2522 3919 boni
2563 3856 2778 3917 summi
2817 3854 3292 3935 expectationem
3311 3854 3558 3931 erigere.

3756 0 3787 65 1

3770 68 3785 111 ι

600 158 796 221 minus
834 173 1137 220 summum
1178 155 1269 218 ius
1308 155 1741 236 imperiumque
1782 177 2019 236 semper
2057 157 2114 218 &
2157 154 2630 219 constantissime
2671 154 2784 218 sibi
2823 156 3172 219 vindicauit.
3237 161 3472 238 Itaque
3521 161 3580 222 in
3772 116 3795 339 ἱ

704 4014 805 4081 Ad
862 4020 1012 4081 haec
1072 4018 1198 4078 duo
1256 4014 1427 4099 iuris,
1490 4016 1817 4094 corporalis
1872 4016 2114 4098 inquam
2164 4018 2220 4077 δι
2277 4016 2619 4099 spiritualis,
2671 4015 2915 4080 humani
2954 4019 3009 4078 δι
3051 4015 3266 4093 diuini,
3265 4032 3552 4157 ἐξὲξ,

3531 4138 3556 4175 2

1172 4564 3842 4673 ᾖ
