3923 4875
1374 335 1699 388 rnnsss
1754 339 2406 391 τπιοιοοιοιιι.
3231 349 3344 409 3⁸1

522 509 610 574 ις.
694 491 1120 576 Simplicissimi
1172 502 1567 578 appellatione
1607 505 2100 582 compositionem
2143 525 2384 568 omnem
2425 511 2462 568 a
2503 507 2616 567 Dei
2653 506 2904 568 essentia
2943 525 3349 586 remouemus,

435 575 573 654 quia
614 595 727 636 nec
765 589 904 638 actu
942 580 1123 640 habet
1164 579 1351 658 ipsam
1390 583 1451 643 in
1493 603 1649 660 sese,
1691 605 1803 646 nec
1844 587 2065 648 habere
2105 597 2316 664 potest.

518 658 608 715 16.
690 657 766 717 Id
823 657 983 720 enim
1042 664 1185 720 uere
1240 661 1763 744 simplicissimum,
1824 667 1992 743 quod
2049 666 2244 728 omnis
2303 677 2392 726 est
2454 663 2904 745 compositionis
2969 685 3214 746 expers,
3275 687 3346 728 ac

432 735 681 814 proinde
720 756 953 819 semper
993 739 1075 801 ita
1112 753 1204 802 est
1240 754 1303 802 vt
1344 755 1433 805 est
1446 789 1464 823 ,
1506 749 1616 804 nec
1659 746 1825 806 aliter
1865 766 1927 806 se
1969 747 2186 808 habere
2224 757 2444 825 potest.

518 833 607 891 17.
686 819 795 880 Est
836 831 1035 882 autem
1076 823 1239 884 Deus
1278 823 1471 885 omnis
1508 825 1958 904 compositionis
1999 845 2208 904 expers
2247 827 2574 887 secundum
2613 825 2928 887 essentiam
2969 843 3164 919 suam,
3207 829 3346 886 cum

434 914 627 973 neque
669 897 743 959 sit
780 919 999 980 corpus
1014 949 1032 982 ,
1072 921 1268 981 neque
1308 923 1380 964 ex
1419 904 1663 966 materia
1703 907 1757 964 δι
1798 907 2018 979 forma,
2061 924 2254 985 neque
2295 925 2369 967 ex
2409 925 2626 984 genere
2667 908 2724 966 δι
2762 906 3117 997 differentia,
3153 924 3346 984 neque

432 995 504 1038 ex
546 977 813 1040 subiecto
854 984 911 1042 δι
950 981 1291 1060 accidente,
1332 1003 1527 1062 neque
1566 1005 1640 1046 ex
1679 985 1792 1046 alia
1832 1003 1895 1046 re
1934 986 2053 1047 vlla
2093 997 2194 1047 aut
2233 987 2352 1046 vllo
2393 987 2580 1047 modo
2621 995 2986 1064 compositus
3001 1030 3020 1065 ,
3061 986 3167 1046 sed
3187 987 3346 1046 idem

433 1056 495 1118 in
535 1076 607 1118 eo
648 1056 723 1118 sit
762 1072 973 1122 natura
1011 1067 1065 1125 δι
1107 1063 1474 1142 suppositum
1491 1110 1508 1143 ,
1550 1065 1801 1126 essentia
1841 1066 1895 1124 δι
1936 1085 2067 1126 esse
2082 1112 2100 1143 ,
2141 1077 2204 1127 vt
2243 1069 2562 1143 loquuntur
2601 1067 2802 1158 vulgo.
3017 1145 3030 1157 ·

516 1139 605 1197 18.
687 1138 871 1214 Quod
910 1141 965 1203 si
1006 1145 1453 1223 compositionis
1494 1164 1732 1225 experS,
1770 1165 1917 1224 ergo
1954 1149 2010 1208 ἃ
2053 1147 2112 1206 ἰιι
2154 1166 2217 1208 se
2257 1157 2346 1208 est
2387 1145 2878 1237 simplicissimuS,
2919 1149 2974 1206 δι
3013 1165 3074 1205 in
3104 1163 3346 1237 compo·

434 1215 707 1278 sitionem
760 1239 897 1282 cum
954 1243 1019 1284 re
1059 1226 1178 1286 vlla
1191 1272 1209 1305 ,
1252 1235 1530 1304 tanquam
1570 1224 1918 1304 principium
1960 1225 2256 1290 internum
2270 1272 2288 1306 ,
2327 1237 2430 1288 aut
2451 1237 2714 1300 „materia
2751 1235 2854 1286 aut
2891 1229 3082 1286 forma
3095 1270 3113 1303 ,
3155 1244 3350 1288 vemre

432 1315 553 1358 non
678 1308 807 1360 test.

518 1315 677 1455 19.po
688 1380 782 1440 Ex
842 1383 955 1442 hac
1001 1394 1201 1445 autem
1256 1384 1629 1463 simplicitate
1668 1385 1812 1447 illud
1853 1385 2104 1447 omnino
2145 1385 2555 1465 consequitur,
2596 1387 2810 1446 Deum·
2831 1403 2960 1446 esse
3000 1383 3348 1463 perfectissi-

434 1474 597 1517 mum
640 1457 699 1518 in
739 1479 895 1534 sese,
942 1467 997 1524 δι
1038 1464 1308 1526 vniuerse
1346 1467 1675 1544 perfectum
1718 1465 1903 1525 modo
1944 1466 2374 1544 perfectissimo
2413 1467 2752 1558 diuinoque5
2855 1543 2869 1556 .
3067 1545 3080 1557 .
3308 1543 3320 1556 ι

512 1557 605 1598 2ο.
690 1539 991 1620 Quicquid
1047 1555 1245 1606 autem
1298 1545 1675 1624 perfectionis
1716 1556 1802 1606 est
1842 1544 1903 1604 in
1946 1548 2122 1607 rebus
2149 1547 2370 1608 creatis
2384 1591 2402 1625 ,
2443 1545 2508 1607 id
2545 1545 2872 1624 praedicari
2909 1545 2988 1606 de
3029 1563 3113 1637 eis
3151 1562 3347 1636 aequi·

426 1621 613 1678 uoce:
656 1619 793 1696 quia
834 1621 1042 1685 harum
1085 1625 1369 1704 perfectio
1410 1645 1523 1686 nec
1561 1645 1809 1704 genere,
1847 1643 1961 1685 nec
2004 1625 2202 1704 specie
2239 1645 2376 1687 cum
2415 1625 2616 1687 diuina
2634 1626 2814 1686 habet
2837 1635 3316 1686 conuenientiam
3329 1669 3350 1702 ,

436 1697 542 1760 sed
582 1700 813 1759 tantum
853 1704 1250 1784 qualicunque
1287 1705 1575 1785 analogia.

506 1797 537 1836 2
551 1795 573 1836 ι
586 1821 600 1836 .
680 1780 839 1842 Tum
879 1797 1056 1862 prout
1096 1802 1483 1878 vnaquaeque
1524 1805 1617 1847 res
1654 1787 1916 1864 perfecta
1952 1796 2069 1858 est,
2111 1785 2193 1845 ita
2235 1785 2415 1846 etiam
2456 1785 2670 1856 dicitur
2710 1785 2873 1845 bona
2911 1803 3038 1846 esse
3079 1793 3348 1862 respectu

424 1857 807 1934 perfectionis
846 1881 988 1925 suae
1029 1865 1198 1927 modi
1238 1864 1409 1927 illius.
3127 1943 3140 1958 ⁸

508 1956 598 1997 22.
680 1939 790 2002 Est
830 1955 1027 2006 autem
1069 1948 1235 2007 Deus
1274 1965 1378 2007 ens
1419 1944 1909 2024 perfectissimum
1926 1988 1944 2024 ,
1987 1955 2048 2004 vt
2087 1945 2271 2008 modo
2315 1944 2688 2008 dicebamus:
2731 1963 2876 2037 ergo
2917 1947 2973 2005 δι
3015 1955 3342 2023 optimum:

426 2017 565 2094 quia
602 2035 706 2078 ens
747 2021 803 2080 δι
845 2024 1101 2106 bonum,
1142 2027 1253 2088 etsi
1292 2026 1517 2088 ratione
1557 2024 1866 2102 differunt,
1906 2023 1969 2084 in
2011 2044 2076 2086 re
2121 2037 2318 2087 tamen
2359 2037 2494 2086 sunt
2534 2042 2715 2117 vnn-m
2757 2027 2814 2086 δι
2851 2026 3031 2086 idem.

510 2115 603 2174 23·
684 2100 779 2162 Ac
838 2104 1035 2167 bonus
1098 2105 1338 2184 quidem
1398 2118 1489 2168 est
1547 2108 1709 2168 Deus
1760 2103 2036 2167 bonitate·
2067 2104 2270 2167 diuina
2308 2125 2416 2184 per
2453 2115 2765 2167 essentiam
2829 2123 3028 2184 suam,
3063 2113 3347 2182 tanquam

426 2175 619 2238 omnis
682 2180 827 2242 boni
884 2185 1145 2248 efficiens
1161 2233 1180 2266 ,
1240 2189 1296 2250 δι
1356 2187 1611 2248 maxime
1672 2185 2038 2264 expetendus
2051 2231 2070 2262 ,
2109 2185 2381 2262 adeoque
2419 2201 2717 2248 summum
2755 2186 2984 2278 bonum
3000 2231 3019 2264 ,
3059 2185 3138 2245 ad
3177 2184 3346 2276 quod

429 2256 693 2318 seruntur
710 2263 812 2402 bgr
870 2267 1241 2328 contendunt
1301 2267 1533 2340 omnia,
1594 2277 1883 2345 quatenus
1942 2266 2106 2326 bona
2165 2278 2298 2328 sunt
2311 2312 2328 2346 ,
2389 2264 2894 2344 quemadmodum
2949 2285 3010 2326 in
3049 2273 3350 2325 creatione

434 2339 669 2399 fuerunt

510 2437 607 2492 ²4·
690 2361 1085 2488 Sedm'horum
1136 2425 1372 2487 bonitas
1426 2425 1641 2487 dicitur
1692 2426 2040 2505 aequiuoce.
2103 2425 2260 2503 Quia
2298 2425 2416 2488 Dei
2451 2423 2688 2488 bonitas
2729 2435 2819 2486 est
2856 2422 3206 2516 principium
3235 2421 3348 2502 pri·

419 2516 585 2561 mum
612 2544 631 2577 ,
670 2506 1003 2584 exemplar,
1044 2506 1307 2568 efficiens
1346 2510 1403 2569 δι
1450 2506 1637 2567 finalis
1680 2524 1857 2567 causa
1896 2506 2090 2567 omnis
2130 2505 2437 2569 bonitatis:
2486 2507 2700 2567 horum
2740 2508 2881 2565 vero
2913 2524 3036 2597 non
3054 2513 3226 2596 item,
3244 2502 3352 2564 sed

428 2578 627 2659 potius
691 2584 933 2647 effectus
988 2586 1043 2646 δι
1082 2587 1436 2649 adumbrata
1476 2586 1799 2648 similitudo
1839 2605 1914 2647 ex
1952 2585 2491 2648 communicatione
2531 2585 2789 2663 quadam
2827 2586 3108 2647 bonitatis
3147 2600 3348 2645 secun-

430 2660 573 2721 dum
618 2664 1099 2743 qualemcunque
1137 2666 1471 2745 analogiam
1513 2668 1575 2743 (f.
1626 2668 1821 2745 1779).
2473 2743 2488 2757 ·
2817 2744 2830 2756 ι
3041 2742 3054 2755 .

503 2757 608 2817 25·
692 2742 1073 2824 Quapropter
1128 2746 1457 2809 bonitatem
1514 2744 1770 2807 vniuoce
1823 2744 2046 2807 dictam
2103 2746 2152 2807 si
2193 2764 2519 2825 respexeris
2533 2789 2550 2821 ,
2592 2747 2731 2805 vere
2770 2744 2998 2805 dictum
3038 2744 3184 2803 illud
3223 2752 3312 2803 est
3327 2788 3346 2821 ,

418 2818 612 2880 Nemo
676 2823 874 2885 bonus
887 2871 903 2903 ,
967 2824 1080 2886 nisi
1139 2844 1289 2887 vnus
1356 2828 1550 2887 Deus:
1612 2824 1939 2904 aequiuoce
1988 2836 2186 2886 autem
2231 2844 2326 2887 res
2368 2843 2578 2886 omnes
2619 2834 2850 2885 creatae
2863 2868 2882 2902 ,
2922 2825 3040 2901 qua
3079 2830 3312 2883 creatae
3329 2866 3346 2899 ,

420 2900 619 2961 bonae
661 2914 821 2964 sunt.

500 2982 596 3042 26.
674 2983 823 3045 Sunt
886 2995 1083 3046 autem
1144 2987 1341 3048 bonae
1382 2987 1602 3062 modo,
1654 2986 1883 3065 specie,
1927 2987 1984 3045 δι
2027 2984 2264 3046 ordine:
2316 2987 2478 3046 Deus
2515 2988 2693 3062 vero,
2731 3000 2910 3062 supra
2948 3000 3190 3043 omnem
3223 2999 3350 3043 mo-

426 3058 602 3141 dum,
652 3062 912 3140 speciem
953 3069 1007 3127 δι
1049 3064 1319 3126 ordinem
1360 3084 1553 3127 rerum
1597 3066 1863 3127 omnium
1906 3076 2232 3125 creatarum
2249 3110 2266 3141 ,
2307 3066 2501 3125 bonus
2541 3073 2678 3156 ρετ..
2783 3140 2798 3155 0
3102 3141 3115 3154 ·
3256 3139 3269 3152 ⁶

506 3157 601 3217 27.
684 3144 814 3203 Nec
875 3162 947 3204 eo
1010 3144 1203 3205 minus
1263 3149 1299 3206 a
1354 3156 1565 3206 natura
1623 3145 1736 3207 Dei
1789 3144 2332 3223 praedicamentum
2373 3153 2712 3223 quantitatis
2751 3159 2875 3203 siue
2915 3145 3181 3221 proprie,
3223 3156 3350 3201 siue

422 3220 732 3301 analogice
773 3222 1031 3305 dictum,
1077 3225 1439 3303 excluditur,
1475 3228 1592 3305 qua
1630 3224 1890 3287 infinitus
1906 3271 1922 3301 ,
1963 3223 2368 3311 immutabilis,
2409 3234 2586 3303 atque
2627 3231 2900 3283 aeternus
2939 3231 3045 3314 est.
3178 3300 3190 3312 υ
3229 3298 3242 3311 .

508 3302 604 3361 28.
690 3302 960 3365 Infinitus
1014 3305 1172 3366 enim
1228 3316 1318 3366 est
1363 3308 1526 3367 Deus
1569 3318 1706 3366 actu
1748 3305 2090 3385 simpliciter
2133 3322 2238 3381 per
2278 3305 2590 3365 essentiam
2628 3320 2823 3394 suam:
2865 3301 3194 3393 cuiusmodi
3225 3300 3351 3391 infi-

421 3378 575 3440 nitas
643 3384 805 3443 nulla
857 3383 987 3444 dari
1025 3396 1225 3464 potest
1262 3385 1322 3446 in
1366 3386 1542 3447 rebus
1578 3386 1937 3447 naturalibus
1978 3396 2078 3444 aut
2119 3384 2328 3444 creatis
2369 3400 2626 3462 vnquam
2643 3426 2661 3462 ,
2701 3401 2750 3442 si
2789 3383 3029 3460 quidem
3069 3389 3354 3459 magnitu-

423 3458 555 3521 dini
602 3466 740 3521 vere
782 3465 836 3523 δι
877 3464 1056 3543 vulgo
1098 3464 1291 3526 dictae
1332 3466 1699 3545 opponitur.·
2717 3540 2732 3555 .
2858 3540 2871 3555 ,

514 3558 608 3618 29.
690 3540 751 3601 Si
794 3540 991 3603 auterii
1042 3544 1303 3607 infinitus
1344 3555 1431 3606 est
1476 3558 1537 3605 vt
1582 3546 1825 3625 impleat
1865 3541 2098 3623 omnia,
2139 3544 2194 3603 ἃ
2234 3554 2430 3605 tamen
2469 3561 2546 3603 ne
2587 3543 2736 3603 caeli
2771 3542 3012 3620 quidem
3052 3540 3353 3601 caelorum

428 3638 643 3697 capere
680 3620 913 3699 possint
954 3624 1165 3717 ipsum.
2599 3701 2612 3713 .
2693 3702 2704 3715 ο
2937 3700 2950 3713 ·
3203 3698 3218 3711 ,

497 3717 597 3776 30.
684 3702 896 3781 Itaque
950 3722 1036 3764 sic
1090 3714 1181 3765 est
1234 3703 1293 3765 in
1348 3704 1525 3765 rebus
1568 3704 1845 3765 omnibus
1883 3714 1946 3763 vt
1985 3712 2150 3764 extra
2190 3722 2290 3765 eas
2327 3702 2429 3764 sit:
2471 3705 2528 3763 δι
2567 3721 2651 3763 sic
2677 3720 2750 3793 ,in
2790 3702 3068 3764 omnibus
3100 3700 3249 3760 locis
3289 3708 3354 3789 vt

422 3794 603 3858 supra
660 3798 731 3841 ea
786 3781 885 3843 sit:
952 3802 1073 3845 non
1126 3803 1233 3863 per
1285 3796 1481 3865 partes
1523 3798 1585 3845 vt
1627 3785 1905 3845 continua
1946 3802 2229 3861 corpora:
2272 3801 2394 3843 non
2437 3784 2768 3843 successiue
2807 3793 2873 3845 vt
2911 3797 3080 3871 quae.
3100 3788 3356 3857 tempori

414 3860 469 3920 δι
548 3860 739 3921 motui
800 3873 935 3923 sunt
994 3864 1285 3925 obnoxia:
1350 3864 1457 3925 sed
1507 3878 1642 3925 actu
1682 3865 2008 3925 secundum
2053 3874 2242 3924 totum
2283 3862 2480 3941 primo
2521 3864 2576 3923 δι
2620 3880 2728 3939 per
2765 3882 2828 3923 se
2865 3870 3145 3938 essentia,
3183 3876 3348 3936 prae-

421 3938 651 4018 sentia,
691 3942 747 4003 δι
787 3944 1054 4021 potentia
1092 3962 1197 4005 sua
1234 3962 1489 4037 semper.
2561 4022 2574 4034 ³
2939 4020 2952 4032 ·
3315 4017 3328 4029 ·

510 4038 609 4095 31.
694 4022 778 4081 Vt
816 4034 1014 4085 autem
1058 4022 1523 4105 magnitudinem
1564 4040 1863 4104 quamque
1904 4022 2186 4084 infinitate
2225 4040 2330 4084 sua
2369 4023 2602 4084 excedit
2641 4022 2804 4081 Deus
2819 4065 2837 4102 ,
2876 4030 3054 4081 etiam
3073 4034 3355 4079 successi·

422 4116 615 4159 onem
662 4100 717 4159 δι
762 4100 1224 4167 vicissitudinem
1258 4106 1437 4164 vllam
1480 4123 1599 4165 non
1644 4104 1936 4182 experitur
1979 4112 2178 4182 motu3
2217 4113 2317 4163 aut
2355 4113 2640 4181 tempore.
2929 4179 2943 4192 ο
3218 4175 3232 4188 ·

526 4198 622 4257 32.
699 4182 903 4243 Motus
961 4182 1133 4245 vllius
1195 4186 1251 4245 in
1320 4204 1447 4245 sese
1505 4194 1808 4262 expertum
1868 4202 1996 4243 esse
2049 4184 2242 4243 Deum
2303 4183 2644 4261 asserimus,
2701 4198 2905 4275 quum·
2927 4176 3350 4273 immutabilem

453 4260 847 4337 appellamus:
909 4272 993 4323 est
1049 4265 1205 4325 enim
1252 4280 1431 4341 purus
1484 4278 1649 4324 acius
1700 4266 1825 4325 sine
1862 4262 2242 4341 permistione
2279 4262 2452 4323 vllius
2489 4272 2820 4341 potentiae,
2859 4261 3353 4339 simplicissimus,

428 4340 483 4399 ἃ
532 4341 1011 4417 perfectissimus.
2633 4384 2638 4392 ·

1832 4442 1903 4496 41
2587 4470 2598 4481 .
3009 4440 3109 4497 33.
3191 4419 3346 4478 Nam
