3923 4875
572 301 683 358 166
1478 309 1809 352 ‘russas
1868 307 2524 354 Τι-ιεοιοσιοιιιι.

647 496 702 553 3.
784 479 877 535 Ac
916 475 1175 551 denique
1216 491 1423 535 eorum
1461 475 1561 551 qui
1603 474 1904 533 hominem
1944 484 2229 552 negarunt
2268 491 2568 551 peccasse,
2609 489 2687 533 eo
2727 474 2891 550 quod
2930 475 3255 550 Apostolus
3297 473 3475 552 dicit,

564 559 788 635 Legem
848 573 972 614 non
1032 554 1175 632 poni
1228 553 1390 614 iustis
1451 555 1555 614 sed
1606 553 2042 631 peccatoribus:
2109 573 2156 612 1.
2197 553 2352 612 Tim.
2414 573 2465 613 1.
2521 573 2578 629 9.
2619 555 2675 612 δι
2717 553 2862 612 ιιιιιιι
2902 555 3159 613 fatentur
3195 573 3476 630 peccasse

426 674 451 701 0
566 638 719 698 adeo
760 645 1105 748 extenuant,
1145 643 1209 692 vt
1248 636 1457 712 culpae
1497 645 1721 712 partem
1759 634 2012 694 creatori
2050 633 2327 694 tribuant.

1822 866 2200 876 *—

1214 1061 1378 1122 XIX.
1457 1061 1590 1119 DE
1650 1057 2144 1119 PECCATO
2203 1059 2812 1118 ORIGINALI.

1680 1242 2008 1318 Τιιῑειε
2067 1255 2360 1303 PRIMA.

642 1440 696 1486 ι.
780 1421 872 1478 Ex
921 1419 1023 1479 illo
1076 1419 1295 1478 Adami
1349 1421 1547 1497 lapsu,
1587 1418 1663 1477 de
1704 1434 1826 1494 quo
1866 1414 2136 1493 proxime
2176 1427 2376 1476 actum
2413 1429 2532 1497 est,
2576 1420 2862 1495 processit
2900 1421 3064 1480 labes
3105 1431 3478 1497 posterorum

563 1499 827 1559 omnium
844 1545 863 1574 ,
901 1499 1005 1576 qui
1044 1518 1117 1559 ex
1156 1517 1231 1558 eo
1273 1463 1599 1558 secundum
1642 1507 1915 1556 naturam
1954 1507 2384 1575 prouenerunt‚
2425 1500 2479 1557 &
2519 1509 2834 1576 peccatum
2875 1499 3022 1560 iliud
3036 1543 3055 1577 ‚
3096 1500 3263 1576 quod
3303 1499 3480 1577 origi-

560 1581 695 1641 nale
746 1581 927 1658 vulgo
980 1578 1103 1638 siue
1143 1576 1526 1656 originarium
1566 1578 1959 1668 appellamus:
2006 1577 2514 1668 quemadmodum
2554 1580 2881 1671 Apostolus
2919 1581 3203 1659 affirmat,
3244 1579 3447 1640 dicens
3461 1625 3478 1659 ,

562 1679 667 1737 per
716 1675 899 1720 vnum
942 1657 1247 1719 hominem
1288 1665 1599 1735 peccatum
1640 1675 1702 1717 ιιι
1738 1657 1900 1718 hunc
1936 1655 2228 1716 mundum
2267 1656 2605 1736 intrauisse,
2647 1659 2704 1717 δι
2743 1659 2824 1719 ita
2859 1659 2922 1720 in
2963 1679 3170 1720 omnes
3209 1660 3478 1721 homines

566 1749 821 1799 mortem
860 1737 1277 1816 pertransiisse.

647 1839 698 1877 2.
781 1820 888 1878 Est
947 1828 1147 1878 autem
1202 1825 1511 1894 peccatum
1568 1815 1948 1894 originarium
2001 1816 2231 1876 habitus
2286 1815 2558 1906 vitiosuS,
2600 1835 2705 1880 seu
2743 1818 3030 1880 vitiositas
3044 1864 3062 1899 ‚
3102 1819 3222 1896 qua
3261 1820 3480 1898 posteri

564 1917 803 1977 οιιιιιεε,
844 1897 945 1974 qui
983 1897 1223 1957 Adamo
1263 1898 1425 1957 velut
1463 1896 1769 1956 communi
1809 1895 2101 1975 principio
2143 1895 2386 1988 generis·
2413 1897 2600 1958 nostri
2621 1901 2950 1960 secundum
2969 1909 3212 1960 natiuae
3231 1901 3477 1960 modum

562 1987 961 2056 propagantur
974 2021 991 2055 ,
1034 1975 1327 2068 corrupti,
1372 1980 1429 2037 δι
1468 1986 1813 2053 peccatores
1850 1978 1929 2037 ab
1969 1994 2042 2036 eo
2087 1975 2419 2053 constituti,
2461 1984 2663 2054 reique
2703 1981 2912 2057 culpae
2945 1983 3002 2040 δι
3037 1998 3266 2057 poenae
3290 1979 3480 2040 effecti

564 2068 727 2117 sunt:
772 2067 947 2135 prout
989 2057 1219 2117 notauit
1258 2057 1613 2134 ApostoluS‚
1656 2055 1888 2134 dicem,
1930 2057 2058 2116 Nos
2099 2065 2309 2116 natura
2349 2055 2470 2116 irae
2509 2055 2680 2118 filios.
2721 2060 2880 2138 Epa,
2930 2080 2982 2120 2.
3024 2080 3080 2137 3.

642 2156 699 2213 3.
780 2139 1045 2197 Habitus
1100 2145 1187 2197 est
1240 2139 1564 2197 naturalem
1616 2135 1943 2214 potentiam
1956 2180 1976 2213 ,
2027 2152 2182 2212 quae
2220 2135 2282 2195 in
2320 2137 2559 2197 Adamo
2599 2137 2676 2198 ad
2715 2139 3031 2211 vtrumuiS,
3071 2141 3300 2200 bonum
3339 2149 3479 2216 puta

563 2221 617 2278 δι
658 2219 910 2296 malum,
953 2216 1139 2277 libera
1178 2219 1397 2293 fuerat,
1437 2216 1835 2280 determinans
1872 2215 2218 2276 conditione
2257 2214 2422 2276 mali.
2468 2235 2620 2294 quae
2660 2219 2964 2298 conditio,
3006 2239 3130 2281 non
3161 2219 3353 2280 infusa
3391 2229 3482 2279 est

561 2301 722 2373 (nam
760 2297 876 2358 Dei
892 2261 1096 2358 solius
1136 2309 1225 2358 est
1264 2296 1575 2356 infundere
1588 2339 1606 2374 ‚
1647 2298 1869 2356 malum
1908 2307 2109 2356 autem
2151 2314 2276 2357 non
2314 2295 2570 2357 infundit
2609 2299 2798 2374 Deus)
2837 2317 2961 2359 ιιοιι
2991 2298 3274 2376 acquisita
3295 2299 3482 2358 imita-

562 2378 722 2439 tione
784 2381 949 2455 (nam
1008 2377 1271 2439 actiones
1331 2385 1467 2437 sunt
1526 2375 1907 2455 singularium
1922 2421 1940 2455 ,
1991 2395 2103 2436 nos
2153 2387 2352 2436 autem
2391 2375 2602 2455 singuli
2640 2397 2764 2439 non
2804 2378 3164 2457 acquirimus
3179 2425 3198 2457 ,
3239 2381 3372 2439 cum
3415 2378 3475 2439 in

558 2457 849 2535 acquisito
906 2460 1025 2519 hoc
1088 2460 1247 2518 malo
1306 2458 1638 2533 nascamur)
1698 2458 1803 2517 sed
1856 2456 2164 2535 naturalis,
2223 2456 2349 2517 siue
2391 2460 2478 2533 (vt
2527 2460 2872 2535 loquuntur)
2913 2472 3199 2551 connata3
3238 2479 3364 2520 non
3403 2478 3476 2519 ex

563 2539 897 2599 communis
948 2548 1192 2599 naturae
1240 2542 1438 2628 (quae
1472 2539 1527 2598 δι
1577 2536 1797 2597 Adami
1836 2535 1895 2596 in
1936 2536 2268 2616 integritate
2307 2538 2443 2616 fuit,
2486 2540 2541 2597 &
2583 2538 2802 2599 Christi
2843 2538 3176 2600 communis
3216 2542 3332 2614 est)
3371 2540 3478 2599 sed

562 2618 931 2680 instrumenti
971 2617 1297 2709 primigenii
1335 2615 1513 2695 vitio,
1554 2635 1628 2676 ex
1670 2635 1792 2710 quo
1834 2636 2042 2677 omnes
2084 2617 2515 2679 descenderunt
2557 2617 2912 2679 naturaliter.

642 2720 697 2773 4.
780 2698 975 2758 Huius
1017 2696 1211 2759 vitiosi
1249 2696 1484 2758 habitus
1522 2699 1772 2757 materia
1812 2696 1937 2757 siue
1976 2696 2308 2757 subiectum
2348 2706 2436 2757 est
2475 2700 2661 2758 homo
2702 2700 3031 2761 secundum
3065 2718 3271 2790 omnes
3305 2700 3480 2762 facul-

560 2788 711 2839 tates
746 2776 898 2856 eius,
938 2778 1000 2838 in
1039 2778 1309 2857 Adam0,
1351 2778 1406 2837 δι
1446 2796 1520 2836 ex
1559 2778 1795 2837 Adamo
1840 2779 1997 2837 velut
2039 2776 2345 2837 communi
2383 2776 2676 2855 principio
2717 2800 2788 2839 ac
2820 2778 3019 2839 radice
3041 2778 3274 2856 generis
3294 2778 3480 2840 nostri

562 2858 927 2919 descendens
965 2823 1322 2917 naturaliter.
1382 2858 1537 2917 Nam
1578 2856 1639 2916 in
1676 2857 1917 2917 Adamo
1960 2856 2156 2933 priore
2191 2867 2318 2917 tota
2351 2857 2577 2935 species
2611 2858 2884 2935 deposita
2903 2861 3092 2919 fuerat
3109 2862 3145 2918 a
3163 2860 3300 2919 Deo
3321 2868 3482 2919 natu-

561 2937 786 3018 taliter,
825 2938 886 2997 in
926 2955 1046 3015 quo
1090 2956 1299 2997 omnes
1340 2946 1768 3014 peccauerunt,
1797 2939 1855 2997 &
1876 2936 1961 2998 rei
1981 2936 2121 2997 facti
2141 2946 2306 3014 sunt,
2325 2938 2382 2995 δι
2403 2937 2543 3028 filij
2525 2957 2646 2998 irae
2667 2940 2724 2998 δι
2745 2936 3172 2999 maledictionis
3191 2950 3480 3000 aeternae.

642 3034 697 3094 5.
778 3020 1004 3078 Forma
1062 3027 1180 3097 est,
1236 3035 1361 3077 non
1416 3018 1609 3077 solum
1660 3017 1921 3108 carentia
1956 3016 2226 3095 puritatis
2265 3020 2321 3077 &
2361 3016 2616 3078 iustitiae
2656 3023 2746 3095 (vt
2784 3018 2982 3079 verbis
3021 3020 3289 3079 Anselmi
3329 3021 3481 3093 vtar)

488 3116 501 3137 ⁸
560 3097 859 3175 originalis
908 3097 1141 3159 debitae
1162 3062 1370 3158 inesse
1387 3142 1405 3175 ,
1460 3099 1620 3157 velut
1666 3094 1727 3156 in
1763 3096 1959 3173 primo
1999 3107 2243 3173 parente
2279 3107 2560 3175 acceptae
2601 3100 2742 3173 (hoc
2782 3099 2940 3159 enim
2981 3096 3326 3176 priuationis
3363 3108 3482 3175 est,

560 3195 713 3255 quae
750 3176 895 3237 nihil
934 3178 1130 3270 ponit,
1172 3194 1364 3254 neque
1404 3176 1525 3255 agit
1562 3194 1667 3253 per
1706 3180 1793 3253 se)
1836 3178 1945 3238 sed
1983 3176 2220 3237 habitus
2259 3176 2652 3268 corruptionis
2691 3180 2748 3237 δι
2787 3178 3100 3240 iniustitiae
3140 3178 3219 3239 ad
3261 3180 3478 3239 malum

558 3257 842 3317 duntaxat
881 3256 1119 3336 habilis,
1160 3259 1221 3316 δι.
1256 3258 1537 3318 aduersus
1576 3268 1883 3333 acceptam
1918 3258 2079 3317 illam
2107 3260 2162 3318 δι
2183 3255 2442 3317 debitam
2472 3256 2786 3335 puritatem
2805 3262 2862 3319 δι
2881 3257 3158 3319 iusti-tiam
3176 3275 3479 3349 pugnans,

560 3338 1063 3413 quemadmodum
1100 3304 1185 3398 ’ait
1220 3340 1384 3398 Deus
1434 3338 1638 3397 Genes.
1680 3338 1737 3396 6.
1782 3338 1859 3396 ὁ·
1900 3341 1955 3397 8.
1997 3338 2154 3398 Nam
2193 3346 2256 3397 vt
2293 3336 2413 3397 vita
2452 3355 2686 3415 semper
2723 3338 2846 3416 agit
2887 3338 3032 3399 dum
3072 3338 3356 3429 viuimus,
3394 3358 3478 3398 εις

558 3417 736 3477 etiam
777 3417 1083 3477 facultates
1120 3416 1521 3478 indesinenter
1560 3416 1792 3477 viuunt.
1838 3436 1992 3495 quae
2035 3416 2173 3495 quia
2210 3419 2376 3478 bono
2414 3416 2677 3493 priuatae
2716 3428 2882 3499 sunt,
2923 3422 2960 3478 a
2995 3417 3308 3479 vitiositate
3345 3427 3482 3478 actu

560 3497 755 3575 primo
797 3496 923 3573 (qui
962 3496 1120 3558 idem
1161 3507 1250 3557 est
1289 3496 1550 3571 habitus)
1591 3507 1976 3575 occupantur.

640 3580 696 3638 6.
782 3576 981 3637 Causa
1038 3578 1298 3654 efficiens
1360 3586 1449 3637 est
1506 3575 1705 3636 Adam
1767 3580 1823 3637 δι
1876 3578 2039 3655 Eua,
2092 3575 2266 3667 primi
2306 3587 2578 3654 parentes
2615 3577 2824 3638 nostri.
2883 3580 3072 3638 Nam.
3113 3578 3252 3638 cum
3293 3578 3470 3638 totius

558 3656 789 3736 generis
848 3656 1033 3717 nostri
1078 3660 1115 3716 a
1168 3658 1303 3717 Deo
1350 3656 1411 3716 in
1452 3666 1658 3716 natura
1699 3654 2052 3734 principium
2091 3656 2534 3718 instrumentale
2573 3658 2772 3719 Adam
2813 3644 3164 3719 constitutus
3203 3668 3357 3718 esset
3394 3659 3472 3717 ad

555 3736 1043 3829 propagationem
1092 3736 1357 3815 generiS,
1406 3740 1463 3797 δι
1515 3736 1760 3814 quidem
1798 3735 2246 3796 instrumentum
2287 3736 2708 3816 voluntarium,
2751 3748 2816 3797 vt
2851 3748 3071 3798 vocant
3101 3736 3336 3813 Physici
3349 3782 3368 3813 ,
3409 3737 3471 3798 ιιι

559 3820 783 3878 malum
836 3816 993 3877 effici
1044 3826 1143 3877 aut
1195 3820 1233 3877 a
1272 3818 1440 3895 De0,
1480 3827 1581 3876 aut
1618 3819 1655 3874 ὲ.
1693 3818 1946 3908 Natura,
1987 3828 2087 3876 aut
2126 3817 2204 3876 ab
2245 3820 2642 3878 Instrumento
2683 3816 2961 3897 singulari
3000 3816 3276 3894 oportuit.
3331 3819 3470 3877 Non

558 3908 755 3958 autem
798 3900 835 3956 ὲ.
878 3899 1012 3958 Deo
1026 3942 1045 3975 ,
1084 3897 1187 3974 qui
1224 3896 1593 3957 instrumenti
1632 3895 1922 3956 voluntati
1958 3896 2220 3973 permisit
2258 3898 2382 3957 vias
2421 3914 2586 3975 suas,
2628 3900 2684 3957 δι
2723 3907 2942 3962 roemm
2984 3896 3218 3957 docuit:
3260 3899 3400 3956 Non
3433 3900 3472 3956 a

512 4039 515 4043 ,
558 3980 811 4054 Natura,
842 3995 996 4054 quae
1016 3976 1207 4037 fundit
1226 3980 1453 4054 solum,
1473 3996 1597 4038 non
1616 3975 1765 4053 regit
1786 3975 2215 4037 voluntarium:
2257 3978 2442 4055 Igitur
2460 3978 2536 4037 ab
2563 3976 2998 4039 Instrumentali
3015 3974 3306 4053 principio
3327 3976 3470 4037 eiuS.

642 4072 693 4131 7.
774 4060 997 4117 Modus
1048 4056 1375 4117 effectionis
1412 4056 1576 4117 istius
1616 4074 1689 4116 ex
1728 4056 1935 4116 ordine
1979 4056 2356 4135 cognoscitur
2370 4102 2388 4135 ,
2427 4076 2606 4133 quem
2647 4060 2846 4137 Deus,
2885 4058 3139 4134 Natura,
3177 4058 3234 4116 δι
3277 4056 3468 4135 singu-

558 4138 680 4196 lare
719 4137 1180 4227 Instrumentum
1220 4137 1418 4197 Adam
1460 4135 1819 4197 Obseruauit.
1856 4138 2011 4196 Nam
2052 4140 2246 4215 Deus,
2287 4148 2465 4215 prout
2504 4138 2711 4198 ordine
2751 4102 3065 4198 creationis
3105 4153 3246 4197 suae
3279 4146 3472 4198 totum

560 4218 884 4276 humanum
922 4236 1107 4296 genus
1146 4216 1207 4276 ιιι
1246 4216 1483 4277 Adamo
1522 4226 1803 4307 posuerat
1843 4236 1948 4293 per
1987 4218 2302 4295 Naturam,
2343 4216 2425 4276 ita
2466 4216 2676 4278 ordine
2711 4215 2961 4279 iustitiae
2981 4232 3121 4276 suae
3140 4216 3253 4277 toti
3272 4218 3473 4295 generi

560 4296 623 4368 in
661 4294 931 4375 Adamo‚
972 4297 1032 4357 ιιι
1074 4314 1195 4374 quo
1234 4298 1639 4376 peccauimuS‚
1681 4294 1935 4377 dixerat,
1990 4298 2121 4375 Quo
2161 4299 2252 4357 dic
2290 4300 2600 4359 comederis·
2638 4300 2708 4358 de
2730 4298 2952 4375 fructu
2988 4299 3143 4370 istm
3119 4298 3468 4435 ,magicus

3306 4386 3472 4436 atura
