3923 4875
614 361 731 420 320
1540 355 1873 400 ‘rutsts
1936 355 2588 402 Tntototucat.

607 537 765 580 esse:
806 519 861 578 δι
904 537 1008 580 eos
1047 517 1347 594 homines,
1388 518 1491 610 qui
1528 527 1778 597 negant,
1820 533 1945 577 esse
1989 517 2541 596 evron-raphanos,
2585 521 2723 580 cum
2753 521 2808 580 δι
2829 519 3067 594 diuinis,
3089 525 3146 583 δι
3165 525 3535 586 naturalibus

608 598 989 678 testimoniis,
1032 610 1195 659 certa
1236 598 1484 676 malitia,
1526 617 1647 660 non
1687 563 1959 659 dubitent
1997 597 2312 657 oblatrare.

646 987 779 1046 DE
838 985 1047 1046 DEO
1106 987 1235 1046 ET
1296 987 1821 1048 ESSENTIA
1882 989 2160 1068 EIUS,
2235 989 2645 1050 THESES
2705 990 3489 1053 THEOLOGICAE.

1842 1167 2174 1227 Tussis
2233 1168 2282 1227 I.

692 1341 864 1402 Dnvs
914 1353 1003 1402 est
1051 1343 1175 1402 Ens
1213 1359 1509 1402 summurn
1550 1343 1645 1402 vel
1684 1342 2622 1436 ummueooe,'s1mplicissimum,
2655 1344 3175 1423 perfectissimum,
3195 1346 3530 1424 optimum,

606 1421 931 1500 infinitum,
973 1421 1339 1514 immutabile
1352 1467 1391 1514 ².
1410 1434 1743 1500 aeternum,
1784 1425 2036 1485 essentia
2073 1425 2345 1504 vnicum,
2385 1423 2652 1502 personis
2691 1425 2942 1498 ιιιιιιιιιι,
2983 1427 3186 1506 Pater,
3225 1427 3438 1506 Filius,
3473 1393 3532 1488 δῖ

607 1501 854 1580 Spiritus
895 1514 1161 1578 sanctus,
1202 1501 1559 1582 principium
1602 1501 1797 1564 omnis
1810 1495 2004 1565 boni.

691 1601 747 1642 2.
826 1583 999 1642 Haec
1058 1601 1181 1643 non
1234 1583 1499 1644 definitio
1553 1581 1669 1642 Dei
1721 1593 1809 1643 est
1854 1587 2018 1659 (nam
2059 1583 2350 1645 infinitum
2390 1586 2446 1644 δι
2487 1585 2893 1659 ἀκατάληπτον
2933 1583 3182 1645 definire
3219 1597 3320 1646 aut
3359 1605 3524 1646 com·

608 1662 973 1740 prehendere
1013 1680 1193 1723 nemo
1232 1667 1449 1740 potest)
1492 1663 1599 1724 sed
1638 1661 2068 1742 qualiscunque
2107 1684 2217 1742 pro
2261 1665 2442 1725 modo
2479 1664 2854 1725 reuelationis
2912 1666 2990 1726 ab
3038 1664 3170 1743 ipso
3208 1667 3432 1746 tactae,
3473 1669 3530 1728 δι

610 1751 819 1819 captus
860 1741 1074 1820 nostri,
1112 1742 1449 1820 descriptio,

688 1839 745 1898 3.
826 1823 897 1882 In
938 1823 1054 1882 hac
1094 1821 1491 1900 descriptione
1533 1823 1656 1882 duo
1700 1823 2078 1884 obseruanda
2119 1836 2290 1894 sunt
2331 1824 2548 1884 modus
2587 1823 2644 1882 δι
2683 1833 2880 1900 partes
2920 1842 3027 1885 seu
3065 1823 3184 1885 loci
3219 1823 3394 1886 illius.

684 1921 742 1974 4.
824 1901 1047 1962 Modus
1088 1901 1151 1961 in
1188 1903 1303 1962 hac
1344 1901 1743 1980 descriptione
1784 1913 1875 1965 est
1914 1903 2166 1981 duplex:
2211 1923 2349 1964 nam
2390 1903 2717 1964 secundum
2757 1903 3070 1964 essentiam
3111 1903 3299 1983 magis
3338 1904 3530 1966 consi·

605 1981 883 2042 deramus
923 1981 1231 2058 quomodo
1270 2002 1395 2042 non
1444 1982 1551 2061 sit,
1592 1985 1772 2060 quam
1813 1983 2124 2060 quomodo
2165 1982 2270 2061 sit,
2312 1983 2452 2061 quia
2489 2002 2612 2044 non
2645 1981 2811 2042 aliter
2835 2001 3180 2062 possumus.
3201 1987 3530 2046 secundum

607 2061 952 2121 affectiones
990 2065 1133 2123 vero
1175 2063 1616 2124 consideramus
1656 2064 1966 2137 quomodo
2007 2062 2113 2141 sit,
2153 2066 2207 2124 δι
2248 2081 2312 2124 se
2351 2063 2627 2123 ostendat
2665 2081 2793 2122 esse
2831 2065 2900 2140 (f.
2947 2067 3136 2141 1778).

687 2157 741 2218 5.
824 2140 990 2201 Prior
1030 2142 1271 2218 modus,
1318 2145 1542 2231 ἄρηος
1584 2143 1679 2202 vel
1718 2143 2098 2234 ἀναιρὲσσοςε
2141 2142 2436 2220 posterior
2475 2145 2694 2209 &em
2733 2145 3080 2234 appellatur.

686 2223 744 2281 6.
827 2223 977 2281 Tres
1016 2221 1158 2314 itaq.
1200 2232 1336 2283 sunt
1374 2227 1435 2282 in
1476 2225 1590 2282 hac
1628 2221 2027 2313 descriptione
2067 2223 2212 2283 loci:
2254 2221 2512 2302 primus,
2551 2222 2862 2283 essentiae:
2885 2225 3212 2303 secundus,
3233 2223 3528 2285 relationis

606 2301 869 2361 internae
930 2303 1026 2362 vel
1074 2301 1466 2363 distinctionis
1512 2319 1900 2394 personarum
1950 2301 2012 2362 in
2066 2303 2286 2362 vnitate
2326 2301 2639 2364 essentiae:
2683 2303 2885 2363 tertius
2924 2267 3212 2382 denique
3220 2303 3520 2365 relationis

605 2391 907 2460 externae,
947 2381 1043 2443 vel
1082 2381 1493 2475 operationum
1533 2381 1594 2444 in
1637 2383 1814 2443 rebus
1855 2381 2067 2443 creatis
2109 2383 2406 2445 omnibuS.

687 2480 741 2539 7.
824 2462 1161 2523 Secundum
1216 2462 1529 2524 essentiam
1573 2462 2043 2554 praedicationes
2103 2464 2180 2524 de
2220 2464 2354 2525 Deo
2394 2465 2543 2523 fiunt
2581 2462 2872 2523 eiusmodi
2887 2508 2904 2539 ,
2947 2480 3100 2556 quae
3141 2468 3176 2525 ὲ
3215 2464 3528 2556 categoriis

602 2544 697 2603 vel
753 2541 1243 2619 praedicamentis
1296 2544 1635 2604 absolutum
1674 2542 1819 2619 quid
1860 2541 2323 2621 significantibus
2363 2542 2556 2621 ipsum
2595 2542 2882 2605 eximant:
2923 2542 3063 2622 quia
3101 2546 3265 2605 nulla
3301 2542 3532 2605 ratione

600 2632 702 2683 aut
744 2623 927 2683 modo
970 2622 1029 2683 in
1072 2623 1272 2700 aliquo
1313 2622 1930 2700 praedicamentorum
1971 2642 2188 2701 genere
2226 2625 2390 2685 Deus
2430 2624 2710 2684 concludi
2747 2633 2963 2701 potest.

688 2706 745 2762 8.
829 2704 884 2761 A
926 2702 1408 2780 praedicamento
1452 2702 1821 2764 Substantiae
1858 2702 2090 2795 Logico
2133 2703 2432 2795 eximitur
2473 2719 2654 2780 quum
2698 2704 2820 2764 Ens
2861 2720 3158 2764 summum
3199 2706 3256 2764 δι
3297 2704 3532 2794 ὖπερού·

607 2805 741 2841 σιω
788 2782 1134 2859 appellatur.
1200 2783 1367 2843 Entis
1421 2782 1577 2843 enim
1634 2781 1951 2861 appellatio
1994 2783 2228 2844 excedit
2269 2801 2534 2845 ommum
2574 2782 3185 2860 praedicamentorum
3223 2782 3496 2844 ordinem
3511 2828 3530 2863 ,

602 2873 667 2921 vt
708 2872 917 2923 natura
957 2862 1071 2923 Dei
1112 2873 1349 2923 naturas
1390 2862 1619 2923 omneis
1660 2863 1927 2923 omnium
1971 2881 2165 2923 rerum
2209 2863 2456 2924 omnino
2498 2872 2750 2955 superat:

687 2961 745 3018 9.
828 2944 949 3001 Ens
988 2953 1186 3003 autem
1228 2942 1427 3021 potius
1465 2947 1647 3022 quam
1686 2942 2002 3003 essentiam
2043 2946 2436 3023 appellamus,
2477 2944 2590 3004 etsi
2629 2962 2692 3003 re
2733 2942 2796 3003 in
2834 2946 2968 3005 Deo
3007 2954 3325 3020 vti-umque
3367 2942 3528 3003 idem

602 3030 691 3081 est
732 3024 789 3082 δι
829 3020 953 3099 ipse
997 3024 1188 3101 DeuS,
1227 3022 1367 3099 quia
1408 3023 1635 3083 ratione
1677 3024 1936 3101 quadam
1977 3025 2224 3085 alterum
2266 3020 2345 3084 ab
2376 3024 2564 3085 altero
2587 3022 2998 3097 discernimus,
3022 3026 3078 3085 δι
3097 3027 3239 3085 vero
3261 3023 3342 3083 ad
3365 3040 3526 3083 com·

604 3100 951 3161 moditatem
993 3102 1251 3163 docendi
1288 3102 1567 3179 mysterio
1608 3114 1849 3163 sanctae
1888 3102 2192 3164 Trinitatis
2232 3102 2486 3165 discerni
2527 3120 2768 3163 necesse
2809 3114 2917 3165 est.

694 3200 785 3242 ιο.
866 3182 1021 3241 Nam
1077 3183 1226 3244 entis
1277 3182 1675 3273 appellatione
1723 3183 1921 3243 Deum
1960 3184 2284 3245 secundum
2327 3182 2638 3244 essentiam
2678 3186 2733 3245 81
2771 3184 3099 3245 seeundum
3141 3190 3425 3273 personas
3467 3180 3530 3242 in

602 3259 855 3321 essentia
894 3271 1231 3324 constantes
1270 3261 1679 3341 designamus.
1722 3261 2008 3323 essentiae
2046 3269 2188 3325 vero
2225 3265 2292 3323 τό
2326 3260 2482 3323 εἶναι
2511 3262 2625 3321 ἀπὸ
2648 3268 2753 3325 τοῦ
2778 3264 3064 3336 &oscarus
3085 3260 3530 3341 distinguimus,

604 3360 733 3401 esse
746 3386 763 3418 ,
805 3343 861 3401 δι
900 3341 1239 3404 subsistere.
1283 3352 1347 3402 vt
1386 3360 1496 3403 suo
1537 3346 1675 3403 loco
1717 3342 1934 3403 dicturi
1973 3360 2198 3404 sumuS.

693 3440 716 3479 1
734 3441 785 3481 1.
866 3423 1011 3482 Hoc
1052 3434 1249 3483 autem
1290 3422 1413 3483 Ens
1457 3442 1561 3500 per
1600 3422 1914 3483 essentiam
1954 3440 2120 3484 suam
2163 3434 2280 3495 est,
2323 3376 2520 3483 cetera
2551 3442 2660 3500 per
2694 3422 3296 3484 communicationem
3315 3424 3354 3480 a
3374 3420 3529 3499 prin-

606 3498 765 3578 cipio
825 3518 966 3561 suo:
1017 3512 1380 3593 quapropter
1428 3508 1589 3564 recte
1637 3505 1761 3564 Ens
1810 3523 1918 3581 per
1966 3523 2060 3581 se,
2111 3502 2383 3582 proprie,
2434 3504 2490 3563 &
2531 3503 2724 3563 solum
2768 3501 3009 3563 dicitur.
3054 3506 3111 3564 δι
3151 3506 3277 3561 κατ’
3319 3500 3530 3574 &Rapit

610 3580 735 3639 Ens
775 3600 919 3658 prae
959 3580 1087 3641 aliis
1126 3582 1405 3643 omnibus
1446 3602 1599 3661 quae
1639 3592 1777 3643 sunt
1812 3585 2161 3660 appellatur.

697 3680 787 3721 12.
870 3663 1077 3739 Itaque
1120 3681 1223 3723 ens
1263 3678 1558 3724 summum
1601 3665 1695 3723 vel
1737 3662 2090 3753 ὕπερούσιρν
2128 3660 2498 3723 discretionis
2539 3661 2682 3752 ergo
2725 3664 3054 3722 secundum
3093 3664 3292 3721 Patres
3331 3658 3532 3721 ortho-

609 3740 801 3801 doxos
842 3759 970 3801 esse
1012 3742 1349 3821 statuimuS,
1392 3754 1453 3803 vt
1494 3742 1659 3820 quod
1698 3742 1856 3802 entia
1894 3742 2097 3802 omnia
2135 3753 2401 3821 superet,
2437 3760 2564 3801 non
2605 3739 2744 3803 dico
2783 3740 3114 3803 accidentia
3145 3758 3299 3819 quae
3330 3740 3532 3801 insunt

610 3820 982 3901 substantiis,
1024 3822 1131 3882 sed
1176 3826 1232 3883 δι
1271 3822 1623 3883 substantias
1662 3836 2056 3898 quaecunque
2095 3833 2231 3883 sunt
2273 3788 2553 3899 Phsssicas
2595 3824 2651 3881 δι
2689 3822 3157 3900 Metaphysioes,
3198 3821 3255 3880 δι
3295 3819 3344 3880 si
3385 3817 3533 3897 quid

610 3898 773 3960 aliud
812 3911 903 3961 est
940 3902 1109 3979 quod
1149 3900 1209 3961 in
1250 3904 1369 3963 hoc
1408 3912 1771 3993 argumento
1796 3900 2014 3961 adduci
2053 3900 2257 3980 possit.

698 3999 787 4056 13.
866 3982 1249 4061 Quapropter
1310 3982 1487 4042 etiam
1545 3980 1957 4071 augustissimo
2017 3982 2261 4042 nomine
2309 3980 2532 4041 Iehoua
2579 3981 2739 4057 apud
2783 3982 3096 4043 Hebraeos
3135 3980 3361 4041 dictum
3401 3987 3524 4038 est·

609 4061 777 4136 quod
836 4080 1054 4123 nomen
1106 4072 1350 4141 propter
1400 4060 1695 4123 rationem
1745 4060 1929 4137 etymi
1969 4072 2198 4122 veteres
2237 4060 2520 4121 essentiae
2559 4079 2782 4120 nomen
2818 4080 2946 4122 esse
2986 4062 3349 4136 docuerunt,
3393 4076 3530 4135 pro-

612 4138 811 4217 prium
854 4142 1102 4203 Deitatis
1116 4186 1134 4219 ,
1177 4143 1231 4201 δι
1274 4158 1410 4202 cum
1449 4144 1636 4203 altero
1677 4151 1813 4201 ente
1854 4142 1978 4199 vllo
2015 4138 2592 4201 incommunicabile.

705 4238 793 4293 14.
874 4224 973 4282 Ad
1032 4240 1323 4281 summam
1374 4222 1535 4282 illam
1587 4224 1643 4283 &
1683 4220 2048 4281 adorandam
2092 4219 2415 4298 Deitatem,
2461 4218 3032 4312 praedicamentum,
3073 4220 3239 4298 quod
3279 4225 3531 4292 vocant,

614 4299 917 4390 qualitatis
958 4301 1104 4361 nihil
1142 4301 1387 4362 attinere
1430 4301 1679 4362 dicimus
1694 4347 1711 4379 ,
1753 4318 1937 4378 quum
1979 4302 2174 4361 Deum
2215 4318 2344 4361 esse
2383 4300 2744 4360 affirmamus
2763 4298 3286 4379 simplicissimum,
3311 4298 3532 4375 perfec-

616 4390 951 4461 tissimum,
990 4384 1045 4443 &
1086 4380 1372 4459 optimum
1412 4400 1518 4460 per
1558 4400 1723 4442 suam
1764 4378 2109 4459 essentiam,
2149 4380 2419 4458 adeoque
2455 4396 2752 4441 summum
2793 4382 3037 4442 bonum.
3377 4456 3437 4519 S

1340 4494 1349 4503 ·
3205 4476 3295 4537 15.
3419 4476 3526 4516 im·
