<?xml version="1.0" encoding="UTF-8"?>
<!DOCTYPE html PUBLIC "-//W3C//DTD XHTML 1.0 Transitional//EN"
    "http://www.w3.org/TR/xhtml1/DTD/xhtml1-transitional.dtd">
<html xmlns="http://www.w3.org/1999/xhtml" xml:lang="en" lang="en">
 <head>
  <title>
</title>
<meta http-equiv="Content-Type" content="text/html;charset=utf-8" />
  <meta name='ocr-system' content='tesseract 3.04.00' />
  <meta name='ocr-capabilities' content='ocr_page ocr_carea ocr_par ocr_line ocrx_word'/>
</head>
<body>
  <div class='ocr_page' id='page_1' title='image "./dfranciscijunii00junigoog_0465.png"; bbox 0 0 3923 4875; ppageno 0'>
   <div class='ocr_carea' id='block_1_1' title="bbox 1406 372 3242 439">
    <p class='ocr_par' dir='ltr' id='par_1_1' title="bbox 1406 372 3242 439">
     <span class='ocr_line' id='line_1_1' title="bbox 1406 372 3242 439; baseline 0.003 -24"><span class='ocrx_word' id='word_1_1' title='bbox 1406 372 1811 417; x_wconf 63' lang='lat' dir='ltr'>matulo}</span> <span class='ocrx_word' id='word_1_2' title='bbox 1874 372 2088 416; x_wconf 71' lang='lat' dir='ltr'>PARS</span> <span class='ocrx_word' id='word_1_3' title='bbox 2151 372 2193 417; x_wconf 90' lang='lat'>1.</span> <span class='ocrx_word' id='word_1_4' title='bbox 3131 376 3242 439; x_wconf 57' lang='lat'>437</span> 
     </span>
    </p>
   </div>
   <div class='ocr_carea' id='block_1_2' title="bbox 311 530 3246 4366">
    <p class='ocr_par' dir='ltr' id='par_1_2' title="bbox 312 530 3245 1811">
     <span class='ocr_line' id='line_1_2' title="bbox 323 530 3234 613; baseline 0.001 -20"><span class='ocrx_word' id='word_1_5' title='bbox 323 530 690 595; x_wconf 79' lang='lat' dir='ltr'>ceremonias</span> <span class='ocrx_word' id='word_1_6' title='bbox 732 533 1092 595; x_wconf 88' lang='lat' dir='ltr'>habuerunt:</span> <span class='ocrx_word' id='word_1_7' title='bbox 1135 550 1387 612; x_wconf 81' lang='lat' dir='ltr'>quarum</span> <span class='ocrx_word' id='word_1_8' title='bbox 1426 533 1576 595; x_wconf 85' lang='lat' dir='ltr'>aliae</span> <span class='ocrx_word' id='word_1_9' title='bbox 1613 550 1964 599; x_wconf 87' lang='lat' dir='ltr'>communes</span> <span class='ocrx_word' id='word_1_10' title='bbox 2001 544 2137 595; x_wconf 89' lang='lat' dir='ltr'>sunt</span> <span class='ocrx_word' id='word_1_11' title='bbox 2176 532 2444 595; x_wconf 86' lang='lat' dir='ltr'>omnium</span> <span class='ocrx_word' id='word_1_12' title='bbox 2481 544 2740 595; x_wconf 88' lang='lat' dir='ltr'>aetatum</span> <span class='ocrx_word' id='word_1_13' title='bbox 2757 580 2772 607; x_wconf 82' lang='grc'>.,</span> <span class='ocrx_word' id='word_1_14' title='bbox 2817 544 2957 612; x_wconf 81' lang='lat' dir='ltr'>puta</span> <span class='ocrx_word' id='word_1_15' title='bbox 2977 551 3128 613; x_wconf 90' lang='lat' dir='ltr'>quae</span> <span class='ocrx_word' id='word_1_16' title='bbox 3154 534 3234 607; x_wconf 80' lang='lat' dir='ltr'>ad</span> 
     </span>
     <span class='ocr_line' id='line_1_3' title="bbox 326 610 3238 693; baseline 0.001 -20"><span class='ocrx_word' id='word_1_17' title='bbox 326 612 693 675; x_wconf 81' lang='lat' dir='ltr'><strong>honestatem</strong></span> <span class='ocrx_word' id='word_1_18' title='bbox 754 614 810 675; x_wconf 68' lang='lat' dir='ltr'>a:</span> <span class='ocrx_word' id='word_1_19' title='bbox 871 610 1087 678; x_wconf 88' lang='lat' dir='ltr'>iustum</span> <span class='ocrx_word' id='word_1_20' title='bbox 1148 614 1421 678; x_wconf 84' lang='lat' dir='ltr'>ordinem</span> <span class='ocrx_word' id='word_1_21' title='bbox 1480 610 1538 675; x_wconf 90' lang='lat' dir='ltr'>in</span> <span class='ocrx_word' id='word_1_22' title='bbox 1598 611 1779 677; x_wconf 89' lang='lat' dir='ltr'>sacris</span> <span class='ocrx_word' id='word_1_23' title='bbox 1824 616 2002 675; x_wconf 90' lang='lat' dir='ltr'>rebus</span> <span class='ocrx_word' id='word_1_24' title='bbox 2041 615 2285 693; x_wconf 84' lang='lat' dir='ltr'>agendis</span> <span class='ocrx_word' id='word_1_25' title='bbox 2328 616 2658 693; x_wconf 69' lang='lat' dir='ltr'>pertinent:</span> <span class='ocrx_word' id='word_1_26' title='bbox 2703 614 2872 675; x_wconf 84' lang='lat' dir='ltr'>Aliae</span> <span class='ocrx_word' id='word_1_27' title='bbox 2911 612 3238 693; x_wconf 74' lang='lat' dir='ltr'><strong>singulares</strong></span> 
     </span>
     <span class='ocr_line' id='line_1_4' title="bbox 322 691 3244 772; baseline 0.001 -19"><span class='ocrx_word' id='word_1_28' title='bbox 322 691 477 753; x_wconf 88' lang='lat' dir='ltr'>illius</span> <span class='ocrx_word' id='word_1_29' title='bbox 517 692 801 771; x_wconf 89' lang='lat' dir='ltr'>temporis</span> <span class='ocrx_word' id='word_1_30' title='bbox 840 694 919 755; x_wconf 90' lang='lat' dir='ltr'>ad</span> <span class='ocrx_word' id='word_1_31' title='bbox 961 694 1231 755; x_wconf 83' lang='lat' dir='ltr'>vmbram</span> <span class='ocrx_word' id='word_1_32' title='bbox 1274 696 1598 755; x_wconf 74' lang='lat' dir='ltr'>futurarum</span> <span class='ocrx_word' id='word_1_33' title='bbox 1639 712 1835 755; x_wconf 90' lang='lat' dir='ltr'>rerum</span> <span class='ocrx_word' id='word_1_34' title='bbox 1874 693 2265 772; x_wconf 87' lang='lat' dir='ltr'>pertinentes,</span> <span class='ocrx_word' id='word_1_35' title='bbox 2306 694 2816 771; x_wconf 87' lang='lat' dir='ltr'><strong>quemadmodum</strong></span> <span class='ocrx_word' id='word_1_36' title='bbox 2855 691 3002 757; x_wconf 89' lang='lat' dir='ltr'>scite</span> <span class='ocrx_word' id='word_1_37' title='bbox 3042 692 3244 755; x_wconf 91' lang='lat' dir='ltr'>distin-</span> 
     </span>
     <span class='ocr_line' id='line_1_5' title="bbox 322 772 3244 852; baseline 0.001 -21"><span class='ocrx_word' id='word_1_38' title='bbox 322 785 534 833; x_wconf 85' lang='lat' dir='ltr'>xerunt</span> <span class='ocrx_word' id='word_1_39' title='bbox 574 774 849 851; x_wconf 82' lang='lat' dir='ltr'>Apostoli</span> <span class='ocrx_word' id='word_1_40' title='bbox 890 772 949 834; x_wconf 89' lang='lat' dir='ltr'>in</span> <span class='ocrx_word' id='word_1_41' title='bbox 990 772 1211 835; x_wconf 86' lang='lat' dir='ltr'><strong>celebri</strong></span> <span class='ocrx_word' id='word_1_42' title='bbox 1252 773 1357 833; x_wconf 86' lang='lat' dir='ltr'>illo</span> <span class='ocrx_word' id='word_1_43' title='bbox 1397 785 1697 834; x_wconf 91' lang='lat' dir='ltr'>conuentu</span> <span class='ocrx_word' id='word_1_44' title='bbox 1737 773 2178 850; x_wconf 86' lang='lat' dir='ltr'>Hierosolymis</span> <span class='ocrx_word' id='word_1_45' title='bbox 2219 774 2423 837; x_wconf 88' lang='lat' dir='ltr'>habito</span> <span class='ocrx_word' id='word_1_46' title='bbox 2444 818 2462 849; x_wconf 85' lang='lat'>,</span> <span class='ocrx_word' id='word_1_47' title='bbox 2501 776 2662 852; x_wconf 89' lang='lat' dir='ltr'>(Act.</span> <span class='ocrx_word' id='word_1_48' title='bbox 2693 791 2784 852; x_wconf 74' lang='grc' dir='ltr'>ις,</span> <span class='ocrx_word' id='word_1_49' title='bbox 2809 774 2928 851; x_wconf 88' lang='lat'><strong>29.)</strong></span> <span class='ocrx_word' id='word_1_50' title='bbox 2951 776 3006 835; x_wconf 76' lang='grc' dir='ltr'>δι</span> <span class='ocrx_word' id='word_1_51' title='bbox 3029 776 3244 835; x_wconf 89' lang='lat' dir='ltr'>Paulus</span> 
     </span>
     <span class='ocr_line' id='line_1_6' title="bbox 320 852 3242 932; baseline 0.001 -20"><span class='ocrx_word' id='word_1_52' title='bbox 320 852 397 912; x_wconf 90' lang='lat' dir='ltr'>ad</span> <span class='ocrx_word' id='word_1_53' title='bbox 460 852 701 913; x_wconf 78' lang='lat' dir='ltr'>Galatas</span> <span class='ocrx_word' id='word_1_54' title='bbox 760 854 816 918; x_wconf 70' lang='grc' dir='ltr'>δι</span> <span class='ocrx_word' id='word_1_55' title='bbox 856 854 1241 915; x_wconf 68' lang='lat' dir='ltr'>Colossenses</span> <span class='ocrx_word' id='word_1_56' title='bbox 1288 855 1661 918; x_wconf 85' lang='lat' dir='ltr'>demonstrat</span> <span class='ocrx_word' id='word_1_57' title='bbox 1698 852 2151 915; x_wconf 88' lang='lat' dir='ltr'>euidentissime.</span> <span class='ocrx_word' id='word_1_58' title='bbox 2191 852 2454 916; x_wconf 83' lang='lat' dir='ltr'>Omnino</span> <span class='ocrx_word' id='word_1_59' title='bbox 2493 866 2694 915; x_wconf 86' lang='lat' dir='ltr'>tamen</span> <span class='ocrx_word' id='word_1_60' title='bbox 2724 866 3070 932; x_wconf 88' lang='lat' dir='ltr'>perpetuum</span> <span class='ocrx_word' id='word_1_61' title='bbox 3095 854 3242 915; x_wconf 89' lang='lat' dir='ltr'>illud</span> 
     </span>
     <span class='ocr_line' id='line_1_7' title="bbox 320 932 3243 1013; baseline 0 -20"><span class='ocrx_word' id='word_1_62' title='bbox 320 942 438 1009; x_wconf 83' lang='lat' dir='ltr'>est,</span> <span class='ocrx_word' id='word_1_63' title='bbox 492 932 659 1011; x_wconf 74' lang='lat' dir='ltr'>qued</span> <span class='ocrx_word' id='word_1_64' title='bbox 710 952 917 995; x_wconf 87' lang='lat' dir='ltr'>omnes</span> <span class='ocrx_word' id='word_1_65' title='bbox 960 933 1038 1013; x_wconf 87' lang='lat' dir='ltr'>pij</span> <span class='ocrx_word' id='word_1_66' title='bbox 1081 932 1141 995; x_wconf 91' lang='lat' dir='ltr'>in</span> <span class='ocrx_word' id='word_1_67' title='bbox 1184 933 1609 995; x_wconf 85' lang='lat' dir='ltr'>communione</span> <span class='ocrx_word' id='word_1_68' title='bbox 1650 946 1992 995; x_wconf 91' lang='lat' dir='ltr'>sanctorum</span> <span class='ocrx_word' id='word_1_69' title='bbox 2033 944 2386 1012; x_wconf 77' lang='lat' dir='ltr'>comparent</span> <span class='ocrx_word' id='word_1_70' title='bbox 2425 954 2630 995; x_wconf 84' lang='lat' dir='ltr'>coram</span> <span class='ocrx_word' id='word_1_71' title='bbox 2675 932 2822 995; x_wconf 84' lang='lat' dir='ltr'>facie</span> <span class='ocrx_word' id='word_1_72' title='bbox 2879 932 3123 995; x_wconf 81' lang='lat' dir='ltr'>Domini</span> <span class='ocrx_word' id='word_1_73' title='bbox 3165 934 3243 999; x_wconf 80' lang='lat' dir='ltr'>ad</span> 
     </span>
     <span class='ocr_line' id='line_1_8' title="bbox 322 1011 3245 1092; baseline 0.001 -21"><span class='ocrx_word' id='word_1_74' title='bbox 322 1011 725 1073; x_wconf 87' lang='lat' dir='ltr'>testimonium</span> <span class='ocrx_word' id='word_1_75' title='bbox 778 1012 991 1092; x_wconf 83' lang='lat' dir='ltr'>ipsius,</span> <span class='ocrx_word' id='word_1_76' title='bbox 1044 1014 1099 1073; x_wconf 85' lang='lat'><strong>&amp;</strong></span> <span class='ocrx_word' id='word_1_77' title='bbox 1140 1014 1443 1075; x_wconf 88' lang='lat' dir='ltr'>celebrant</span> <span class='ocrx_word' id='word_1_78' title='bbox 1486 1032 1707 1073; x_wconf 90' lang='lat' dir='ltr'>nomen</span> <span class='ocrx_word' id='word_1_79' title='bbox 1748 1011 1948 1091; x_wconf 65' lang='lat' dir='ltr'>ipsius</span> <span class='ocrx_word' id='word_1_80' title='bbox 1991 1014 2096 1075; x_wconf 84' lang='lat' dir='ltr'>Est</span> <span class='ocrx_word' id='word_1_81' title='bbox 2137 1013 2312 1092; x_wconf 89' lang='lat' dir='ltr'>igitur</span> <span class='ocrx_word' id='word_1_82' title='bbox 2353 1012 2472 1075; x_wconf 89' lang='lat' dir='ltr'>iam</span> <span class='ocrx_word' id='word_1_83' title='bbox 2513 1012 2658 1074; x_wconf 91' lang='lat' dir='ltr'>olim</span> <span class='ocrx_word' id='word_1_84' title='bbox 2699 1012 2934 1091; x_wconf 89' lang='lat' dir='ltr'>piorum</span> <span class='ocrx_word' id='word_1_85' title='bbox 2974 1012 3034 1073; x_wconf 91' lang='lat' dir='ltr'>in</span> <span class='ocrx_word' id='word_1_86' title='bbox 3076 1033 3245 1075; x_wconf 88' lang='lat' dir='ltr'>com·</span> 
     </span>
     <span class='ocr_line' id='line_1_9' title="bbox 324 1091 3231 1172; baseline 0.001 -21"><span class='ocrx_word' id='word_1_87' title='bbox 324 1091 607 1153; x_wconf 92' lang='lat' dir='ltr'>munione</span> <span class='ocrx_word' id='word_1_88' title='bbox 654 1104 997 1153; x_wconf 88' lang='lat' dir='ltr'>sanctorum</span> <span class='ocrx_word' id='word_1_89' title='bbox 1047 1093 1314 1154; x_wconf 85' lang='lat' dir='ltr'>officium</span> <span class='ocrx_word' id='word_1_90' title='bbox 1370 1094 1618 1171; x_wconf 79' lang='lat' dir='ltr'><strong>duplex:</strong></span> <span class='ocrx_word' id='word_1_91' title='bbox 1664 1112 1875 1171; x_wconf 86' lang='lat' dir='ltr'>vnum,</span> <span class='ocrx_word' id='word_1_92' title='bbox 1932 1104 1995 1153; x_wconf 84' lang='lat' dir='ltr'>vt</span> <span class='ocrx_word' id='word_1_93' title='bbox 2043 1092 2374 1172; x_wconf 85' lang='lat' dir='ltr'>percipiant</span> <span class='ocrx_word' id='word_1_94' title='bbox 2421 1096 2460 1153; x_wconf 75' lang='lat' dir='ltr'>a</span> <span class='ocrx_word' id='word_1_95' title='bbox 2517 1096 2647 1154; x_wconf 93' lang='lat' dir='ltr'>Deo</span> <span class='ocrx_word' id='word_1_96' title='bbox 2693 1094 2940 1155; x_wconf 89' lang='lat' dir='ltr'>verbum</span> <span class='ocrx_word' id='word_1_97' title='bbox 2981 1096 3231 1155; x_wconf 86' lang='lat' dir='ltr'>salutare</span> 
     </span>
     <span class='ocr_line' id='line_1_10' title="bbox 318 1170 3244 1253; baseline 0.001 -22"><span class='ocrx_word' id='word_1_98' title='bbox 318 1170 487 1249; x_wconf 80' lang='lat' dir='ltr'>eiuS,·</span> <span class='ocrx_word' id='word_1_99' title='bbox 513 1174 568 1233; x_wconf 76' lang='grc' dir='ltr'>δι</span> <span class='ocrx_word' id='word_1_100' title='bbox 608 1174 953 1251; x_wconf 90' lang='lat' dir='ltr'>loquentem</span> <span class='ocrx_word' id='word_1_101' title='bbox 971 1172 1249 1235; x_wconf 88' lang='lat' dir='ltr'>audiant:</span> <span class='ocrx_word' id='word_1_102' title='bbox 1291 1174 1593 1251; x_wconf 89' lang='lat' dir='ltr'>Alterum,</span> <span class='ocrx_word' id='word_1_103' title='bbox 1634 1185 1700 1235; x_wconf 74' lang='lat' dir='ltr'>vt·</span> <span class='ocrx_word' id='word_1_104' title='bbox 1718 1172 1837 1235; x_wconf 87' lang='lat' dir='ltr'>suis</span> <span class='ocrx_word' id='word_1_105' title='bbox 1859 1173 2228 1236; x_wconf 88' lang='lat' dir='ltr'>orationibus</span> <span class='ocrx_word' id='word_1_106' title='bbox 2249 1175 2548 1253; x_wconf 80' lang='lat' dir='ltr'>appellent</span> <span class='ocrx_word' id='word_1_107' title='bbox 2569 1172 2794 1251; x_wconf 82' lang='lat' dir='ltr'>ipsum,</span> <span class='ocrx_word' id='word_1_108' title='bbox 2836 1176 2892 1234; x_wconf 79' lang='grc' dir='ltr'>δι</span> <span class='ocrx_word' id='word_1_109' title='bbox 2922 1174 3244 1251; x_wconf 86' lang='lat' dir='ltr'>gratiarum</span> 
     </span>
     <span class='ocr_line' id='line_1_11' title="bbox 314 1251 3240 1333; baseline 0 -20"><span class='ocrx_word' id='word_1_110' title='bbox 314 1252 554 1313; x_wconf 89' lang='lat' dir='ltr'>actione</span> <span class='ocrx_word' id='word_1_111' title='bbox 616 1260 898 1331; x_wconf 70' lang='lat' dir='ltr'>omnique</span> <span class='ocrx_word' id='word_1_112' title='bbox 948 1252 1294 1333; x_wconf 85' lang='lat' dir='ltr'>posessione</span> <span class='ocrx_word' id='word_1_113' title='bbox 1348 1264 1555 1314; x_wconf 87' lang='lat' dir='ltr'>sancta</span> <span class='ocrx_word' id='word_1_114' title='bbox 1603 1267 1930 1332; x_wconf 83' lang='lat' dir='ltr'>agnoscant</span> <span class='ocrx_word' id='word_1_115' title='bbox 1973 1251 2328 1315; x_wconf 88' lang='lat' dir='ltr'>beneficium</span> <span class='ocrx_word' id='word_1_116' title='bbox 2367 1252 2509 1315; x_wconf 67' lang='grc' dir='ltr'><strong>εἰπε.</strong></span> <span class='ocrx_word' id='word_1_117' title='bbox 2570 1254 2768 1331; x_wconf 89' lang='lat' dir='ltr'>Atque</span> <span class='ocrx_word' id='word_1_118' title='bbox 2809 1256 2958 1313; x_wconf 88' lang='lat' dir='ltr'>haec</span> <span class='ocrx_word' id='word_1_119' title='bbox 2999 1253 3240 1331; x_wconf 89' lang='lat' dir='ltr'>quidem</span> 
     </span>
     <span class='ocr_line' id='line_1_12' title="bbox 312 1330 3238 1424; baseline 0.001 -33"><span class='ocrx_word' id='word_1_120' title='bbox 312 1330 437 1391; x_wconf 92' lang='lat' dir='ltr'>duo</span> <span class='ocrx_word' id='word_1_121' title='bbox 477 1330 676 1391; x_wconf 84' lang='lat' dir='ltr'>officia</span> <span class='ocrx_word' id='word_1_122' title='bbox 714 1332 929 1411; x_wconf 82' lang='lat' dir='ltr'>singuli</span> <span class='ocrx_word' id='word_1_123' title='bbox 968 1333 1129 1411; x_wconf 87' lang='lat' dir='ltr'>apud</span> <span class='ocrx_word' id='word_1_124' title='bbox 1166 1353 1230 1394; x_wconf 90' lang='lat' dir='ltr'>se</span> <span class='ocrx_word' id='word_1_125' title='bbox 1272 1336 1327 1395; x_wconf 75' lang='grc' dir='ltr'>δι</span> <span class='ocrx_word' id='word_1_126' title='bbox 1368 1334 1521 1396; x_wconf 90' lang='lat' dir='ltr'>intra</span> <span class='ocrx_word' id='word_1_127' title='bbox 1560 1332 1823 1424; x_wconf 87' lang='lat' dir='ltr'>priuatos</span> <span class='ocrx_word' id='word_1_128' title='bbox 1864 1333 2118 1411; x_wconf 88' lang='lat' dir='ltr'>parietes</span> <span class='ocrx_word' id='word_1_129' title='bbox 2161 1344 2431 1395; x_wconf 88' lang='lat' dir='ltr'>tenentur</span> <span class='ocrx_word' id='word_1_130' title='bbox 2471 1345 2768 1411; x_wconf 75' lang='lat' dir='ltr'>praestare</span> <span class='ocrx_word' id='word_1_131' title='bbox 2805 1332 3098 1413; x_wconf 79' lang='lat' dir='ltr'>Domin03</span> <span class='ocrx_word' id='word_1_132' title='bbox 3129 1333 3238 1393; x_wconf 90' lang='lat' dir='ltr'>sed</span> 
     </span>
     <span class='ocr_line' id='line_1_13' title="bbox 317 1412 3234 1504; baseline 0.001 -34"><span class='ocrx_word' id='word_1_133' title='bbox 317 1413 457 1471; x_wconf 76' lang='lat' dir='ltr'>citm</span> <span class='ocrx_word' id='word_1_134' title='bbox 518 1412 615 1474; x_wconf 89' lang='lat' dir='ltr'>hic</span> <span class='ocrx_word' id='word_1_135' title='bbox 666 1424 873 1504; x_wconf 84' lang='lat' dir='ltr'>agatur</span> <span class='ocrx_word' id='word_1_136' title='bbox 912 1431 987 1473; x_wconf 85' lang='lat' dir='ltr'>ex</span> <span class='ocrx_word' id='word_1_137' title='bbox 1024 1414 1292 1492; x_wconf 84' lang='lat' dir='ltr'>professo</span> <span class='ocrx_word' id='word_1_138' title='bbox 1337 1414 1411 1473; x_wconf 94' lang='lat' dir='ltr'>de</span> <span class='ocrx_word' id='word_1_139' title='bbox 1453 1412 1661 1475; x_wconf 87' lang='lat' dir='ltr'>ordme</span> <span class='ocrx_word' id='word_1_140' title='bbox 1704 1412 1945 1491; x_wconf 90' lang='lat' dir='ltr'>publico</span> <span class='ocrx_word' id='word_1_141' title='bbox 1987 1412 2048 1473; x_wconf 91' lang='lat' dir='ltr'>in</span> <span class='ocrx_word' id='word_1_142' title='bbox 2089 1413 2282 1492; x_wconf 88' lang='lat' dir='ltr'>prisca</span> <span class='ocrx_word' id='word_1_143' title='bbox 2323 1412 2591 1475; x_wconf 86' lang='lat' dir='ltr'>Ecclesia</span> <span class='ocrx_word' id='word_1_144' title='bbox 2629 1412 2706 1473; x_wconf 88' lang='lat' dir='ltr'>ad</span> <span class='ocrx_word' id='word_1_145' title='bbox 2749 1412 3234 1474; x_wconf 87' lang='lat' dir='ltr'>communionem</span> 
     </span>
     <span class='ocr_line' id='line_1_14' title="bbox 315 1490 3231 1572; baseline 0 -21"><span class='ocrx_word' id='word_1_146' title='bbox 315 1503 660 1553; x_wconf 86' lang='lat' dir='ltr'>sanctorum</span> <span class='ocrx_word' id='word_1_147' title='bbox 700 1490 965 1555; x_wconf 76' lang='lat' dir='ltr'>instituto</span> <span class='ocrx_word' id='word_1_148' title='bbox 1006 1504 1183 1571; x_wconf 86' lang='lat' dir='ltr'>atque</span> <span class='ocrx_word' id='word_1_149' title='bbox 1220 1495 1571 1570; x_wconf 87' lang='lat' dir='ltr'>obseruat0,</span> <span class='ocrx_word' id='word_1_150' title='bbox 1609 1495 1933 1555; x_wconf 88' lang='lat' dir='ltr'>commode</span> <span class='ocrx_word' id='word_1_151' title='bbox 1953 1496 2252 1572; x_wconf 85' lang='lat' dir='ltr'>Propheta</span> <span class='ocrx_word' id='word_1_152' title='bbox 2271 1492 2572 1571; x_wconf 87' lang='lat' dir='ltr'>vsurpauit</span> <span class='ocrx_word' id='word_1_153' title='bbox 2589 1494 2937 1553; x_wconf 77' lang='lat' dir='ltr'>ascendendi</span> <span class='ocrx_word' id='word_1_154' title='bbox 2954 1495 3231 1553; x_wconf 88' lang='lat' dir='ltr'>verbum:</span> 
     </span>
     <span class='ocr_line' id='line_1_15' title="bbox 316 1570 3240 1652; baseline 0.002 -23"><span class='ocrx_word' id='word_1_155' title='bbox 316 1582 380 1630; x_wconf 86' lang='lat' dir='ltr'>vt</span> <span class='ocrx_word' id='word_1_156' title='bbox 421 1590 497 1631; x_wconf 89' lang='lat' dir='ltr'>eo</span> <span class='ocrx_word' id='word_1_157' title='bbox 536 1572 887 1651; x_wconf 84' lang='lat' dir='ltr'>significaret</span> <span class='ocrx_word' id='word_1_158' title='bbox 931 1572 1197 1633; x_wconf 85' lang='lat' dir='ltr'>officium</span> <span class='ocrx_word' id='word_1_159' title='bbox 1239 1573 1475 1650; x_wconf 88' lang='lat' dir='ltr'>publice</span> <span class='ocrx_word' id='word_1_160' title='bbox 1514 1570 1551 1633; x_wconf 70' lang='lat' dir='ltr'>a</span> <span class='ocrx_word' id='word_1_161' title='bbox 1592 1572 1702 1651; x_wconf 91' lang='lat' dir='ltr'>piis</span> <span class='ocrx_word' id='word_1_162' title='bbox 1740 1572 2084 1651; x_wconf 85' lang='lat' dir='ltr'>praestitum</span> <span class='ocrx_word' id='word_1_163' title='bbox 2127 1574 2229 1652; x_wconf 93' lang='lat' dir='ltr'>qui</span> <span class='ocrx_word' id='word_1_164' title='bbox 2269 1594 2342 1634; x_wconf 89' lang='lat' dir='ltr'>ex</span> <span class='ocrx_word' id='word_1_165' title='bbox 2383 1572 2504 1633; x_wconf 90' lang='lat' dir='ltr'>suis</span> <span class='ocrx_word' id='word_1_166' title='bbox 2546 1571 2858 1649; x_wconf 81' lang='lat' dir='ltr'>domibus,</span> <span class='ocrx_word' id='word_1_167' title='bbox 2893 1572 3164 1649; x_wconf 83' lang='lat' dir='ltr'>sedibus,</span> <span class='ocrx_word' id='word_1_168' title='bbox 3185 1574 3240 1633; x_wconf 79' lang='lat'>81</span> 
     </span>
     <span class='ocr_line' id='line_1_16' title="bbox 316 1650 3242 1731; baseline 0.001 -20"><span class='ocrx_word' id='word_1_169' title='bbox 316 1650 587 1711; x_wconf 88' lang='lat' dir='ltr'>tribubus</span> <span class='ocrx_word' id='word_1_170' title='bbox 626 1652 803 1713; x_wconf 89' lang='lat' dir='ltr'>etiam</span> <span class='ocrx_word' id='word_1_171' title='bbox 843 1652 1343 1730; x_wconf 84' lang='lat' dir='ltr'>longinquissimis</span> <span class='ocrx_word' id='word_1_172' title='bbox 1384 1652 1701 1730; x_wconf 88' lang='lat' dir='ltr'>prodibant</span> <span class='ocrx_word' id='word_1_173' title='bbox 1739 1656 1923 1731; x_wconf 81' lang='lat' dir='ltr'>vltro,</span> <span class='ocrx_word' id='word_1_174' title='bbox 1965 1664 2028 1715; x_wconf 87' lang='lat' dir='ltr'>vt</span> <span class='ocrx_word' id='word_1_175' title='bbox 2069 1654 2148 1715; x_wconf 89' lang='lat' dir='ltr'>ad</span> <span class='ocrx_word' id='word_1_176' title='bbox 2189 1656 2337 1715; x_wconf 78' lang='lat' dir='ltr'>haec</span> <span class='ocrx_word' id='word_1_177' title='bbox 2378 1654 2498 1713; x_wconf 91' lang='lat' dir='ltr'>duo</span> <span class='ocrx_word' id='word_1_178' title='bbox 2533 1653 2730 1714; x_wconf 85' lang='lat' dir='ltr'>officia</span> <span class='ocrx_word' id='word_1_179' title='bbox 2750 1672 2955 1715; x_wconf 86' lang='lat' dir='ltr'>coram</span> <span class='ocrx_word' id='word_1_180' title='bbox 2978 1652 3242 1715; x_wconf 89' lang='lat' dir='ltr'>Domino</span> 
     </span>
     <span class='ocr_line' id='line_1_17' title="bbox 318 1731 1693 1811; baseline 0.003 -20"><span class='ocrx_word' id='word_1_181' title='bbox 318 1732 671 1807; x_wconf 89' lang='lat' dir='ltr'>praestanda</span> <span class='ocrx_word' id='word_1_182' title='bbox 710 1736 869 1793; x_wconf 88' lang='lat' dir='ltr'>caste</span> <span class='ocrx_word' id='word_1_183' title='bbox 910 1735 965 1794; x_wconf 75' lang='grc' dir='ltr'>δι</span> <span class='ocrx_word' id='word_1_184' title='bbox 1007 1731 1279 1811; x_wconf 77' lang='lat' dir='ltr'>religiose</span> <span class='ocrx_word' id='word_1_185' title='bbox 1318 1732 1693 1795; x_wconf 86' lang='lat' dir='ltr'>accederent.</span> 
     </span>
    </p>

    <p class='ocr_par' dir='ltr' id='par_1_3' title="bbox 311 1808 3246 3010">
     <span class='ocr_line' id='line_1_18' title="bbox 401 1808 3230 1891; baseline 0.001 -22"><span class='ocrx_word' id='word_1_186' title='bbox 401 1810 517 1871; x_wconf 90' lang='lat' dir='ltr'>His</span> <span class='ocrx_word' id='word_1_187' title='bbox 575 1812 786 1872; x_wconf 78' lang='lat' dir='ltr'>officiis</span> <span class='ocrx_word' id='word_1_188' title='bbox 845 1808 1291 1891; x_wconf 89' lang='lat' dir='ltr'>adiungendum</span> <span class='ocrx_word' id='word_1_189' title='bbox 1350 1822 1441 1873; x_wconf 89' lang='lat' dir='ltr'>est</span> <span class='ocrx_word' id='word_1_190' title='bbox 1497 1825 1772 1890; x_wconf 87' lang='lat' dir='ltr'>quartum</span> <span class='ocrx_word' id='word_1_191' title='bbox 1812 1812 1959 1873; x_wconf 87' lang='lat' dir='ltr'>illud</span> <span class='ocrx_word' id='word_1_192' title='bbox 2003 1813 2202 1891; x_wconf 89' lang='lat' dir='ltr'>capud</span> <span class='ocrx_word' id='word_1_193' title='bbox 2241 1812 2410 1890; x_wconf 90' lang='lat' dir='ltr'>quod</span> <span class='ocrx_word' id='word_1_194' title='bbox 2447 1816 2584 1873; x_wconf 89' lang='lat' dir='ltr'>ante</span> <span class='ocrx_word' id='word_1_195' title='bbox 2626 1812 2912 1891; x_wconf 79' lang='lat' dir='ltr'>diximus,</span> <span class='ocrx_word' id='word_1_196' title='bbox 2954 1810 3230 1873; x_wconf 86' lang='lat' dir='ltr'>nimirum</span> 
     </span>
     <span class='ocr_line' id='line_1_19' title="bbox 314 1888 3236 1971; baseline 0.001 -22"><span class='ocrx_word' id='word_1_197' title='bbox 314 1888 919 1967; x_wconf 72' lang='lat' dir='ltr'>circumstantiarum,</span> <span class='ocrx_word' id='word_1_198' title='bbox 959 1910 1113 1969; x_wconf 90' lang='lat' dir='ltr'>quae</span> <span class='ocrx_word' id='word_1_199' title='bbox 1152 1891 1213 1953; x_wconf 88' lang='lat' dir='ltr'>in</span> <span class='ocrx_word' id='word_1_200' title='bbox 1254 1894 1429 1953; x_wconf 87' lang='lat' dir='ltr'>rebus</span> <span class='ocrx_word' id='word_1_201' title='bbox 1470 1892 1749 1953; x_wconf 87' lang='lat' dir='ltr'>omnibus</span> <span class='ocrx_word' id='word_1_202' title='bbox 1786 1892 2034 1971; x_wconf 84' lang='lat' dir='ltr'>agendis</span> <span class='ocrx_word' id='word_1_203' title='bbox 2077 1895 2270 1953; x_wconf 87' lang='lat' dir='ltr'>solent</span> <span class='ocrx_word' id='word_1_204' title='bbox 2309 1910 2654 1968; x_wconf 85' lang='lat' dir='ltr'>occurrere,</span> <span class='ocrx_word' id='word_1_205' title='bbox 2696 1892 2842 1953; x_wconf 86' lang='lat' dir='ltr'>aliae</span> <span class='ocrx_word' id='word_1_206' title='bbox 2885 1904 3236 1969; x_wconf 82' lang='lat' dir='ltr'>perpetuae,</span> 
     </span>
     <span class='ocr_line' id='line_1_20' title="bbox 314 1969 3240 2051; baseline 0.001 -22"><span class='ocrx_word' id='word_1_207' title='bbox 314 1969 465 2029; x_wconf 80' lang='lat' dir='ltr'>aliae</span> <span class='ocrx_word' id='word_1_208' title='bbox 506 1976 649 2032; x_wconf 74' lang='lat' dir='ltr'>vere</span> <span class='ocrx_word' id='word_1_209' title='bbox 690 1991 800 2049; x_wconf 90' lang='lat' dir='ltr'>pro</span> <span class='ocrx_word' id='word_1_210' title='bbox 842 1970 1157 2033; x_wconf 85' lang='lat' dir='ltr'>occasione</span> <span class='ocrx_word' id='word_1_211' title='bbox 1178 1972 1485 2035; x_wconf 88' lang='lat' dir='ltr'>variantes.</span> <span class='ocrx_word' id='word_1_212' title='bbox 1528 1974 1845 2050; x_wconf 89' lang='lat' dir='ltr'>Perpetuas</span> <span class='ocrx_word' id='word_1_213' title='bbox 1862 1973 2230 2051; x_wconf 81' lang='lat' dir='ltr'>appellamus</span> <span class='ocrx_word' id='word_1_214' title='bbox 2249 1992 2348 2033; x_wconf 90' lang='lat' dir='ltr'>eas</span> <span class='ocrx_word' id='word_1_215' title='bbox 2366 2018 2383 2048; x_wconf 88' lang='lat'>,</span> <span class='ocrx_word' id='word_1_216' title='bbox 2423 1970 2548 2033; x_wconf 86' lang='lat' dir='ltr'>sine</span> <span class='ocrx_word' id='word_1_217' title='bbox 2571 1974 2786 2049; x_wconf 78' lang='lat' dir='ltr'>quibus</span> <span class='ocrx_word' id='word_1_218' title='bbox 2807 1992 2920 2033; x_wconf 91' lang='lat' dir='ltr'>nec</span> <span class='ocrx_word' id='word_1_219' title='bbox 2941 1991 3116 2051; x_wconf 89' lang='lat' dir='ltr'>perso</span> <span class='ocrx_word' id='word_1_220' title='bbox 3127 1992 3240 2033; x_wconf 91' lang='lat' dir='ltr'>nae</span> 
     </span>
     <span class='ocr_line' id='line_1_21' title="bbox 312 2050 3233 2130; baseline 0.001 -21"><span class='ocrx_word' id='word_1_221' title='bbox 312 2059 555 2125; x_wconf 79' lang='lat' dir='ltr'>agentes</span> <span class='ocrx_word' id='word_1_222' title='bbox 612 2069 726 2111; x_wconf 87' lang='lat' dir='ltr'>nec</span> <span class='ocrx_word' id='word_1_223' title='bbox 788 2050 1051 2113; x_wconf 87' lang='lat' dir='ltr'>actiones</span> <span class='ocrx_word' id='word_1_224' title='bbox 1109 2050 1341 2113; x_wconf 86' lang='lat' dir='ltr'>illarum</span> <span class='ocrx_word' id='word_1_225' title='bbox 1400 2063 1672 2113; x_wconf 81' lang='lat' dir='ltr'>constare</span> <span class='ocrx_word' id='word_1_226' title='bbox 1732 2065 2010 2129; x_wconf 89' lang='lat' dir='ltr'>possunt:</span> <span class='ocrx_word' id='word_1_227' title='bbox 2074 2051 2410 2113; x_wconf 89' lang='lat' dir='ltr'>cuiusmodi</span> <span class='ocrx_word' id='word_1_228' title='bbox 2461 2064 2596 2113; x_wconf 90' lang='lat' dir='ltr'>sunt</span> <span class='ocrx_word' id='word_1_229' title='bbox 2635 2052 2954 2130; x_wconf 81' lang='lat' dir='ltr'>temporis,</span> <span class='ocrx_word' id='word_1_230' title='bbox 2997 2054 3054 2112; x_wconf 75' lang='grc' dir='ltr'>ὅτ</span> <span class='ocrx_word' id='word_1_231' title='bbox 3096 2050 3233 2113; x_wconf 92' lang='lat' dir='ltr'>loci.</span> 
     </span>
     <span class='ocr_line' id='line_1_22' title="bbox 312 2128 3237 2209; baseline 0.001 -20"><span class='ocrx_word' id='word_1_232' title='bbox 312 2128 623 2191; x_wconf 87' lang='lat' dir='ltr'>Variantes</span> <span class='ocrx_word' id='word_1_233' title='bbox 684 2141 882 2191; x_wconf 88' lang='lat' dir='ltr'>autem</span> <span class='ocrx_word' id='word_1_234' title='bbox 935 2150 1068 2208; x_wconf 86' lang='lat' dir='ltr'>eas,</span> <span class='ocrx_word' id='word_1_235' title='bbox 1122 2150 1275 2209; x_wconf 90' lang='lat' dir='ltr'>quae</span> <span class='ocrx_word' id='word_1_236' title='bbox 1318 2133 1501 2193; x_wconf 78' lang='lat' dir='ltr'>modo</span> <span class='ocrx_word' id='word_1_237' title='bbox 1553 2152 1682 2195; x_wconf 82' lang='lat' dir='ltr'>sese</span> <span class='ocrx_word' id='word_1_238' title='bbox 1722 2132 1980 2193; x_wconf 84' lang='lat' dir='ltr'>offerunt</span> <span class='ocrx_word' id='word_1_239' title='bbox 2025 2132 2084 2193; x_wconf 90' lang='lat' dir='ltr'>in</span> <span class='ocrx_word' id='word_1_240' title='bbox 2129 2133 2347 2194; x_wconf 89' lang='lat' dir='ltr'>nostris</span> <span class='ocrx_word' id='word_1_241' title='bbox 2385 2131 2750 2201; x_wconf 80' lang='lat' dir='ltr'>actionibus,</span> <span class='ocrx_word' id='word_1_242' title='bbox 2793 2132 2979 2193; x_wconf 80' lang='lat' dir='ltr'>modo</span> <span class='ocrx_word' id='word_1_243' title='bbox 3021 2134 3237 2195; x_wconf 89' lang='lat' dir='ltr'>absunt</span> 
     </span>
     <span class='ocr_line' id='line_1_23' title="bbox 312 2210 3238 2289; baseline 0.001 -20"><span class='ocrx_word' id='word_1_244' title='bbox 312 2210 393 2269; x_wconf 91' lang='lat' dir='ltr'>ab</span> <span class='ocrx_word' id='word_1_245' title='bbox 448 2210 589 2270; x_wconf 91' lang='lat' dir='ltr'>illis:</span> <span class='ocrx_word' id='word_1_246' title='bbox 644 2214 699 2273; x_wconf 78' lang='lat'>81</span> <span class='ocrx_word' id='word_1_247' title='bbox 752 2213 891 2271; x_wconf 76' lang='lat' dir='ltr'>citm</span> <span class='ocrx_word' id='word_1_248' title='bbox 930 2212 1175 2287; x_wconf 67' lang='lat' dir='ltr'>adsunt,</span> <span class='ocrx_word' id='word_1_249' title='bbox 1216 2212 1359 2275; x_wconf 62' lang='lat' dir='ltr'>alifis</span> <span class='ocrx_word' id='word_1_250' title='bbox 1400 2212 1519 2273; x_wconf 88' lang='lat' dir='ltr'>hoc</span> <span class='ocrx_word' id='word_1_251' title='bbox 1560 2212 1745 2273; x_wconf 90' lang='lat' dir='ltr'>modo</span> <span class='ocrx_word' id='word_1_252' title='bbox 1786 2212 2032 2289; x_wconf 87' lang='lat' dir='ltr'>adsunt,</span> <span class='ocrx_word' id='word_1_253' title='bbox 2071 2210 2216 2273; x_wconf 66' lang='lat' dir='ltr'>alias</span> <span class='ocrx_word' id='word_1_254' title='bbox 2255 2210 2358 2273; x_wconf 91' lang='lat' dir='ltr'>illo</span> <span class='ocrx_word' id='word_1_255' title='bbox 2403 2212 2617 2273; x_wconf 87' lang='lat' dir='ltr'>modo:</span> <span class='ocrx_word' id='word_1_256' title='bbox 2660 2212 2800 2289; x_wconf 89' lang='lat' dir='ltr'>quia</span> <span class='ocrx_word' id='word_1_257' title='bbox 2839 2222 2901 2271; x_wconf 88' lang='lat' dir='ltr'>vt</span> <span class='ocrx_word' id='word_1_258' title='bbox 2939 2212 3138 2273; x_wconf 88' lang='lat' dir='ltr'>adsint</span> <span class='ocrx_word' id='word_1_259' title='bbox 3175 2210 3238 2273; x_wconf 88' lang='lat' dir='ltr'>in</span> 
     </span>
     <span class='ocr_line' id='line_1_24' title="bbox 314 2290 3234 2371; baseline 0.001 -22"><span class='ocrx_word' id='word_1_260' title='bbox 314 2290 559 2367; x_wconf 86' lang='lat' dir='ltr'>agendis</span> <span class='ocrx_word' id='word_1_261' title='bbox 614 2292 819 2367; x_wconf 73' lang='lat' dir='ltr'>rebuS,</span> <span class='ocrx_word' id='word_1_262' title='bbox 881 2309 996 2351; x_wconf 87' lang='lat' dir='ltr'>nec</span> <span class='ocrx_word' id='word_1_263' title='bbox 1054 2310 1162 2370; x_wconf 90' lang='lat' dir='ltr'>per</span> <span class='ocrx_word' id='word_1_264' title='bbox 1222 2292 1377 2368; x_wconf 87' lang='lat' dir='ltr'>ipsas</span> <span class='ocrx_word' id='word_1_265' title='bbox 1397 2336 1416 2370; x_wconf 95' lang='lat'>,</span> <span class='ocrx_word' id='word_1_266' title='bbox 1477 2311 1589 2353; x_wconf 89' lang='lat' dir='ltr'>nec</span> <span class='ocrx_word' id='word_1_267' title='bbox 1648 2312 1754 2371; x_wconf 89' lang='lat' dir='ltr'>per</span> <span class='ocrx_word' id='word_1_268' title='bbox 1816 2312 1927 2353; x_wconf 89' lang='lat' dir='ltr'>nos</span> <span class='ocrx_word' id='word_1_269' title='bbox 1984 2306 2146 2353; x_wconf 90' lang='lat' dir='ltr'>certa</span> <span class='ocrx_word' id='word_1_270' title='bbox 2205 2304 2296 2353; x_wconf 90' lang='lat' dir='ltr'>est</span> <span class='ocrx_word' id='word_1_271' title='bbox 2350 2292 2668 2353; x_wconf 85' lang='lat' dir='ltr'>necessitas</span> <span class='ocrx_word' id='word_1_272' title='bbox 2708 2304 2888 2369; x_wconf 87' lang='lat' dir='ltr'>atque</span> <span class='ocrx_word' id='word_1_273' title='bbox 2927 2303 3234 2369; x_wconf 86' lang='lat' dir='ltr'>perpetua.</span> 
     </span>
     <span class='ocr_line' id='line_1_25' title="bbox 315 2368 3240 2451; baseline 0.002 -23"><span class='ocrx_word' id='word_1_274' title='bbox 315 2368 658 2446; x_wconf 86' lang='lat' dir='ltr'>Quinetiam</span> <span class='ocrx_word' id='word_1_275' title='bbox 719 2370 850 2431; x_wconf 88' lang='lat' dir='ltr'>illae</span> <span class='ocrx_word' id='word_1_276' title='bbox 910 2370 1071 2450; x_wconf 91' lang='lat' dir='ltr'>ipsae</span> <span class='ocrx_word' id='word_1_277' title='bbox 1132 2372 1286 2432; x_wconf 91' lang='lat' dir='ltr'>duae</span> <span class='ocrx_word' id='word_1_278' title='bbox 1347 2389 1493 2451; x_wconf 88' lang='lat' dir='ltr'>quas</span> <span class='ocrx_word' id='word_1_279' title='bbox 1547 2369 1800 2433; x_wconf 84' lang='lat' dir='ltr'>diximus</span> <span class='ocrx_word' id='word_1_280' title='bbox 1850 2372 2236 2450; x_wconf 77' lang='lat' dir='ltr'>necessarias,</span> <span class='ocrx_word' id='word_1_281' title='bbox 2277 2369 2396 2433; x_wconf 90' lang='lat' dir='ltr'>suis</span> <span class='ocrx_word' id='word_1_282' title='bbox 2436 2389 2678 2450; x_wconf 90' lang='lat' dir='ltr'>quoque</span> <span class='ocrx_word' id='word_1_283' title='bbox 2721 2370 3076 2432; x_wconf 87' lang='lat' dir='ltr'>ceremoniis</span> <span class='ocrx_word' id='word_1_284' title='bbox 3118 2390 3240 2433; x_wconf 90' lang='lat' dir='ltr'>non</span> 
     </span>
     <span class='ocr_line' id='line_1_26' title="bbox 314 2449 3236 2530; baseline 0.001 -20"><span class='ocrx_word' id='word_1_285' title='bbox 314 2449 658 2529; x_wconf 87' lang='lat' dir='ltr'>simpliciter</span> <span class='ocrx_word' id='word_1_286' title='bbox 711 2464 811 2512; x_wconf 90' lang='lat' dir='ltr'>aut</span> <span class='ocrx_word' id='word_1_287' title='bbox 864 2471 968 2530; x_wconf 92' lang='lat' dir='ltr'>per</span> <span class='ocrx_word' id='word_1_288' title='bbox 1006 2471 1069 2512; x_wconf 90' lang='lat' dir='ltr'>se</span> <span class='ocrx_word' id='word_1_289' title='bbox 1092 2495 1109 2530; x_wconf 99' lang='lat'>,</span> <span class='ocrx_word' id='word_1_290' title='bbox 1170 2452 1275 2513; x_wconf 91' lang='lat' dir='ltr'>sed</span> <span class='ocrx_word' id='word_1_291' title='bbox 1314 2463 1555 2530; x_wconf 87' lang='lat' dir='ltr'>propter</span> <span class='ocrx_word' id='word_1_292' title='bbox 1596 2451 2090 2530; x_wconf 88' lang='lat' dir='ltr'>significationem</span> <span class='ocrx_word' id='word_1_293' title='bbox 2129 2453 2388 2530; x_wconf 89' lang='lat' dir='ltr'>ipsarum</span> <span class='ocrx_word' id='word_1_294' title='bbox 2430 2451 2772 2513; x_wconf 83' lang='lat' dir='ltr'>necessariis</span> <span class='ocrx_word' id='word_1_295' title='bbox 2813 2452 2959 2512; x_wconf 91' lang='lat' dir='ltr'>olim</span> <span class='ocrx_word' id='word_1_296' title='bbox 2999 2455 3236 2514; x_wconf 87' lang='lat' dir='ltr'>fuerunt</span> 
     </span>
     <span class='ocr_line' id='line_1_27' title="bbox 312 2530 3240 2612; baseline 0.001 -22"><span class='ocrx_word' id='word_1_297' title='bbox 312 2531 481 2608; x_wconf 84' lang='lat' dir='ltr'>quasi</span> <span class='ocrx_word' id='word_1_298' title='bbox 520 2531 762 2592; x_wconf 87' lang='lat' dir='ltr'>vestitae</span> <span class='ocrx_word' id='word_1_299' title='bbox 806 2531 1086 2592; x_wconf 89' lang='lat' dir='ltr'>mandato</span> <span class='ocrx_word' id='word_1_300' title='bbox 1130 2531 1281 2610; x_wconf 84' lang='lat' dir='ltr'>Dei,</span> <span class='ocrx_word' id='word_1_301' title='bbox 1326 2543 1387 2593; x_wconf 84' lang='lat' dir='ltr'>vt</span> <span class='ocrx_word' id='word_1_302' title='bbox 1426 2533 1563 2592; x_wconf 73' lang='lat' dir='ltr'>cum</span> <span class='ocrx_word' id='word_1_303' title='bbox 1606 2532 1883 2612; x_wconf 87' lang='lat' dir='ltr'>(exempli</span> <span class='ocrx_word' id='word_1_304' title='bbox 1922 2535 2124 2607; x_wconf 87' lang='lat' dir='ltr'>causa)</span> <span class='ocrx_word' id='word_1_305' title='bbox 2164 2533 2396 2593; x_wconf 90' lang='lat' dir='ltr'>dierum</span> <span class='ocrx_word' id='word_1_306' title='bbox 2438 2531 2740 2594; x_wconf 90' lang='lat' dir='ltr'>distinctio</span> <span class='ocrx_word' id='word_1_307' title='bbox 2781 2535 2913 2610; x_wconf 90' lang='lat' dir='ltr'>lege</span> <span class='ocrx_word' id='word_1_308' title='bbox 2953 2530 3240 2610; x_wconf 89' lang='lat' dir='ltr'>imperata</span> 
     </span>
     <span class='ocr_line' id='line_1_28' title="bbox 313 2609 3244 2690; baseline 0.001 -20"><span class='ocrx_word' id='word_1_309' title='bbox 313 2622 439 2688; x_wconf 87' lang='lat' dir='ltr'>est,</span> <span class='ocrx_word' id='word_1_310' title='bbox 498 2613 555 2671; x_wconf 75' lang='grc' dir='ltr'>ὅτ</span> <span class='ocrx_word' id='word_1_311' title='bbox 615 2610 793 2672; x_wconf 86' lang='lat' dir='ltr'>feriae</span> <span class='ocrx_word' id='word_1_312' title='bbox 852 2609 1283 2672; x_wconf 88' lang='lat' dir='ltr'>anniuersariae</span> <span class='ocrx_word' id='word_1_313' title='bbox 1346 2609 1739 2672; x_wconf 84' lang='lat' dir='ltr'>constitutae:</span> <span class='ocrx_word' id='word_1_314' title='bbox 1789 2612 2185 2690; x_wconf 78' lang='lat' dir='ltr'>Similiterque</span> <span class='ocrx_word' id='word_1_315' title='bbox 2245 2613 2306 2674; x_wconf 91' lang='lat' dir='ltr'>in</span> <span class='ocrx_word' id='word_1_316' title='bbox 2367 2611 2596 2673; x_wconf 90' lang='lat' dir='ltr'>ratione</span> <span class='ocrx_word' id='word_1_317' title='bbox 2660 2611 2812 2686; x_wconf 82' lang='lat' dir='ltr'>loci,</span> <span class='ocrx_word' id='word_1_318' title='bbox 2873 2613 3012 2672; x_wconf 78' lang='lat' dir='ltr'>cum</span> <span class='ocrx_word' id='word_1_319' title='bbox 3071 2614 3244 2673; x_wconf 93' lang='lat' dir='ltr'>locus</span> 
     </span>
     <span class='ocr_line' id='line_1_29' title="bbox 318 2689 3246 2770; baseline 0.001 -20"><span class='ocrx_word' id='word_1_320' title='bbox 318 2689 881 2768; x_wconf 83' lang='lat' dir='ltr'>Hierosolymorum</span> <span class='ocrx_word' id='word_1_321' title='bbox 942 2704 1029 2752; x_wconf 80' lang='lat' dir='ltr'>est</span> <span class='ocrx_word' id='word_1_322' title='bbox 1091 2691 1485 2754; x_wconf 88' lang='lat' dir='ltr'>conuentibus</span> <span class='ocrx_word' id='word_1_323' title='bbox 1546 2691 1729 2752; x_wconf 90' lang='lat' dir='ltr'>sacris</span> <span class='ocrx_word' id='word_1_324' title='bbox 1790 2690 2144 2768; x_wconf 77' lang='lat' dir='ltr'>destinatuS,</span> <span class='ocrx_word' id='word_1_325' title='bbox 2201 2695 2256 2754; x_wconf 85' lang='lat'><strong>&amp;</strong></span> <span class='ocrx_word' id='word_1_326' title='bbox 2315 2710 2704 2769; x_wconf 90' lang='lat' dir='ltr'>quaecunque</span> <span class='ocrx_word' id='word_1_327' title='bbox 2767 2691 3060 2753; x_wconf 90' lang='lat' dir='ltr'>eiusmodi</span> <span class='ocrx_word' id='word_1_328' title='bbox 3116 2693 3246 2770; x_wconf 90' lang='lat' dir='ltr'>lege</span> 
     </span>
     <span class='ocr_line' id='line_1_30' title="bbox 312 2769 3239 2850; baseline 0 -18"><span class='ocrx_word' id='word_1_329' title='bbox 312 2769 524 2832; x_wconf 84' lang='lat' dir='ltr'>indixit</span> <span class='ocrx_word' id='word_1_330' title='bbox 563 2772 726 2832; x_wconf 88' lang='lat' dir='ltr'>Deus</span> <span class='ocrx_word' id='word_1_331' title='bbox 766 2783 829 2830; x_wconf 83' lang='lat' dir='ltr'>vt</span> <span class='ocrx_word' id='word_1_332' title='bbox 870 2771 997 2849; x_wconf 90' lang='lat' dir='ltr'>typi</span> <span class='ocrx_word' id='word_1_333' title='bbox 1036 2789 1234 2832; x_wconf 88' lang='lat' dir='ltr'>rerum</span> <span class='ocrx_word' id='word_1_334' title='bbox 1275 2773 1603 2832; x_wconf 85' lang='lat' dir='ltr'>futurarum</span> <span class='ocrx_word' id='word_1_335' title='bbox 1644 2784 1854 2833; x_wconf 90' lang='lat' dir='ltr'>essent.</span> <span class='ocrx_word' id='word_1_336' title='bbox 1895 2771 1996 2830; x_wconf 92' lang='lat' dir='ltr'>Ad</span> <span class='ocrx_word' id='word_1_337' title='bbox 2035 2772 2192 2833; x_wconf 88' lang='lat' dir='ltr'>hanc</span> <span class='ocrx_word' id='word_1_338' title='bbox 2229 2771 2688 2832; x_wconf 86' lang='lat' dir='ltr'>ambulatoriam</span> <span class='ocrx_word' id='word_1_339' title='bbox 2737 2777 2826 2848; x_wconf 85' lang='lat' dir='ltr'>(vt</span> <span class='ocrx_word' id='word_1_340' title='bbox 2865 2775 3002 2832; x_wconf 88' lang='lat' dir='ltr'>ante</span> <span class='ocrx_word' id='word_1_341' title='bbox 3042 2775 3239 2850; x_wconf 88' lang='lat' dir='ltr'>appel·</span> 
     </span>
     <span class='ocr_line' id='line_1_31' title="bbox 313 2848 3230 2928; baseline 0.001 -19"><span class='ocrx_word' id='word_1_342' title='bbox 313 2848 589 2926; x_wconf 89' lang='lat' dir='ltr'>lauimus)</span> <span class='ocrx_word' id='word_1_343' title='bbox 629 2850 1031 2912; x_wconf 85' lang='lat' dir='ltr'>ceremoniam</span> <span class='ocrx_word' id='word_1_344' title='bbox 1072 2849 1369 2928; x_wconf 87' lang='lat' dir='ltr'>Propheta</span> <span class='ocrx_word' id='word_1_345' title='bbox 1406 2850 1688 2928; x_wconf 85' lang='lat' dir='ltr'>respexit,</span> <span class='ocrx_word' id='word_1_346' title='bbox 1731 2853 1869 2911; x_wconf 72' lang='lat' dir='ltr'>ct&#39;tm</span> <span class='ocrx_word' id='word_1_347' title='bbox 1890 2851 2146 2926; x_wconf 89' lang='lat' dir='ltr'>diceret,</span> <span class='ocrx_word' id='word_1_348' title='bbox 2187 2853 2354 2912; x_wconf 81' lang='lat' dir='ltr'>Nam</span> <span class='ocrx_word' id='word_1_349' title='bbox 2375 2855 2512 2912; x_wconf 84' lang='lat' dir='ltr'>illuc</span> <span class='ocrx_word' id='word_1_350' title='bbox 2535 2853 2883 2928; x_wconf 82' lang='lat' dir='ltr'>ascendunt,</span> <span class='ocrx_word' id='word_1_351' title='bbox 2925 2851 3002 2912; x_wconf 90' lang='lat' dir='ltr'>ad</span> <span class='ocrx_word' id='word_1_352' title='bbox 3025 2853 3230 2912; x_wconf 81' lang='lat' dir='ltr'>vrbem</span> 
     </span>
     <span class='ocr_line' id='line_1_32' title="bbox 311 2929 3126 3010; baseline 0.001 -21"><span class='ocrx_word' id='word_1_353' title='bbox 311 2941 457 3010; x_wconf 85' lang='lat' dir='ltr'>puta</span> <span class='ocrx_word' id='word_1_354' title='bbox 496 2931 1080 3007; x_wconf 80' lang='lat' dir='ltr'>Hierosolymorum..</span> <span class='ocrx_word' id='word_1_355' title='bbox 1121 2931 1289 2992; x_wconf 89' lang='lat' dir='ltr'>cuius</span> <span class='ocrx_word' id='word_1_356' title='bbox 1328 2931 1565 2994; x_wconf 90' lang='lat' dir='ltr'>duobus</span> <span class='ocrx_word' id='word_1_357' title='bbox 1604 2930 2100 3008; x_wconf 84' lang='lat' dir='ltr'>praecedentibus</span> <span class='ocrx_word' id='word_1_358' title='bbox 2142 2930 2408 2992; x_wconf 86' lang='lat' dir='ltr'>versibus</span> <span class='ocrx_word' id='word_1_359' title='bbox 2449 2929 2717 3010; x_wconf 82' lang='lat' dir='ltr'>proxime</span> <span class='ocrx_word' id='word_1_360' title='bbox 2761 2931 3126 2992; x_wconf 82' lang='lat' dir='ltr'>meminerat.</span> 
     </span>
    </p>

    <p class='ocr_par' dir='ltr' id='par_1_4' title="bbox 312 3009 3238 4366">
     <span class='ocr_line' id='line_1_33' title="bbox 397 3009 3235 3090; baseline 0 -21"><span class='ocrx_word' id='word_1_361' title='bbox 397 3009 488 3070; x_wconf 87' lang='lat' dir='ltr'>Ex</span> <span class='ocrx_word' id='word_1_362' title='bbox 529 3010 621 3071; x_wconf 91' lang='lat' dir='ltr'>his</span> <span class='ocrx_word' id='word_1_363' title='bbox 662 3021 861 3072; x_wconf 89' lang='lat' dir='ltr'>autem</span> <span class='ocrx_word' id='word_1_364' title='bbox 900 3009 1175 3074; x_wconf 87' lang='lat' dir='ltr'>omnibus</span> <span class='ocrx_word' id='word_1_365' title='bbox 1218 3030 1370 3089; x_wconf 90' lang='lat' dir='ltr'>quae</span> <span class='ocrx_word' id='word_1_366' title='bbox 1410 3011 1487 3072; x_wconf 90' lang='lat' dir='ltr'>de</span> <span class='ocrx_word' id='word_1_367' title='bbox 1527 3011 1725 3090; x_wconf 87' lang='lat' dir='ltr'>prisca</span> <span class='ocrx_word' id='word_1_368' title='bbox 1764 3011 2124 3072; x_wconf 88' lang='lat' dir='ltr'>Iudaeorum</span> <span class='ocrx_word' id='word_1_369' title='bbox 2166 3009 2436 3073; x_wconf 87' lang='lat' dir='ltr'>Ecclesia</span> <span class='ocrx_word' id='word_1_370' title='bbox 2474 3010 2714 3090; x_wconf 81' lang='lat' dir='ltr'>proprie</span> <span class='ocrx_word' id='word_1_371' title='bbox 2756 3012 3031 3072; x_wconf 88' lang='lat' dir='ltr'>hocloco</span> <span class='ocrx_word' id='word_1_372' title='bbox 3052 3028 3235 3072; x_wconf 88' lang='lat' dir='ltr'>enun-</span> 
     </span>
     <span class='ocr_line' id='line_1_34' title="bbox 314 3088 3236 3170; baseline 0 -20"><span class='ocrx_word' id='word_1_373' title='bbox 314 3088 471 3150; x_wconf 89' lang='lat' dir='ltr'>ciata</span> <span class='ocrx_word' id='word_1_374' title='bbox 508 3100 673 3166; x_wconf 88' lang='lat' dir='ltr'>sunt,</span> <span class='ocrx_word' id='word_1_375' title='bbox 714 3091 851 3150; x_wconf 74' lang='lat' dir='ltr'>cum</span> <span class='ocrx_word' id='word_1_376' title='bbox 893 3090 1131 3170; x_wconf 88' lang='lat' dir='ltr'>Spiritui</span> <span class='ocrx_word' id='word_1_377' title='bbox 1171 3102 1379 3152; x_wconf 89' lang='lat' dir='ltr'>sancto</span> <span class='ocrx_word' id='word_1_378' title='bbox 1424 3092 1611 3152; x_wconf 84' lang='lat' dir='ltr'>visum</span> <span class='ocrx_word' id='word_1_379' title='bbox 1651 3089 1825 3152; x_wconf 85' lang='lat' dir='ltr'>fuerit</span> <span class='ocrx_word' id='word_1_380' title='bbox 1865 3093 2015 3152; x_wconf 85' lang='lat' dir='ltr'>haec</span> <span class='ocrx_word' id='word_1_381' title='bbox 2053 3091 2186 3170; x_wconf 83' lang='lat' dir='ltr'>ipsa</span> <span class='ocrx_word' id='word_1_382' title='bbox 2227 3091 2458 3151; x_wconf 90' lang='lat' dir='ltr'>cantica</span> <span class='ocrx_word' id='word_1_383' title='bbox 2495 3091 2574 3152; x_wconf 90' lang='lat' dir='ltr'>ad</span> <span class='ocrx_word' id='word_1_384' title='bbox 2615 3091 2990 3152; x_wconf 88' lang='lat' dir='ltr'>Catholicam</span> <span class='ocrx_word' id='word_1_385' title='bbox 3031 3091 3236 3152; x_wconf 84' lang='lat' dir='ltr'>Eccle-</span> 
     </span>
     <span class='ocr_line' id='line_1_35' title="bbox 312 3167 3238 3250; baseline -0.001 -18"><span class='ocrx_word' id='word_1_386' title='bbox 312 3167 461 3232; x_wconf 90' lang='lat' dir='ltr'>siam</span> <span class='ocrx_word' id='word_1_387' title='bbox 510 3171 567 3229; x_wconf 85' lang='lat'>&amp;</span> <span class='ocrx_word' id='word_1_388' title='bbox 623 3169 1014 3232; x_wconf 84' lang='lat' dir='ltr'>Christianam</span> <span class='ocrx_word' id='word_1_389' title='bbox 1064 3170 1487 3250; x_wconf 84' lang='lat' dir='ltr'>transmittere,</span> <span class='ocrx_word' id='word_1_390' title='bbox 1536 3171 1619 3232; x_wconf 86' lang='lat' dir='ltr'>ita</span> <span class='ocrx_word' id='word_1_391' title='bbox 1666 3169 1998 3250; x_wconf 88' lang='lat' dir='ltr'>colligimus</span> <span class='ocrx_word' id='word_1_392' title='bbox 2039 3171 2290 3232; x_wconf 89' lang='lat' dir='ltr'>eandem</span> <span class='ocrx_word' id='word_1_393' title='bbox 2335 3189 2574 3249; x_wconf 87' lang='lat' dir='ltr'>quoque</span> <span class='ocrx_word' id='word_1_394' title='bbox 2613 3171 2904 3232; x_wconf 87' lang='lat' dir='ltr'>rationem</span> <span class='ocrx_word' id='word_1_395' title='bbox 2944 3169 3006 3230; x_wconf 91' lang='lat' dir='ltr'>in</span> <span class='ocrx_word' id='word_1_396' title='bbox 3045 3172 3238 3231; x_wconf 87' lang='lat' dir='ltr'>forma</span> 
     </span>
     <span class='ocr_line' id='line_1_36' title="bbox 312 3249 3238 3328; baseline 0 -18"><span class='ocrx_word' id='word_1_397' title='bbox 312 3259 587 3324; x_wconf 87' lang='lat' dir='ltr'>externa,</span> <span class='ocrx_word' id='word_1_398' title='bbox 646 3249 945 3328; x_wconf 86' lang='lat' dir='ltr'>personis,</span> <span class='ocrx_word' id='word_1_399' title='bbox 1006 3251 1339 3312; x_wconf 88' lang='lat' dir='ltr'>actionibus</span> <span class='ocrx_word' id='word_1_400' title='bbox 1388 3253 1444 3312; x_wconf 72' lang='grc' dir='ltr'>δι</span> <span class='ocrx_word' id='word_1_401' title='bbox 1504 3249 1984 3327; x_wconf 87' lang='lat' dir='ltr'>circumstantiis,</span> <span class='ocrx_word' id='word_1_402' title='bbox 2047 3269 2200 3328; x_wconf 90' lang='lat' dir='ltr'>quae</span> <span class='ocrx_word' id='word_1_403' title='bbox 2260 3251 2504 3328; x_wconf 89' lang='lat' dir='ltr'>quidem</span> <span class='ocrx_word' id='word_1_404' title='bbox 2564 3271 2669 3328; x_wconf 92' lang='lat' dir='ltr'>per</span> <span class='ocrx_word' id='word_1_405' title='bbox 2719 3271 2782 3312; x_wconf 91' lang='lat' dir='ltr'>se</span> <span class='ocrx_word' id='word_1_406' title='bbox 2821 3263 2922 3310; x_wconf 90' lang='lat' dir='ltr'>aut</span> <span class='ocrx_word' id='word_1_407' title='bbox 2963 3261 3238 3328; x_wconf 90' lang='lat' dir='ltr'>respectu</span> 
     </span>
     <span class='ocr_line' id='line_1_37' title="bbox 314 3327 3236 3410; baseline 0.001 -20"><span class='ocrx_word' id='word_1_408' title='bbox 314 3327 555 3390; x_wconf 88' lang='lat' dir='ltr'>alterius</span> <span class='ocrx_word' id='word_1_409' title='bbox 614 3329 979 3392; x_wconf 86' lang='lat' dir='ltr'>necessariae</span> <span class='ocrx_word' id='word_1_410' title='bbox 1018 3343 1183 3408; x_wconf 88' lang='lat' dir='ltr'>sunt,</span> <span class='ocrx_word' id='word_1_411' title='bbox 1238 3329 1541 3392; x_wconf 88' lang='lat' dir='ltr'>obseruari</span> <span class='ocrx_word' id='word_1_412' title='bbox 1600 3333 1638 3390; x_wconf 76' lang='lat' dir='ltr'>a</span> <span class='ocrx_word' id='word_1_413' title='bbox 1680 3330 1790 3408; x_wconf 92' lang='lat' dir='ltr'>piis</span> <span class='ocrx_word' id='word_1_414' title='bbox 1831 3343 2130 3410; x_wconf 87' lang='lat' dir='ltr'>oportere.</span> <span class='ocrx_word' id='word_1_415' title='bbox 2190 3333 2410 3392; x_wconf 89' lang='lat' dir='ltr'>Forma</span> <span class='ocrx_word' id='word_1_416' title='bbox 2451 3343 2692 3392; x_wconf 87' lang='lat' dir='ltr'>externa</span> <span class='ocrx_word' id='word_1_417' title='bbox 2731 3330 2779 3392; x_wconf 88' lang='lat' dir='ltr'>si</span> <span class='ocrx_word' id='word_1_418' title='bbox 2820 3331 2928 3392; x_wconf 87' lang='lat' dir='ltr'>fuit</span> <span class='ocrx_word' id='word_1_419' title='bbox 2969 3329 3080 3392; x_wconf 91' lang='lat' dir='ltr'>illis</span> <span class='ocrx_word' id='word_1_420' title='bbox 3126 3341 3236 3392; x_wconf 88' lang='lat' dir='ltr'>tes-</span> 
     </span>
     <span class='ocr_line' id='line_1_38' title="bbox 316 3407 3236 3488; baseline 0 -18"><span class='ocrx_word' id='word_1_421' title='bbox 316 3407 629 3470; x_wconf 91' lang='lat' dir='ltr'>timonium</span> <span class='ocrx_word' id='word_1_422' title='bbox 678 3414 717 3470; x_wconf 77' lang='lat' dir='ltr'>a</span> <span class='ocrx_word' id='word_1_423' title='bbox 770 3411 903 3472; x_wconf 91' lang='lat' dir='ltr'>Deo</span> <span class='ocrx_word' id='word_1_424' title='bbox 956 3411 1161 3471; x_wconf 88' lang='lat' dir='ltr'>datum</span> <span class='ocrx_word' id='word_1_425' title='bbox 1217 3410 1455 3472; x_wconf 87' lang='lat' dir='ltr'>Israeli:</span> <span class='ocrx_word' id='word_1_426' title='bbox 1506 3412 1669 3488; x_wconf 89' lang='lat' dir='ltr'>Ergo</span> <span class='ocrx_word' id='word_1_427' title='bbox 1720 3412 1976 3472; x_wconf 85' lang='lat' dir='ltr'>sormam</span> <span class='ocrx_word' id='word_1_428' title='bbox 2030 3422 2334 3473; x_wconf 90' lang='lat' dir='ltr'>externam</span> <span class='ocrx_word' id='word_1_429' title='bbox 2387 3410 2690 3472; x_wconf 84' lang='lat' dir='ltr'>Ecclesiae</span> <span class='ocrx_word' id='word_1_430' title='bbox 2745 3409 3074 3471; x_wconf 83' lang='lat' dir='ltr'>catholicae</span> <span class='ocrx_word' id='word_1_431' title='bbox 3113 3413 3236 3472; x_wconf 90' lang='lat' dir='ltr'>hoc</span> 
     </span>
     <span class='ocr_line' id='line_1_39' title="bbox 314 3489 3238 3569; baseline 0.001 -19"><span class='ocrx_word' id='word_1_432' title='bbox 314 3489 496 3550; x_wconf 90' lang='lat' dir='ltr'>etiam</span> <span class='ocrx_word' id='word_1_433' title='bbox 555 3499 823 3568; x_wconf 90' lang='lat' dir='ltr'>tempore</span> <span class='ocrx_word' id='word_1_434' title='bbox 881 3489 943 3550; x_wconf 86' lang='lat' dir='ltr'>in</span> <span class='ocrx_word' id='word_1_435' title='bbox 984 3489 1321 3552; x_wconf 90' lang='lat' dir='ltr'>testimonio</span> <span class='ocrx_word' id='word_1_436' title='bbox 1362 3490 1681 3568; x_wconf 89' lang='lat' dir='ltr'>scripturae</span> <span class='ocrx_word' id='word_1_437' title='bbox 1722 3510 1920 3551; x_wconf 89' lang='lat' dir='ltr'>sacrae</span> <span class='ocrx_word' id='word_1_438' title='bbox 1957 3507 2138 3568; x_wconf 88' lang='lat' dir='ltr'>quam</span> <span class='ocrx_word' id='word_1_439' title='bbox 2181 3491 2509 3569; x_wconf 88' lang='lat' dir='ltr'>prophetae</span> <span class='ocrx_word' id='word_1_440' title='bbox 2549 3493 2604 3552; x_wconf 85' lang='lat'><strong>&amp;</strong></span> <span class='ocrx_word' id='word_1_441' title='bbox 2643 3489 2923 3568; x_wconf 88' lang='lat' dir='ltr'>Apostoli</span> <span class='ocrx_word' id='word_1_442' title='bbox 2960 3489 3238 3552; x_wconf 88' lang='lat' dir='ltr'>diuinitus</span> 
     </span>
     <span class='ocr_line' id='line_1_40' title="bbox 316 3568 3237 3650; baseline 0.001 -20"><span class='ocrx_word' id='word_1_443' title='bbox 316 3568 581 3646; x_wconf 86' lang='lat' dir='ltr'>inspirati</span> <span class='ocrx_word' id='word_1_444' title='bbox 640 3569 1065 3647; x_wconf 88' lang='lat' dir='ltr'>consignarunt</span> <span class='ocrx_word' id='word_1_445' title='bbox 1122 3569 1354 3650; x_wconf 91' lang='lat' dir='ltr'>scriptis</span> <span class='ocrx_word' id='word_1_446' title='bbox 1412 3573 1467 3630; x_wconf 78' lang='grc' dir='ltr'>δι</span> <span class='ocrx_word' id='word_1_447' title='bbox 1529 3569 1827 3630; x_wconf 86' lang='lat' dir='ltr'>Ecclesiae</span> <span class='ocrx_word' id='word_1_448' title='bbox 1868 3571 2239 3632; x_wconf 88' lang='lat' dir='ltr'>tradiderunt</span> <span class='ocrx_word' id='word_1_449' title='bbox 2280 3570 2634 3649; x_wconf 89' lang='lat' dir='ltr'>recognosci</span> <span class='ocrx_word' id='word_1_450' title='bbox 2677 3581 2973 3648; x_wconf 87' lang='lat' dir='ltr'>oportere.</span> <span class='ocrx_word' id='word_1_451' title='bbox 3031 3573 3237 3632; x_wconf 87' lang='lat' dir='ltr'>Perso-</span> 
     </span>
     <span class='ocr_line' id='line_1_41' title="bbox 314 3647 3233 3728; baseline 0.001 -20"><span class='ocrx_word' id='word_1_452' title='bbox 314 3667 523 3710; x_wconf 87' lang='lat' dir='ltr'>narum</span> <span class='ocrx_word' id='word_1_453' title='bbox 576 3649 625 3710; x_wconf 90' lang='lat' dir='ltr'>si</span> <span class='ocrx_word' id='word_1_454' title='bbox 674 3648 784 3710; x_wconf 80' lang='lat' dir='ltr'>fuit</span> <span class='ocrx_word' id='word_1_455' title='bbox 824 3647 1123 3712; x_wconf 89' lang='lat' dir='ltr'>distinctio</span> <span class='ocrx_word' id='word_1_456' title='bbox 1164 3669 1239 3712; x_wconf 89' lang='lat' dir='ltr'>ex</span> <span class='ocrx_word' id='word_1_457' title='bbox 1276 3650 1451 3712; x_wconf 88' lang='lat' dir='ltr'>donis</span> <span class='ocrx_word' id='word_1_458' title='bbox 1490 3651 1546 3710; x_wconf 71' lang='grc' dir='ltr'>δι</span> <span class='ocrx_word' id='word_1_459' title='bbox 1586 3649 2000 3712; x_wconf 89' lang='lat' dir='ltr'>vocationibus</span> <span class='ocrx_word' id='word_1_460' title='bbox 2039 3655 2076 3710; x_wconf 81' lang='lat' dir='ltr'>a</span> <span class='ocrx_word' id='word_1_461' title='bbox 2115 3653 2248 3712; x_wconf 93' lang='lat' dir='ltr'>Deo</span> <span class='ocrx_word' id='word_1_462' title='bbox 2290 3651 2593 3728; x_wconf 85' lang='lat' dir='ltr'>institutis,</span> <span class='ocrx_word' id='word_1_463' title='bbox 2613 3651 2692 3710; x_wconf 90' lang='lat' dir='ltr'>ad</span> <span class='ocrx_word' id='word_1_464' title='bbox 2712 3648 3233 3711; x_wconf 88' lang='lat' dir='ltr'>commoditatem:</span> 
     </span>
     <span class='ocr_line' id='line_1_42' title="bbox 312 3729 3236 3808; baseline 0.001 -20"><span class='ocrx_word' id='word_1_465' title='bbox 312 3729 493 3790; x_wconf 89' lang='lat' dir='ltr'>etiam</span> <span class='ocrx_word' id='word_1_466' title='bbox 544 3741 821 3790; x_wconf 85' lang='lat' dir='ltr'>externae</span> <span class='ocrx_word' id='word_1_467' title='bbox 882 3731 1110 3792; x_wconf 81' lang='lat' dir='ltr'>formae</span> <span class='ocrx_word' id='word_1_468' title='bbox 1148 3741 1325 3808; x_wconf 87' lang='lat' dir='ltr'>atque</span> <span class='ocrx_word' id='word_1_469' title='bbox 1365 3729 1629 3791; x_wconf 89' lang='lat' dir='ltr'>internae</span> <span class='ocrx_word' id='word_1_470' title='bbox 1672 3729 1974 3791; x_wconf 85' lang='lat' dir='ltr'>veritatem</span> <span class='ocrx_word' id='word_1_471' title='bbox 1991 3775 2009 3808; x_wconf 87' lang='lat'>,</span> <span class='ocrx_word' id='word_1_472' title='bbox 2049 3733 2212 3808; x_wconf 91' lang='lat' dir='ltr'>Ergo</span> <span class='ocrx_word' id='word_1_473' title='bbox 2255 3731 2466 3792; x_wconf 90' lang='lat' dir='ltr'>eadem</span> <span class='ocrx_word' id='word_1_474' title='bbox 2504 3729 2773 3792; x_wconf 90' lang='lat' dir='ltr'>Ecclesia</span> <span class='ocrx_word' id='word_1_475' title='bbox 2815 3729 3122 3791; x_wconf 88' lang='lat' dir='ltr'>Catholica</span> <span class='ocrx_word' id='word_1_476' title='bbox 3161 3749 3236 3790; x_wconf 81' lang='lat' dir='ltr'>ex</span> 
     </span>
     <span class='ocr_line' id='line_1_43' title="bbox 315 3807 3238 3890; baseline 0.001 -21"><span class='ocrx_word' id='word_1_477' title='bbox 315 3807 496 3869; x_wconf 88' lang='lat' dir='ltr'>donis</span> <span class='ocrx_word' id='word_1_478' title='bbox 548 3811 603 3869; x_wconf 74' lang='grc' dir='ltr'>δι</span> <span class='ocrx_word' id='word_1_479' title='bbox 662 3809 1077 3871; x_wconf 88' lang='lat' dir='ltr'>vocationibus</span> <span class='ocrx_word' id='word_1_480' title='bbox 1116 3813 1155 3870; x_wconf 75' lang='lat' dir='ltr'>a</span> <span class='ocrx_word' id='word_1_481' title='bbox 1192 3811 1325 3872; x_wconf 91' lang='lat' dir='ltr'>Deo</span> <span class='ocrx_word' id='word_1_482' title='bbox 1366 3809 1589 3872; x_wconf 86' lang='lat' dir='ltr'>testatis</span> <span class='ocrx_word' id='word_1_483' title='bbox 1629 3807 1909 3888; x_wconf 88' lang='lat' dir='ltr'>distingui</span> <span class='ocrx_word' id='word_1_484' title='bbox 1950 3829 2236 3888; x_wconf 90' lang='lat' dir='ltr'>personas</span> <span class='ocrx_word' id='word_1_485' title='bbox 2275 3821 2572 3890; x_wconf 86' lang='lat' dir='ltr'>oportere.</span> <span class='ocrx_word' id='word_1_486' title='bbox 2615 3810 2675 3870; x_wconf 90' lang='lat' dir='ltr'>Si</span> <span class='ocrx_word' id='word_1_487' title='bbox 2716 3809 3014 3886; x_wconf 88' lang='lat' dir='ltr'>actiones,</span> <span class='ocrx_word' id='word_1_488' title='bbox 3054 3809 3238 3871; x_wconf 82' lang='lat' dir='ltr'>offici·</span> 
     </span>
     <span class='ocr_line' id='line_1_44' title="bbox 315 3889 3234 3982; baseline 0.001 -34"><span class='ocrx_word' id='word_1_489' title='bbox 315 3895 474 3966; x_wconf 73' lang='lat' dir='ltr'>aque</span> <span class='ocrx_word' id='word_1_490' title='bbox 516 3901 641 3948; x_wconf 89' lang='lat' dir='ltr'>tum</span> <span class='ocrx_word' id='word_1_491' title='bbox 682 3889 984 3950; x_wconf 85' lang='lat' dir='ltr'>Ecclesiae</span> <span class='ocrx_word' id='word_1_492' title='bbox 1024 3889 1239 3968; x_wconf 88' lang='lat' dir='ltr'>ipsius,</span> <span class='ocrx_word' id='word_1_493' title='bbox 1278 3901 1405 3950; x_wconf 87' lang='lat' dir='ltr'>tum</span> <span class='ocrx_word' id='word_1_494' title='bbox 1448 3891 1853 3951; x_wconf 90' lang='lat' dir='ltr'>membrorum</span> <span class='ocrx_word' id='word_1_495' title='bbox 1896 3889 2166 3950; x_wconf 91' lang='lat' dir='ltr'>omnium</span> <span class='ocrx_word' id='word_1_496' title='bbox 2207 3893 2280 3950; x_wconf 75' lang='lat' dir='ltr'>ee</span> <span class='ocrx_word' id='word_1_497' title='bbox 2322 3889 2726 3982; x_wconf 80' lang='lat' dir='ltr'>pertinebant,</span> <span class='ocrx_word' id='word_1_498' title='bbox 2769 3903 2831 3950; x_wconf 86' lang='lat' dir='ltr'>vt</span> <span class='ocrx_word' id='word_1_499' title='bbox 2872 3891 3034 3950; x_wconf 88' lang='lat' dir='ltr'>Deus</span> <span class='ocrx_word' id='word_1_500' title='bbox 3072 3889 3234 3950; x_wconf 82' lang='lat' dir='ltr'>audi·</span> 
     </span>
     <span class='ocr_line' id='line_1_45' title="bbox 316 3967 3236 4048; baseline 0 -19"><span class='ocrx_word' id='word_1_501' title='bbox 316 3979 473 4029; x_wconf 92' lang='lat' dir='ltr'>retur</span> <span class='ocrx_word' id='word_1_502' title='bbox 515 3969 785 4030; x_wconf 87' lang='lat' dir='ltr'>homines</span> <span class='ocrx_word' id='word_1_503' title='bbox 822 3969 883 4029; x_wconf 91' lang='lat' dir='ltr'>in</span> <span class='ocrx_word' id='word_1_504' title='bbox 923 3970 1108 4030; x_wconf 88' lang='lat' dir='ltr'>verbo</span> <span class='ocrx_word' id='word_1_505' title='bbox 1150 3987 1259 4030; x_wconf 91' lang='lat' dir='ltr'>suo</span> <span class='ocrx_word' id='word_1_506' title='bbox 1298 3969 1635 4048; x_wconf 77' lang='lat' dir='ltr'>alloquenS,</span> <span class='ocrx_word' id='word_1_507' title='bbox 1693 3973 1748 4032; x_wconf 79' lang='lat'>81</span> <span class='ocrx_word' id='word_1_508' title='bbox 1788 3967 1870 4030; x_wconf 92' lang='lat' dir='ltr'>illi</span> <span class='ocrx_word' id='word_1_509' title='bbox 1910 3971 2110 4031; x_wconf 90' lang='lat' dir='ltr'>Deum</span> <span class='ocrx_word' id='word_1_510' title='bbox 2155 3969 2412 4030; x_wconf 86' lang='lat' dir='ltr'>viciss1m</span> <span class='ocrx_word' id='word_1_511' title='bbox 2451 3971 2892 4048; x_wconf 84' lang='lat' dir='ltr'>alloquerentur</span> <span class='ocrx_word' id='word_1_512' title='bbox 2931 3968 3236 4048; x_wconf 89' lang='lat' dir='ltr'>precibus,</span> 
     </span>
     <span class='ocr_line' id='line_1_46' title="bbox 316 4047 3232 4128; baseline 0.001 -21"><span class='ocrx_word' id='word_1_513' title='bbox 316 4049 373 4107; x_wconf 75' lang='grc' dir='ltr'>ὅτ</span> <span class='ocrx_word' id='word_1_514' title='bbox 432 4047 751 4126; x_wconf 89' lang='lat' dir='ltr'>gratiarum</span> <span class='ocrx_word' id='word_1_515' title='bbox 792 4047 1027 4110; x_wconf 90' lang='lat' dir='ltr'>actione</span> <span class='ocrx_word' id='word_1_516' title='bbox 1069 4068 1311 4110; x_wconf 90' lang='lat' dir='ltr'>omnem</span> <span class='ocrx_word' id='word_1_517' title='bbox 1350 4051 1645 4110; x_wconf 90' lang='lat' dir='ltr'>honorem</span> <span class='ocrx_word' id='word_1_518' title='bbox 1688 4049 1741 4110; x_wconf 91' lang='lat' dir='ltr'>ei</span> <span class='ocrx_word' id='word_1_519' title='bbox 1781 4050 2157 4124; x_wconf 78' lang='lat' dir='ltr'>exhiberent,</span> <span class='ocrx_word' id='word_1_520' title='bbox 2198 4061 2376 4128; x_wconf 88' lang='lat' dir='ltr'>atque</span> <span class='ocrx_word' id='word_1_521' title='bbox 2416 4051 2496 4110; x_wconf 89' lang='lat' dir='ltr'>ad</span> <span class='ocrx_word' id='word_1_522' title='bbox 2535 4053 2690 4110; x_wconf 88' lang='lat' dir='ltr'>hanc</span> <span class='ocrx_word' id='word_1_523' title='bbox 2733 4069 2857 4110; x_wconf 89' lang='lat' dir='ltr'>rem</span> <span class='ocrx_word' id='word_1_524' title='bbox 2899 4061 3232 4110; x_wconf 90' lang='lat' dir='ltr'>conuentus</span> 
     </span>
     <span class='ocr_line' id='line_1_47' title="bbox 312 4128 3232 4209; baseline 0.001 -21"><span class='ocrx_word' id='word_1_525' title='bbox 312 4147 515 4190; x_wconf 89' lang='lat' dir='ltr'>sacros</span> <span class='ocrx_word' id='word_1_526' title='bbox 554 4131 817 4190; x_wconf 89' lang='lat' dir='ltr'>colerent</span> <span class='ocrx_word' id='word_1_527' title='bbox 856 4131 1446 4208; x_wconf 80' lang='lat' dir='ltr'>frequentarentque:</span> <span class='ocrx_word' id='word_1_528' title='bbox 1486 4146 1630 4208; x_wconf 87' lang='lat' dir='ltr'>ergo</span> <span class='ocrx_word' id='word_1_529' title='bbox 1670 4128 1847 4190; x_wconf 90' lang='lat' dir='ltr'>nobis</span> <span class='ocrx_word' id='word_1_530' title='bbox 1887 4130 2148 4190; x_wconf 88' lang='lat' dir='ltr'>dandam</span> <span class='ocrx_word' id='word_1_531' title='bbox 2168 4148 2297 4190; x_wconf 86' lang='lat' dir='ltr'>esse</span> <span class='ocrx_word' id='word_1_532' title='bbox 2319 4149 2560 4209; x_wconf 91' lang='lat' dir='ltr'>operam</span> <span class='ocrx_word' id='word_1_533' title='bbox 2574 4175 2592 4208; x_wconf 91' lang='lat'>,</span> <span class='ocrx_word' id='word_1_534' title='bbox 2623 4141 2688 4190; x_wconf 85' lang='lat' dir='ltr'>vt</span> <span class='ocrx_word' id='word_1_535' title='bbox 2707 4131 2903 4191; x_wconf 90' lang='lat' dir='ltr'>Deum</span> <span class='ocrx_word' id='word_1_536' title='bbox 2923 4129 3232 4190; x_wconf 89' lang='lat' dir='ltr'>audiamus</span> 
     </span>
     <span class='ocr_line' id='line_1_48' title="bbox 314 4207 3238 4288; baseline 0 -20"><span class='ocrx_word' id='word_1_537' title='bbox 314 4209 685 4288; x_wconf 85' lang='lat' dir='ltr'>loquentem,</span> <span class='ocrx_word' id='word_1_538' title='bbox 742 4209 937 4270; x_wconf 89' lang='lat' dir='ltr'>eidem</span> <span class='ocrx_word' id='word_1_539' title='bbox 978 4207 1252 4288; x_wconf 89' lang='lat' dir='ltr'>precibus</span> <span class='ocrx_word' id='word_1_540' title='bbox 1290 4211 1347 4269; x_wconf 75' lang='grc' dir='ltr'>ὅτ</span> <span class='ocrx_word' id='word_1_541' title='bbox 1386 4207 1704 4288; x_wconf 89' lang='lat' dir='ltr'>gratiarum</span> <span class='ocrx_word' id='word_1_542' title='bbox 1744 4208 2080 4271; x_wconf 88' lang='lat' dir='ltr'>actionibus</span> <span class='ocrx_word' id='word_1_543' title='bbox 2124 4211 2419 4270; x_wconf 90' lang='lat' dir='ltr'>honorem</span> <span class='ocrx_word' id='word_1_544' title='bbox 2463 4211 2816 4286; x_wconf 87' lang='lat' dir='ltr'>habeamus,</span> <span class='ocrx_word' id='word_1_545' title='bbox 2860 4208 3119 4287; x_wconf 90' lang='lat' dir='ltr'>denique</span> <span class='ocrx_word' id='word_1_546' title='bbox 3158 4209 3238 4270; x_wconf 92' lang='lat' dir='ltr'>ad</span> 
     </span>
     <span class='ocr_line' id='line_1_49' title="bbox 320 4287 3232 4366; baseline 0.001 -20"><span class='ocrx_word' id='word_1_547' title='bbox 320 4290 438 4348; x_wconf 85' lang='lat' dir='ltr'>hoc</span> <span class='ocrx_word' id='word_1_548' title='bbox 479 4305 631 4365; x_wconf 88' lang='lat' dir='ltr'>opus</span> <span class='ocrx_word' id='word_1_549' title='bbox 669 4287 935 4366; x_wconf 90' lang='lat' dir='ltr'>religiose</span> <span class='ocrx_word' id='word_1_550' title='bbox 976 4289 1401 4351; x_wconf 90' lang='lat' dir='ltr'>conueniamus</span> <span class='ocrx_word' id='word_1_551' title='bbox 1441 4291 1592 4352; x_wconf 89' lang='lat' dir='ltr'>inter</span> <span class='ocrx_word' id='word_1_552' title='bbox 1630 4308 1773 4364; x_wconf 89' lang='lat' dir='ltr'>nos,</span> <span class='ocrx_word' id='word_1_553' title='bbox 1808 4289 2018 4350; x_wconf 83' lang='lat' dir='ltr'>facturi</span> <span class='ocrx_word' id='word_1_554' title='bbox 2057 4289 2452 4350; x_wconf 88' lang='lat' dir='ltr'>communiter</span> <span class='ocrx_word' id='word_1_555' title='bbox 2473 4307 2778 4350; x_wconf 88' lang='lat' dir='ltr'>seruorum</span> <span class='ocrx_word' id='word_1_556' title='bbox 2801 4289 2916 4350; x_wconf 92' lang='lat' dir='ltr'>Dei</span> <span class='ocrx_word' id='word_1_557' title='bbox 2938 4288 3232 4366; x_wconf 80' lang='lat' dir='ltr'>officium,</span> 
     </span>
    </p>
   </div>
   <div class='ocr_carea' id='block_1_3' title="bbox 320 4367 3236 4510">
    <p class='ocr_par' dir='ltr' id='par_1_5' title="bbox 320 4367 3236 4510">
     <span class='ocr_line' id='line_1_50' title="bbox 320 4367 3236 4510; baseline 0 -82"><span class='ocrx_word' id='word_1_558' title='bbox 320 4387 457 4430; x_wconf 86' lang='lat' dir='ltr'>cum</span> <span class='ocrx_word' id='word_1_559' title='bbox 499 4367 805 4433; x_wconf 87' lang='lat' dir='ltr'>audiemus</span> <span class='ocrx_word' id='word_1_560' title='bbox 846 4371 1125 4432; x_wconf 87' lang='lat' dir='ltr'>mandata</span> <span class='ocrx_word' id='word_1_561' title='bbox 1160 4389 1233 4432; x_wconf 89' lang='lat' dir='ltr'>ac</span> <span class='ocrx_word' id='word_1_562' title='bbox 1270 4369 1693 4449; x_wconf 88' lang='lat' dir='ltr'>promissiones</span> <span class='ocrx_word' id='word_1_563' title='bbox 1733 4369 1887 4450; x_wconf 77' lang='lat' dir='ltr'>eiuS,</span> <span class='ocrx_word' id='word_1_564' title='bbox 1926 4367 2178 4450; x_wconf 87' lang='lat' dir='ltr'>gratiam</span> <span class='ocrx_word' id='word_1_565' title='bbox 2219 4369 2666 4449; x_wconf 81' lang='lat' dir='ltr'>implorabimus</span> <span class='ocrx_word' id='word_1_566' title='bbox 2699 4368 2758 4432; x_wconf 91' lang='lat' dir='ltr'>in</span> <span class='ocrx_word' id='word_1_567' title='bbox 2777 4371 2954 4432; x_wconf 90' lang='lat' dir='ltr'>rebus</span> <span class='ocrx_word' id='word_1_568' title='bbox 2974 4368 3236 4510; x_wconf 55' lang='lat' dir='ltr'>adugrsis</span> 
     </span>
     <span class='ocr_line' id='line_1_51' title="bbox 3176 4469 3234 4510; baseline -0.034 0"><span class='ocrx_word' id='word_1_569' title='bbox 3176 4469 3234 4510; x_wconf 81' lang='lat' dir='ltr'>tn</span> 
     </span>
    </p>
   </div>
  </div>
 </body>
</html>
