3923 4875
1402 375 1875 422 rRANCIScl
1932 378 2175 431 JUNII
2236 376 2457 419 VITA.
3309 380 3377 435 17

477 550 736 630 vtroque·
763 538 1076 630 explicauit
1114 540 1170 599 &
1214 537 1480 599 ostendit
1518 540 1710 598 Deus:
1753 542 1789 597 a
1831 557 1926 597 me
1968 537 2274 599 scientiam
2313 537 2566 617 rustice,
2606 540 2686 598 ab
2708 537 2811 597 illo
2840 538 2948 598 zeli
2967 536 3193 597 semina
3214 554 3389 613 quae-

480 622 620 681 dam
658 618 803 679 mihi
840 620 1208 709 ingenerans.
1267 620 1360 678 Ita
1399 617 1609 678 mutati
1647 617 1710 677 in
1750 616 1960 708 melius
2001 620 2149 679 alter
2189 619 2265 678 ab
2306 620 2490 677 altero
2530 582 2729 693 aliquo
2774 627 2954 695 pacto
3000 617 3390 679 discessimus

478 700 605 761 Etsi
642 717 719 759 ne
759 718 832 758 eo
874 697 1110 788 quidem
1152 697 1283 775 ipso
1326 707 1597 776 tempore
1640 696 1702 757 in
1743 715 1839 757 me
1879 695 1966 757 sic
2005 697 2329 776 praeualuit
2368 698 2560 775 zelus,
2601 708 2666 756 vt
2704 699 2954 787 multum
2972 699 3264 774 proficere
3284 711 3386 758 aut

477 788 771 871 praestare
828 777 889 838 in
949 775 1248 869 religionis
1306 794 1486 837 causa
1539 778 1737 837 adhuc
1795 776 2146 854 cogitarem·
2208 779 2313 837 sed
2366 778 2645 837 haerebat
2682 786 2882 835 tamen
2924 774 2983 835 in
3026 783 3227 836 mente
3267 779 3384 838 fixa

481 857 760 919 mirabilis
798 855 999 917 rustici
1037 856 1194 917 illius
1233 856 1568 917 recordatio
1610 858 1665 915 &
1707 854 1832 917 visa
1875 856 2064 934 pietas
2105 856 2258 917 illius
2300 876 2395 917 me
2433 858 2511 917 ab
2547 855 2847 933 impietate
2888 854 2989 915 diu
3027 857 3235 917 hausta
3256 876 3383 934 per-

480 957 664 1029 saepe
695 938 1039 1014 reuocabat,
1083 937 1278 996 donec
1317 952 1556 997 reuerso
1595 936 1674 996 ad
1710 948 1983 1027 parentes
2022 935 2269 997 domum
2311 938 2471 997 Deus
2504 936 2883 1027 occasionem
2918 952 3138 995 nouam
3169 938 3232 1011 (f.
3262 941 3377 1014 ιο.)

477 1016 798 1079 obtulisset.
857 981 1215 1093 Lugdunum
1273 1032 1543 1077 reuersus
1602 1034 1677 1076 eo
1737 1014 1869 1093 ipso
1930 1016 2027 1078 die
2084 1036 2177 1107 res
2250 1034 2411 1077 meas
2471 1014 2697 1092 recipio
2750 1032 3130 1091 quascunque
3168 1034 3377 1077 manus

477 1102 670 1159 furum
707 1096 960 1174 integras
1001 1094 1146 1155 mihi
1181 1094 1560 1171 reliquerant:
1603 1098 1658 1155 δι
1697 1094 1958 1156 salutatis
2000 1095 2231 1187 amicis,
2263 1106 2401 1173 post
2438 1094 2667 1172 aliquot
2698 1095 3106 1155 hebdomadas
3119 1140 3139 1172 ,
3176 1098 3379 1156 rebus·

478 1196 594 1255 que
634 1175 965 1237 conuasatis
1005 1174 1246 1236 reuenio
1287 1177 1552 1236 domum.
1593 1177 1889 1235 Euenerat
1932 1186 2160 1253 autem,
2209 1177 2389 1252 idque
2432 1174 2676 1235 mirifica
2713 1173 2830 1235 Dei
2869 1174 3273 1265 prouidentia,
3312 1186 3379 1235 vt

478 1269 616 1318 ante
669 1274 897 1316 menses
944 1254 1169 1331 aliquot
1219 1265 1387 1332 pater
1447 1254 1608 1335 regia
1664 1254 2011 1316 auctoritate
2068 1258 2407 1333 compulsus
2468 1254 2697 1315 nobiles
2757 1254 3049 1331 quosdam
3106 1253 3266 1315 viros
3306 1274 3379 1315 ex

477 1334 840 1415 Burgundici
899 1338 1160 1395 Ducatus
1200 1354 1346 1413 agro
1386 1336 1845 1413 comprehensos
1880 1334 2173 1396 Lutetiam
2214 1335 2565 1396 deduceret.
2628 1353 2701 1394 ex
2741 1335 2953 1411 quibus
2966 1378 2983 1411 ,
3048 1346 3226 1425 prout
3264 1354 3383 1395 ser-

483 1436 692 1478 mones
755 1416 910 1475 vltro
983 1413 1250 1493 citroque
1321 1414 1382 1474 in
1440 1414 1814 1493 expeditione
1879 1414 1979 1475 illa
2040 1416 2409 1477 habebantur
2422 1458 2439 1492 ,
2502 1424 2667 1493 pater
2704 1423 3089 1506 cognouerat
3146 1412 3381 1474 illorum

483 1498 772 1571 ἀθεότητα
829 1494 1356 1572 deploratissimam
1373 1540 1390 1574 ,
1451 1495 1666 1571 quibus
1727 1494 2189 1555 adolescentiam
2250 1514 2444 1555 meam
2498 1492 2905 1555 commiserat:
2947 1511 3099 1570 quae
3138 1512 3231 1554 res
3268 1494 3383 1554 s'ol-

484 1575 708 1635 licitum
769 1592 906 1635 eum
963 1574 1256 1634 efficiebat
1313 1576 1370 1635 δι
1429 1576 1732 1636 cruciabat
1790 1574 2126 1651 plurimum.
2166 1576 2508 1635 Laborabat
2546 1573 2707 1635 enim
2746 1572 3001 1633 maxime
3041 1573 3117 1633 de
3156 1573 3387 1633 ratione

486 1662 674 1731 certa,
735 1670 852 1731 qua
910 1655 965 1714 &
1005 1672 1100 1713 me
1140 1673 1212 1714 ex
1269 1652 1575 1731 pestilente
1631 1653 1736 1714 illo
1787 1654 2089 1716 consortio
2129 1654 2377 1715 honeste
2416 1653 2729 1732 eximeret,
2790 1656 2845 1714 &
2885 1652 3147 1713 animum
3186 1669 3384 1713 meum

485 1738 522 1795 a
562 1733 864 1795 mortifero
905 1734 1141 1793 illorum
1180 1751 1439 1812 venen0,
1480 1734 1529 1793 si
1567 1733 1714 1810 quid
1754 1734 1904 1795 forte
1945 1733 2291 1794 infudissent
2328 1733 2415 1793 illi
2452 1698 2729 1793 artificio
2722 1751 2862 1805 suo,
2882 1732 3177 1793 liberaret.
3218 1732 3384 1793 Prius

485 1832 628 1893 ergo
665 1823 982 1905 postquam
1023 1813 1317 1874 Dominus
1352 1813 1763 1891 praestitisset,
1803 1819 2015 1891 meque
2054 1814 2381 1874 reduxisset
2420 1814 2697 1903 domum·
2730 1812 2910 1873 dabat
2928 1823 3093 1903 pater
3113 1831 3354 1890 operam
3368 1856 3386 1890 ,

486 1894 535 1953 si
593 1910 712 1971 qua
770 1892 996 1953 ratione
1035 1892 1292 1953 obtineri
1327 1903 1549 1973 posset,
1587 1903 1652 1954 vt
1689 1903 1818 1953 tum
1857 1904 2117 1955 mentem
2156 1912 2351 1954 meam
2392 1894 2453 1953 in
2491 1859 2725 1971 pietatis
2768 1893 2825 1951 δι
2864 1890 3162 1970 religionis
3202 1910 3386 1952 causa

484 1992 554 2033 ac
593 1991 830 2033 sensum
870 1983 1286 2065 cognosceret,
1327 1982 1453 2033 tum
1494 1982 1754 2052 curaret,
1791 1973 2001 2034 leniter
2039 1974 2095 2033 δι
2134 1973 2213 2033 im
2215 1972 2504 2051 prudente
2544 1992 2673 2051 me,
2706 1970 2899 2049 siquid
2929 1971 3209 2033 haesisset
3242 1972 3387 2031 mihi

487 2053 564 2113 de
621 2052 732 2114 ista
771 2054 868 2112 lue
909 2052 1420 2129 perniciosissima.
1481 2053 1773 2113 Visitabat
1811 2053 2029 2132 libros,
2070 1994 2263 2113 studipa
2301 2054 2802 2143 recognoscebat,
2842 2050 3147 2113 consortia
3187 2053 3387 2112 obser-

487 2136 692 2195 uabat:
754 2131 1006 2192 aliorum
1067 2150 1218 2209 quos
1286 2132 1429 2193 mihi
1480 2132 1795 2195 familiares
1848 2134 2095 2210 putabat
2152 2136 2310 2212 fore,
2351 2151 2598 2209 operam
2637 2131 2960 2192 adhibebat
2974 2174 2991 2209 ,
3030 2141 3094 2191 vt
3133 2133 3209 2191 de
3247 2150 3385 2192 meo
3422 2198 3433 2210 ⁸

487 2230 664 2273 sensu
701 2232 808 2291 per
843 2210 978 2273 illos
1019 2214 1182 2272 fieret
1219 2212 1464 2291 certior,
1506 2214 1645 2273 ciam
1684 2212 2025 2290 praesertim
2064 2222 2330 2273 cerneret
2368 2231 2465 2272 me
2505 2210 2707 2272 natiuo
2748 2210 2850 2271 illo
2872 2213 3102 2288 pudore
3121 2211 3385 2289 detineri,

488 2312 565 2353 ne
604 2292 748 2369 quid
785 2301 1094 2383 praesente
1133 2302 1235 2351 aut
1270 2291 1542 2353 audiente
1581 2292 1714 2370 ipso
1753 2292 1993 2353 liberius
2030 2292 2309 2353 dicerem.
2350 2292 2620 2352 Tandem
2662 2296 2734 2352 ee
2774 2290 3033 2370 deuenit,
3071 2302 3135 2351 vt
3172 2310 3269 2350 me
3309 2293 3385 2350 ad

489 2372 813 2463 παρῥησίιν
872 2370 1130 2448 aliquam
1192 2382 1547 2450 prouocaret
1602 2374 1775 2433 vitre.
1835 2372 2111 2433 Ducebat
2163 2392 2259 2433 me
2298 2372 2415 2432 iam
2456 2390 2529 2432 ea
2574 2380 2765 2431 aetate
2804 2390 2933 2431 esse
2947 2414 2965 2450 ,
3003 2388 3123 2448 qua
3159 2370 3234 2429 de
3272 2369 3388 2430 isto

488 2455 720 2530 pudore
777 2452 1070 2513 inurbano
1132 2451 1330 2513 decidi
1389 2451 1612 2530 aliquid
1675 2463 1994 2532 oporteret.
2060 2452 2109 2514 si
2166 2453 2269 2530 qui
2304 2453 2365 2513 in
2408 2471 2611 2513 mensa
2648 2469 2951 2512 sermones
2988 2452 3388 2529 habebantur,

489 2541 723 2610 tempus
763 2547 890 2592 esse
929 2540 994 2591 vt
1037 2531 1328 2592 interdum
1367 2531 1589 2625 aliquid
1629 2533 1707 2593 de
1745 2533 1890 2593 meis
1929 2531 2136 2593 studiis
2168 2534 2223 2592 &
2244 2531 2755 2593 obseruationibus
2776 2531 3043 2591 modeste
3062 2531 3389 2590 conferrem

491 2611 552 2671 in
617 2610 914 2690 medium,
973 2629 1167 2687 neque
1228 2612 1305 2671 ad
1365 2610 1568 2673 omnia
1629 2615 2121 2673 obmutescerem·
2182 2612 2233 2673 si
2270 2614 2468 2674 fecero
2483 2657 2501 2690 ,
2542 2609 2655 2703 ipsi
2695 2613 2750 2670 &
2789 2610 2916 2670 aliis
2950 2611 3025 2670 de
3064 2610 3390 2670 studiorum

495 2709 767 2753 meorum
829 2693 1100 2782 profectu
1165 2691 1586 2784 constiturum,
1643 2694 1699 2752 &
1761 2712 1856 2754 me
1919 2692 2192 2753 habitum
2254 2693 2561 2753 meliorem
2618 2690 2681 2750 in
2718 2690 2843 2750 dies
2882 2689 3027 2750 mihi
3065 2691 3142 2750 ad
3175 2689 3389 2749 iustum

491 2769 728 2832 illorum
787 2770 1118 2831 studiorum
1180 2788 1350 2831 vsum
1409 2771 1788 2850 actionesque
1804 2816 1821 2851 ,
1877 2771 1937 2832 in
1992 2772 2206 2848 quibus
2259 2774 2386 2832 laus
2426 2771 2653 2832 virtutis
2693 2769 2988 2845 consistit,
3027 2779 3392 2847 paraturum.

495 2851 735 2912 Crebris
794 2852 850 2910 δι
914 2849 1328 2912 amantissimis
1371 2851 1608 2912 monitis
1646 2852 1936 2912 adductus
1976 2851 2324 2912 confirmaui
2362 2852 2487 2930 ipse
2526 2869 2649 2923 me,
2689 2859 2753 2910 vt
2792 2848 3085 2910 interdum
3127 2866 3391 2908 mensam

491 2939 794 3008 paternam
852 2949 1128 2992 sermone
1168 2929 1396 3022 alique,
1437 2932 1543 2992 sed
1599 2930 1866 3010 paucissi
1869 2950 1956 2992 no
1969 2977 1987 3010 ,
2040 2950 2435 3024 aspergerem3
2491 2929 2667 2991 Breui
2714 2939 3058 3020 assequutus
3100 2938 3189 2990 est
3229 2928 3394 3004 quod

492 3011 729 3071 volebat
789 3021 980 3089 pater.
1041 3028 1165 3070 non
1225 3010 1385 3070 enim
1437 3010 1540 3072 diu
1598 3011 1861 3072 continui
1923 3031 2052 3084 me,
2092 3010 2237 3088 quin
2276 3011 2473 3089 specie
2512 3009 2702 3071 inanis
2735 3007 3012 3070 scientiae
3050 3026 3389 3068 sermonem

491 3088 746 3166 aliquem
804 3092 882 3151 de
921 3089 1308 3151 foetidissima
1346 3090 1446 3151 illa
1477 3093 1794 3167 ἀθεότητος
1834 3093 1997 3152 faece
2036 3109 2399 3152 euomerem.
2457 3090 2580 3151 Hic
2622 3092 2799 3168 vere,
2838 3090 2999 3149 Deus
3038 3089 3200 3147 bone
3216 3133 3233 3162 ,
3274 3104 3391 3165 qua

489 3169 703 3248 gratia,
744 3187 861 3248 qua
899 3169 1248 3230 auctoritate
1285 3169 1788 3231 inconsideratum
1827 3187 2028 3231 meum
2066 3189 2402 3232 sermonem
2421 3168 2698 3249 repressit
2714 3178 2913 3247 pater,
2932 3187 3055 3227 non
3077 3167 3393 3246 obiurgans

493 3258 594 3309 aut
627 3249 914 3310 inuehens
950 3249 1012 3309 in
1050 3268 1176 3328 me,
1214 3268 1336 3310 non
1382 3249 1458 3310 de
1496 3269 1562 3310 re
1599 3249 1934 3331 disputans3
1976 3251 2081 3312 sed
2120 3244 2249 3342 pie,
2294 3254 2528 3328 sancte,
2567 3250 2779 3329 docte,
2817 3213 3139 3326 leniterque
3168 3246 3391 3308 docens

493 3331 560 3387 τὸ
619 3330 856 3402 ἐπέχειν
913 3328 974 3388 1ιι
1023 3329 1094 3389 iis
1153 3331 1329 3390 rebus
1367 3347 1522 3408 quae
1565 3331 1843 3391 nondum
1883 3297 2022 3392 satis
2063 3329 2207 3391 mihi
2245 3331 2520 3409 cognitae
2560 3338 2661 3389 aut
2698 3295 3035 3420 exploratae
3074 3337 3297 3405 essent,
3338 3327 3393 3384 δι

493 3409 809 3469 doctorum
868 3408 1174 3469 hominum
1212 3408 1430 3470 iudicia
1467 3413 1605 3470 ante
1644 3410 1941 3471 audienda
1982 3414 2163 3487 quam
2203 3411 2569 3488 prodendam
2610 3411 2833 3469 temere
2872 3406 3272 3485 inscientiam3
3312 3404 3395 3464 ita

500 3506 598 3548 me
656 3487 911 3566 grauiter
971 3489 1382 3580 compressit,
1407 3499 1472 3549 vt
1530 3509 1603 3549 ex
1661 3509 1734 3551 eo
1789 3501 2063 3569 tempore
2114 3491 2311 3569 legem
2364 3492 2579 3566 ἐποχῆς
2630 3487 2775 3548 mihi
2813 3491 2997 3548 ferme
3037 3505 3275 3564 semper
3309 3483 3393 3544 in·

495 3567 742 3628 dixerim
783 3569 1153 3629 sermonibus
1191 3533 1479 3646 iudiciisq.
1521 3570 1830 3649 omnibus,
1859 3569 2055 3632 donec
2075 3589 2201 3630 rem
2223 3571 2637 3649 cognouissem
2658 3567 2907 3646 penitus.
2928 3567 3395 3628 Demosthenem

495 3657 767 3738 narrant,
827 3663 1011 3726 quum
1069 3649 1416 3709 adolescens
1474 3648 1718 3726 quidam
1775 3650 1927 3709 inter
1986 3651 2202 3728 pocula
2260 3660 2577 3740 nugaretur
2618 3647 2815 3708 multis
2855 3647 2911 3706 δι
2950 3659 3145 3707 tacere
3182 3646 3397 3723 nollet,

491 3725 706 3788 dixisse
743 3728 1200 3806 percommode,
1241 3731 1410 3789 Heus
1451 3737 1515 3789 tu
1551 3729 1929 3808 adolescens,
1970 3730 2278 3807 quomodo
2319 3748 2443 3791 non
2484 3726 2741 3789 didicisti
2778 3727 2856 3787 ab
2894 3745 2969 3787 eo
2986 3737 3203 3804 tacere,
3222 3727 3259 3782 a
3275 3739 3397 3801 quo

495 3804 752 3867 didicisti
809 3804 1006 3884 loqui?
1047 3810 1377 3885 Vtrumque
1417 3827 1514 3869 me
1553 3808 1775 3900 optime
1812 3809 1932 3869 hoc
1972 3820 2151 3887 pacto
2193 3810 2453 3870 docebat
2490 3817 2675 3886 pater.
2715 3807 2837 3867 Sed
2874 3805 2991 3866 iam
3032 3809 3179 3866 alter
3218 3803 3301 3863 illi
3341 3803 3396 3860 δι

494 3885 731 3963 grauior
788 3889 1046 3948 restabat
1101 3888 1304 3966 labor,
1345 3898 1409 3948 vt
1435 3887 1855 3979 grauissimum
1895 3889 2053 3950 istud
2094 3899 2381 3951 retectum
2423 3889 2483 3949 in
2524 3907 2622 3949 me
2660 3889 2715 3946 δι
2756 3896 3144 3976 compertum
3170 3891 3402 3943 curaret

497 3967 734 4026 malum.
795 3967 892 4027 De
951 3966 1257 4027 curatione
1287 3933 1674 4045 cogitantem
1736 3967 2212 4048 diligentissime,
2273 3969 2434 4029 aliud
2492 3977 2705 4044 agente
2762 3984 2893 4036 me,
2951 3962 3173 4025 leuauit
3210 3961 3397 4022 modo

495 4045 960 4113 extraordinario
1000 4047 1182 4108 Deus.
1230 4048 1386 4106 Nam
1424 4049 1563 4107 cum
1603 4048 1817 4108 eodem
1857 4067 2016 4109 anno
2056 4015 2330 4127 publicae
2368 4047 2691 4109 conciones
2730 4045 2933 4105 haberi
2974 4042 3307 4134 coepissent
3337 4040 3399 4100 in

496 4123 720 4200 Gallia,
779 4123 996 4186 accidit
1052 4135 1117 4186 vt
1175 4143 1422 4204 magnus
1481 4125 1580 4186 ille
1635 4127 2088 4190 Iurisconsultus
2128 4130 2383 4190 Iacobus
2423 4124 2700 4187 Cuiacius
2740 4125 2841 4200 (ad
2880 4124 3046 4184 cuius
3083 4120 3401 4183 lectionem

495 4203 851 4265 audiendam
900 4206 980 4268 de
1031 4223 1198 4267 more
1243 4208 1720 4284 properaueram)
1759 4207 1858 4268 die
1896 4208 2160 4299 quodam
2199 4205 2577 4286 praepeditus
2614 4204 2793 4264 certis
2833 4201 3323 4282 occupationibus
3362 4203 3400 4258 a

494 4281 750 4345 lectione
797 4274 1094 4347 ordinaria
1141 4285 1475 4347 abstineret.
1525 4287 1668 4348 Erat
1705 4298 1904 4348 autem
1940 4286 2088 4348 mihi
2127 4291 2161 4349 e
2204 4287 2421 4348 scholis
2459 4284 2732 4346 redeunti
2770 4284 3016 4345 domum
3068 4281 3401 4343 faciendum

493 4361 604 4424 iter
639 4364 718 4426 ad
757 4365 934 4427 aedes
970 4366 1099 4426 illas
1141 4364 1204 4425 in
1230 4365 1442 4442 quibus
1481 4377 1606 4428 erat
1637 4367 1956 4444 plurimum
1976 4366 2219 4428 concio:
2258 4367 2553 4448 ingressus
2574 4365 2965 4440 concionem,
3008 4357 3403 4498 perfunctgrie

1961 4463 1997 4520 3
3196 4455 3271 4498 au
3316 4455 3374 4497 10
3387 4479 3405 4513 ,
