3923 4875
611 301 721 360 170
1530 299 1859 342 ‘raussss
1916 295 2574 342 THEOLOGICAE.

604 469 965 520 seruatorem
1006 473 1177 518 suum
1216 466 1526 547 agnoscat,
1567 459 1713 516 Luc.
1762 477 1811 517 1.
1853 475 1947 534 47.
1993 477 2066 518 ex
2102 460 2233 550 lege
2271 455 2694 536 purificationis
2739 471 2878 515 suae
2917 455 3042 515 dies
3071 453 3340 536 impleat,
3369 461 3518 521 Luc.

554 554 559 565 ’
608 559 662 600 2.
707 559 800 599 22.
861 537 1166 598 Peccatrix
1204 535 1381 614 ig1tur
1419 536 1525 597 fuit
1564 539 1620 596 &
1660 536 1789 615 ipsa
1827 536 1891 598 in
1923 537 2194 616 originali
2227 547 2516 614 concepta
2536 545 2816 614 peccate,
2839 534 2946 595 etsi
2966 534 3292 614 insignibus
3313 539 3517 617 doniS,

600 622 656 680 δι
696 635 873 696 supra
912 637 1153 697 omneS,
1191 625 1487 694 quotquot
1526 633 1789 692 vnquam
1830 620 2067 679 fuerunt
2126 618 2582 698 κεχαριτωμένη,
2614 626 2679 676 vt
2707 614 2952 676 Domini
2989 616 3105 694 sui,
3126 615 3247 676 imo
3269 619 3514 680 Domini

600 701 870 760 omnium
910 710 1099 759 mater
1141 705 1321 776 esset,
1364 700 1419 757 δι
1458 716 1730 774 organon
1772 697 2020 776 Spiritus
2061 663 2263 758 Sancti
2303 696 2765 757 selectissirnum.

687 801 711 838 1
724 800 777 841 2.
860 777 1147 856 Quamuis
1207 789 1405 838 autem
1464 796 1674 838 omnes
1728 779 1829 856 qui
1882 799 1956 838 ex
2011 780 2248 840 Adamo
2290 775 2584 837 ordinarie
2623 785 3027 855 propagantur
3040 820 3057 855 ,
3098 793 3236 837 cum
3277 779 3513 841 vinculo

599 860 827 937 peccati
887 858 1182 938 originalis
1244 859 1299 916 &
1354 859 1559 918 mortis
1614 867 1953 938 nascantur3
1996 875 2284 937 negamus
2323 866 2522 916 tamen
2565 856 2815 917 infantes
2855 866 3123 916 recenter
3165 869 3338 920 natos
3378 871 3514 920 ante

600 951 909 1000 externum
969 939 1327 1017 baptismum
1386 938 1589 1016 spiritu
1648 937 1961 1000 immundo
2023 937 2300 1017 detineri,
2356 939 2494 997 cum
2543 937 2796 997 infantes
2837 937 3100 997 fidelium
3137 955 3245 999 suo
3287 941 3515 1000 foederi

597 1022 762 1083 Deus
800 1029 1137 1098 accenseat,
1187 1019 1333 1078 Gen.
1380 1037 1470 1094 17.
1516 1036 1567 1095 7.
1610 1019 1761 1079 filios
1800 1037 1939 1080 suos
1980 1021 2263 1098 appellet,
2305 1017 2519 1076 Ezech.
2570 1019 2658 1076 16.
2699 1037 2793 1076 21.
2830 1021 2884 1076 ὅτ
2921 1018 3243 1094 Apostolus
3275 1031 3514 1081 sanctos

596 1101 780 1181 dicat,
830 1122 880 1162 t.
928 1102 1065 1163 Gor.
1110 1118 1163 1175 7.
1213 1117 1301 1171 14.
1343 1099 1519 1158 Nulla
1559 1098 1734 1176 igitur
1774 1118 1982 1160 caussa
2021 1110 2112 1161 est
2152 1116 2260 1159 cur
2297 1095 2640 1158 exorcismis
2677 1099 2715 1156 e
2735 1096 2979 1158 Diaboli
2999 1107 3291 1175 potestate
3311 1117 3514 1160 eruan-

596 1189 721 1260 tur,
762 1198 1016 1260 quorum
1055 1195 1305 1258 regnum
1344 1179 1649 1240 coelorum
1688 1198 1817 1240 esse
1857 1180 2209 1258 pronunciat
2248 1176 2541 1256 Christus,
2582 1179 2806 1238 Matth.
2855 1195 2947 1255 19.
2995 1197 3084 1254 13.

1326 1619 1489 1678 XXI.
1569 1621 1703 1678 DE
1768 1617 2166 1679 LIBERO
2228 1619 2782 1683 ARBITRIO.

1833 1798 2168 1856 Tunsrs
2228 1799 2276 1858 Ι.

683 1993 735 2035 1.
814 1976 1051 2036 AoTer
1108 1975 1185 2036 de
1224 1972 1444 2035 Libero
1484 1973 1781 2048 Arbitrio,
1826 1975 1948 2034 duo
1989 1973 2050 2034 in
2089 1995 2164 2036 eo
2205 1973 2382 2036 nobis
2422 1987 2746 2038 occurrunt
2785 1976 3204 2038 examinanda:
3246 1976 3507 2038 Primum

595 2072 803 2114 voces:
842 2055 1078 2118 Deinde
1114 2055 1243 2135 ipsa
1280 2053 1364 2114 rei
1406 2054 1677 2117 essentia.
1718 2049 2048 2132 Quo‘modo
2089 2066 2288 2116 autem
2327 2075 2510 2116 voces
2539 2067 2665 2118 tum
2685 2058 2846 2136 apud
2868 2059 3135 2118 Graecos
3149 2103 3167 2136 ,
3203 2068 3327 2119 tum
3349 2058 3510 2138 apud

596 2134 842 2195 Latinos
894 2136 1255 2215 accipiantur
1294 2134 1412 2196 iam
1452 2134 1777 2196 videamus,
1840 2135 2086 2196 Graecis
2125 2137 2378 2198 liberum
2417 2135 2721 2198 arbitrium
2763 2140 2827 2214 (f.
2875 2142 3070 2217 1649.)
3115 2139 3372 2199 Hieron.
3411 2139 3508 2197 lib.

598 2235 655 2292 3.
690 2217 828 2276 dial.
864 2220 1221 2282 αὐτεξουσία
1240 2215 1469 2294 dicitur,
1500 2217 1593 2276 vel
1614 2227 1677 2276 vt
1694 2215 1856 2294 apud
1874 2216 2304 2294 Phanorinum,
2335 2219 2402 2278 τὸ
2426 2217 2828 2295 αὐτεξούσιον,
2853 2226 2949 2280 καὶ
2977 2219 3513 2295 ῆαῦτεξουσιότης,

597 2311 778 2372 quam
817 2296 1019 2357 definit
1060 2302 1247 2371 ψυχῆς
1287 2303 1486 2374 νοερᾶς
1526 2295 1820 2355 ἀκώλυτον
1852 2297 1994 2377 πρὸς
2015 2299 2223 2376 ἀρετήν
2253 2299 2290 2371 ἢ
2324 2303 2531 2355 κακίαν
2563 2305 2669 2357 τοῦ
2700 2300 3125 2374 ἐπιθυμητικοῦ
3150 2300 3306 2372 ἡμῶν
3337 2301 3516 2375 ῥοπήν

600 2373 803 2457 regnat
848 2383 1094 2453 κίνησιν.
1131 2379 1214 2434 At
1253 2379 1391 2435 cum
1432 2377 1577 2435 illud
1618 2377 2000 2441 αῧτεξούσιον
2039 2378 2200 2436 idem
2243 2376 2318 2436 sit
2359 2377 2526 2455 quod
2565 2377 3031 2455 αὗτοδὲσποτον,
3074 2381 3130 2436 &
3179 2389 3514 2455 creaturae,

598 2473 751 2531 quae
803 2457 939 2517 Deo
979 2455 1100 2532 (cui
1147 2455 1385 2534 proprie
1420 2455 1691 2515 tribuitur
1707 2500 1724 2533 ,
1768 2466 1975 2531 vtpote
2013 2456 2102 2517 sui
2143 2456 2305 2533 iuris)
2344 2455 2591 2517 omnino
2635 2456 2980 2524 ὖπεξούσιος
3020 2466 3141 2536 est,
3185 2476 3308 2517 non
3353 2474 3514 2516 com-

597 2545 785 2615 petat3
826 2536 1023 2615 potius
1063 2534 1120 2595 ei
1158 2552 1294 2596 cum
1334 2556 1501 2598 sacra
1538 2534 1840 2612 Scriptura
1879 2536 1944 2593 τὸ
1987 2538 2260 2596 ἑκούσιον
2293 2536 2357 2596 in
2390 2538 2511 2598 hoc
2528 2548 2877 2614 argumento
2899 2536 3222 2597 conuenire
3247 2536 3512 2597 dicimus

612 2616 834 2676 Latinis
870 2620 1050 2695 porro
1093 2626 1183 2675 est
1218 2616 1471 2677 liberum
1504 2614 1809 2675 arbitrium
1824 2616 1851 2693 ,'
1876 2615 2058 2692 idque
2076 2619 2114 2675 a
2133 2617 2382 2707 duplicis
2405 2615 2654 2677 subiecti
2672 2616 2948 2675 facultate
2968 2618 3086 2676 huc
3107 2626 3515 2677 concurrente.

682 2717 736 2757 2.
818 2697 1147 2756 Arbitrium
1186 2697 1405 2757 etenim
1444 2697 1545 2773 (ab
1588 2694 1931 2757 arbitrando
1973 2698 2069 2756 vel
2106 2697 2329 2758 arb1tro
2370 2692 2620 2772 dictum)
2649 2705 2922 2772 respectu
2955 2714 3179 2776 rerum,
3215 2715 3368 2775 quae
3388 2707 3516 2756 tum

600 2776 661 2835 in
702 2775 1191 2837 deliberationem
1231 2777 1481 2856 cadunt,
1519 2776 1597 2835 ad
1638 2776 2001 2835 intellectum
2043 2776 2290 2836 refertur
2304 2822 2322 2856 ,
2365 2787 2490 2837 tum
2529 2793 2684 2853 quae
2728 2776 2950 2835 cadunt
2987 2776 3049 2837 in
3068 2778 3422 2837 electionem
3443 2796 3516 2837 ex

600 2856 1051 2934 deliberatione,
1112 2858 1361 2918 refertur
1408 2858 1487 2916 ad
1533 2857 1927 2916 voluntatem:
1971 2855 2074 2916 illo
2113 2857 2297 2917 modo
2337 2876 2430 2919 res
2469 2854 2861 2934 intelligibiles
2904 2855 3187 2917 discernit
3200 2902 3218 2933 ,
3257 2861 3313 2917 δι
3353 2875 3514 2935 prae-

600 2935 883 2997 existente
924 2934 1350 2997 deliberatione
1390 2956 1469 2997 au
1506 2956 1681 2997 verae
1696 2982 1713 3015 ,
1754 2954 1831 2996 an
1870 2937 2052 2996 falsae
2090 2935 2234 3014 sint,
2271 2936 2586 3013 dijudicat:
2623 2938 2743 2995 hoc
2762 2938 2906 2995 vero
2927 2935 3211 2997 discretas
3232 2940 3287 2997 δι
3309 2936 3516 3012 dijudi-

602 3026 761 3077 catas
799 3017 1029 3095 sibique
1068 3016 1333 3079 obiectas
1374 3026 1475 3077 aut
1514 3015 1889 3094 prosequitur
1928 3016 2157 3077 ratione
2195 3016 2370 3096 boni,
2412 3027 2515 3078 aut
2554 3016 2703 3095 fugit
2743 3016 2969 3077 ratione
3007 3016 3175 3097 mali,
3217 3027 3319 3077 aut
3351 3016 3518 3076 dubi-

598 3096 783 3156 tando
837 3096 1131 3157 actionem
1180 3096 1504 3177 suspendit.
1565 3098 1685 3157 Sed
1736 3098 1873 3155 cum
1923 3097 2197 3157 voluntas
2251 3098 2474 3175 duplici
2520 3095 2944 3175 significatione
2986 3098 3148 3176 apud
3192 3096 3518 3175 Scriptores

602 3176 945 3254 reperiatur,
1014 3177 1107 3236 vel
1166 3198 1279 3255 pro
1338 3176 1570 3238 animae
1610 3178 1885 3237 facultate
1941 3194 2061 3252 qua
2100 3179 2374 3238 volumus
2415 3195 2568 3257 quae
2607 3179 2882 3237 volumus
2896 3220 2914 3255 ,
2955 3180 3012 3237 &
3051 3179 3326 3238 nolumus
3367 3194 3521 3254 quae

602 3256 906 3335 nolumus,
966 3272 1146 3333 quam
1186 3260 1471 3333 βούλησιν
1510 3266 1759 3335 vocant3
1798 3259 1896 3316 vel
1936 3275 2048 3333 pro
2087 3256 2216 3333 ipsa
2254 3259 2573 3318 voluntatis
2613 3274 2718 3317 seu
2756 3256 3046 3317 facultatis
3089 3257 3358 3336 actione,
3399 3274 3522 3333 qua

600 3354 729 3395 sese
757 3336 942 3396 exerit
975 3336 1095 3395 hoc
1130 3339 1223 3397 vel
1250 3338 1395 3397 illud
1424 3337 1841 3414 prosequendo
1872 3346 2155 3415 tanquam
2173 3337 2288 3398 sibi
2305 3338 2614 3416 placitum,
2645 3340 2700 3396 δι
2719 3340 2957 3417 contra,
2991 3355 3146 3415 quae
3165 3342 3512 3417 προαιρεσις

604 3414 845 3556 ᾱῖἓίτμῐς
903 3416 1031 3556 ipsa
1090 3418 1333 3477 facultas
1393 3417 1707 3495 praecipue
1752 3416 1853 3475 hic
1891 3420 1928 3475 a
1966 3415 2140 3477 nobis
2181 3417 2591 3479 consideratur
2606 3461 2623 3494 ,
2664 3434 2818 3494 quae
2860 3417 3138 3478 Ciceroni
3177 3416 3518 3477 Voluntatis

603 3517 643 3574 p
702 3506 886 3557 cltum
970 3494 1158 3557 icitur.

682 3596 738 3654 3.
819 3578 1099 3637 Liberum
1158 3580 1303 3637 vero
1352 3576 1574 3653 aliquid
1614 3577 1673 3637 in
1714 3578 1773 3636 S.
1815 3575 2117 3657 Scriptura
2155 3578 2468 3655 dupliciter
2510 3575 2756 3639 dicitur:
2799 3578 2984 3638 modo
3024 3576 3183 3639 enim
3225 3575 3516 3655 seruituti,

600 3658 788 3719 modo
841 3655 1139 3718 coactioni
1188 3656 1525 3735 opponitur.
1590 3656 1777 3717 Priori
1831 3658 2019 3718 modo
2074 3661 2346 3719 voluntas
2398 3656 2655 3719 hominis
2705 3657 2916 3716 natura
2957 3656 3220 3735 corrupti
3259 3674 3384 3716 non
3428 3667 3519 3715 est

599 3738 817 3817 libera,
855 3740 995 3798 curn
1034 3754 1205 3798 serua
1244 3737 1319 3798 sit
1358 3735 1603 3815 peccati.
1644 3739 1818 3797 Ioan.
1858 3741 1914 3796 8.
1954 3756 2052 3813 34.
2098 3736 2415 3799 Posteriori
2453 3750 2653 3799 tamen
2693 3737 2847 3798 adeo
2882 3737 3068 3799 libera
3103 3748 3192 3797 est
3210 3739 3482 3797 voluntas
3501 3780 3519 3814 ,

604 3826 667 3876 vt
704 3837 828 3879 non
866 3817 1053 3897 possit
1088 3836 1212 3878 non
1248 3817 1434 3879 libere
1474 3820 1657 3896 velle,
1697 3836 1807 3878 nec
1848 3818 2042 3877 futura
2080 3828 2234 3878 esset
2274 3822 2574 3898 voluntaS,
2615 3817 2727 3878 nisi
2767 3816 2844 3878 sit
2886 3817 3070 3878 libera
3111 3820 3166 3877 δι
3188 3826 3514 3895 spontanea

603 3897 781 3959 etiam
843 3916 983 3958 cum
1042 3898 1372 3959 necessario
1432 3901 1525 3959 vel
1583 3898 1699 3958 Dei
1756 3896 2164 3976 prouidentiae
2225 3898 2497 3979 inseruit,
2557 3900 2652 3958 vel
2703 3896 2830 3975 ipsa
2869 3908 3115 3974 peccata
3156 3897 3336 3975 parit,
3375 3898 3516 3955 cum

600 3978 853 4039 liberum
912 3980 969 4038 δι
1029 3990 1421 4058 spontaneum
1482 3998 1607 4039 non
1648 3988 2026 4057 opponantur
2067 3978 2428 4059 necessitati,
2470 3980 2579 4040 sed
2620 3976 2941 4049 coactioni,
2985 3979 3143 4038 adeo
3183 3988 3248 4037 vt
3287 3976 3417 4053 quis
3459 3978 3516 4036 δι

601 4056 783 4117 libere
843 4059 899 4117 &
958 4058 1289 4121 necessario
1350 4058 1494 4137 quid
1553 4078 1727 4137 agere
1776 4058 1990 4137 possit,
2045 4058 2154 4119 etsi
2191 4077 2315 4118 non
2358 4063 2586 4121 coacte.
2647 4058 2927 4119 Liberum
2971 4056 3170 4133 itaque
3209 4056 3517 4117 arbitrium

602 4135 851 4197 dicimus
912 4148 1201 4215 quatenus
1260 4139 1552 4200 voluntati
1592 4158 1692 4201 ex.
1707 4137 1927 4199 iudicio
1970 4137 2212 4198 rationis
2252 4140 2453 4217 agenti
2495 4141 2758 4201 delectus
2805 4136 3018 4213 aliquis
3059 4138 3134 4197 sit
3175 4136 3517 4215 adiunctus3

601 4236 727 4277 non
784 4217 959 4296 igitur
1016 4229 1135 4299 est,
1177 4230 1279 4280 aut
1320 4220 1499 4280 solius
1538 4217 1777 4298 mentis»,
1820 4222 1957 4279 cum
1997 4218 2096 4279 illa
2136 4223 2312 4297 saepe
2354 4219 2574 4280 iudicet
2614 4222 2670 4279 δε
2711 4226 2991 4297 operetur
3029 4217 3157 4278 sine
3198 4214 3518 4277 voluntatis

602 4315 925 4377 consensu,
985 4308 1087 4357 aut
1148 4299 1327 4359 solius
1385 4298 1730 4377 voluntatiS,
1790 4302 1926 4359 cum
1988 4318 2164 4377 saepe
2226 4299 2355 4361 sine
2410 4298 2646 4378 praeuia
2697 4308 2898 4359 mente
2938 4297 3160 4375 aliquid
3203 4296 3382 4374 eligat
3419 4296 3517 4356 vel

3197 4378 3512 4454 vituperet:
