3923 4875
579 307 653 382 36
1554 315 1989 360 rRANcmcr
2047 314 2262 370 suun
2319 312 2524 358 vlrs.

584 495 681 536 me
720 473 1043 535 continere.
1083 475 1142 533 N
1143 491 1176 532 e
1210 483 1408 536 tamen
1441 475 1641 537 officio
1662 476 1956 556 deessem,
1989 475 2201 538 vocaui
2220 475 2297 536 ad
2318 492 2444 550 me,
2477 491 2588 552 pro
2609 469 2998 532 familiaritate
3015 479 3216 532 nostra
3229 517 3248 550 ,
3275 473 3351 532 D.
3371 473 3496 532 Lu-

584 574 718 616 cam
747 551 1109 614 Trelcatium
1122 596 1135 621 ,
1178 571 1251 612 ac
1290 554 1527 636 rogaui,
1567 566 1631 617 vt
1670 575 1780 634 pro
1820 575 1926 617 sua
1971 557 2301 618 constantia
2339 573 2410 614 ac
2428 550 2871 628 beneuolentia,
2891 570 3052 612 meas
3071 552 3232 630 apud
3247 553 3490 613 affinem

476 689 492 698 ,
579 632 837 714 grauiter
875 643 1280 710 aegrotantem
1316 647 1513 713 partes
1552 636 1802 714 subiret,
1843 639 1897 696 ὅτ
1936 638 2205 697 vltimum
2242 635 2389 696 illud
2414 634 2543 694 viro
2563 631 2777 694 eximio
2795 629 3138 708 optimeque
3157 631 3234 691 de
3253 631 3486 692 Gallica

582 713 850 774 Ecclesia
890 711 1103 774 merito
1140 726 1465 790 praestaret
1506 715 1787 776 officium.
1847 718 1990 777 Non
2026 726 2300 794 grauatus
2338 714 2568 791 annuit,
2605 714 2661 772 δι
2699 714 2855 772 vltro
2893 729 3076 788 quoq.
3117 729 3191 772 eo
3229 729 3486 788 propen-

582 795 727 855 dens
790 793 963 872 adiit,
1025 792 1130 853 sed
1170 795 1407 870 (partim
1421 841 1440 874 ,
1494 795 1659 873 quod
1697 814 1875 874 aeger
1914 796 2124 873 quietis
2161 813 2365 855 amans
2403 791 2792 854 consolatoris
2835 790 3024 850 fidelis
3063 810 3135 850 ac
3169 789 3250 869 pij
3289 791 3492 852 adhuc

580 873 903 951 praesentis
940 871 1310 934 sermonibus
1348 875 1731 951 detineretur,
1780 875 1994 952 partim
2033 876 2198 952 quod
2238 878 2294 936 &
2329 874 2426 934 ille
2466 876 2522 934 &
2562 870 2818 932 coniunx
2857 871 2978 930 hoc
3014 869 3221 931 sedulo
3259 889 3494 948 semper

584 963 863 1014 curarunt
924 971 999 1012 ne
1059 970 1185 1014 non
1240 955 1565 1015 necessaria
1616 954 1947 1015 visitatione
1997 954 2275 1032 contagio
2315 962 2578 1031 serperet
2614 952 2815 1030 latiuS,
2852 950 3194 1028 praesertim
3231 949 3294 1009 in
3333 951 3496 1010 uiros

584 1031 885 1094 Ecclesiae
946 1031 1097 1092 adeo
1158 1033 1543 1112 necessarios)
1602 1035 1860 1095 monitus
1902 1046 1992 1108 est
2031 1053 2155 1094 non
2193 1052 2320 1094 esse
2360 1045 2782 1111 opportunum.
2841 1032 2985 1090 Hoc
3021 1030 3242 1090 nuncio
3280 1029 3358 1090 ad
3395 1048 3496 1090 me

580 1115 838 1192 perlato,
898 1110 1077 1188 officij
1138 1109 1500 1175 conscientia
1561 1118 1616 1175 &
1673 1133 1876 1176 amore
1934 1133 2244 1192 accensus,
2294 1113 2472 1172 malui
2529 1131 2624 1172 me
2665 1109 2812 1171 caeli
2845 1111 3211 1171 inclementis
3247 1127 3320 1170 ac
3360 1127 3498 1187 pro·

582 1193 787 1254 cellosi
824 1189 1044 1252 iniuriis
1088 1211 1415 1271 exponere,
1455 1201 1636 1272 quam
1672 1205 1737 1254 vt
1776 1213 2073 1255 summum
2108 1194 2300 1253 virum
2341 1196 2396 1253 δι
2435 1192 2674 1252 affinem
2714 1190 2934 1269 optime
2964 1189 3040 1250 de
3060 1209 3155 1250 me
3187 1189 3461 1249 meritum
3475 1233 3495 1267 ,

581 1272 824 1350 cognito
864 1270 1128 1348 periculo
1144 1317 1162 1352 ,
1205 1273 1265 1333 in
1304 1284 1569 1335 extremo
1612 1275 1960 1335 desererem.
1996 1273 2240 1334 Accessi
2267 1272 2442 1351 igitur
2455 1317 2476 1350 ,
2509 1275 2564 1332 &
2593 1274 2630 1331 ὲ,
2663 1271 2785 1331 filio
2813 1270 3205 1348 intromissuS,
3238 1287 3494 1329 vacuum

578 1355 615 1411 a
656 1350 1043 1412 salutantibus
1084 1355 1139 1412 δι
1183 1356 1349 1414 vultu
1389 1354 1683 1414 constanti
1722 1353 2057 1431 praeditum
2095 1353 2312 1432 reperi3
2352 1351 2458 1412 sed
2501 1351 2716 1412 viribus
2743 1349 3064 1428 prostratis.
3089 1349 3329 1426 Monui,
3363 1367 3493 1408 non

578 1449 730 1509 opus
790 1449 916 1491 esse
983 1432 1180 1493 multis
1226 1433 1422 1494 verbis
1438 1477 1456 1512 ,
1517 1433 1681 1510 quod
1729 1434 1938 1494 scirem
1981 1433 2174 1511 ipsum
2212 1432 2584 1493 reconditum
2633 1438 2692 1490 et
2729 1429 3234 1491 instructissimum
3271 1429 3496 1488 habere

577 1513 736 1588 apud
800 1527 927 1571 sese
989 1512 1461 1574 consolationum
1520 1531 1704 1590 penu:
1766 1513 1905 1574 inde
1918 1557 1935 1590 ,
1996 1531 2148 1590 quae
2189 1513 2314 1573 aliis
2353 1511 2527 1573 toties
2565 1520 2947 1588 exposuerat,
2987 1509 3097 1570 sibi
3133 1519 3460 1600 apponeret
3475 1553 3497 1586 ,

576 1590 765 1666 iisque
823 1591 885 1652 in
938 1591 1198 1653 aduersis
1251 1611 1379 1653 sese
1420 1593 1815 1654 confirmaret.
1864 1593 2228 1654 Meminisset
2267 1611 2330 1652 se
2368 1593 2566 1652 Deum
2604 1591 2823 1650 habere
2859 1588 3181 1668 propitium
3219 1607 3281 1648 m
3313 1587 3492 1648 caelis

577 1681 806 1748 patrem
822 1716 839 1747 ,
898 1669 1196 1732 Christum
1253 1673 1625 1733 Seruatorem
1638 1718 1656 1752 ,
1722 1675 1952 1733 caelum
2013 1673 2262 1750 patriam
2315 1675 2370 1732 δι
2409 1670 2828 1732 haereditatem
2843 1715 2862 1748 ,
2903 1669 3298 1730 arrhabonem
3336 1667 3490 1727 illius

576 1749 637 1809 in
677 1750 861 1810 corde
902 1749 1180 1826 Spiritum
1221 1763 1515 1830 sanctum,
1556 1763 1810 1813 mortem
1848 1753 1927 1814 ad
1969 1755 2197 1812 caelum
2235 1755 2291 1813 &
2329 1751 2510 1811 vitam
2552 1750 2948 1811 immortalem
2982 1767 3110 1809 esse
3138 1749 3310 1808 viam.
3353 1748 3492 1806 Hac

470 1851 481 1859 ·
578 1829 723 1906 fide,
782 1830 895 1894 hac
958 1849 1061 1907 spe
1122 1851 1185 1892 se
1244 1841 1610 1894 sustentaret.
1672 1833 1765 1894 Ibi
1824 1833 1911 1893 vir
1971 1831 2470 1893 constantissimus
2527 1831 2859 1908 respondit,
2919 1848 3115 1888 eorum
3157 1847 3306 1906 quae
3342 1828 3491 1886 alios

581 1911 863 1968 docuisset
904 1911 1093 1989 prob?
1144 1931 1265 1971 esse
1298 1923 1599 1978 memorem
1638 1915 1717 1973 ἐν
1755 1913 2183 1973 obseruantem:
2233 1914 2296 1970 in
2335 1912 2462 1970 Dei
2485 1914 2698 1987 gratia
2733 1930 2794 1970 se
2833 1911 3062 1968 omnino
3101 1909 3491 1985 acquiescere.-

580 1989 775 2064 Deum
836 2009 985 2065 quae
1042 1991 1159 2068 ipsi
1214 2000 1401 2050 essent
1435 1994 1729 2052 salutaria
1752 1997 2177 2070 perfecturum.
2237 1993 2329 2050 Ita
2364 1991 2636 2054 lubenter
2674 1994 2729 2051 &
2768 1989 2976 2050 iisdem
3017 1987 3490 2049 consolationum

581 2065 898 2148 capitibus,
940 2068 1182 2131 diuersis
1220 2071 1585 2149 temporibus
1622 2073 1909 2150 repetitiS,
1951 2091 2017 2132 se
2055 2072 2135 2132 ad
2174 2081 2427 2131 mortem
2444 2115 2461 2148 ,
2500 2071 2622 2130 imo
2661 2070 2740 2131 ad
2778 2071 2959 2130 vitam
3000 2068 3305 2128 meliorem
3331 2083 3492 2126 com-

578 2147 829 2224 parauit.
892 2152 1159 2226 Rogatus
1217 2154 1255 2210 a
1314 2168 1441 2226 me,
1500 2171 1643 2211 num
1704 2151 1846 2229 quid
1906 2154 2081 2212 vellet
2143 2151 2219 2212 de
2277 2149 2476 2211 liberis
2535 2160 2635 2208 aut
2679 2148 2803 2209 aliis
2841 2150 3016 2209 rebus
3057 2146 3380 2226 significare
3417 2163 3493 2204 ac

580 2225 897 2289 mandare?
956 2230 1217 2310 excepit,
1275 2249 1337 2290 se
1394 2233 1464 2290 de
1520 2233 1693 2291 rebus
1752 2235 1984 2291 caducis
2037 2251 2101 2291 eo
2141 2239 2392 2302 tempore
2427 2230 2654 2288 minim&
2693 2231 2966 2306 cogitare.
3047 2229 3230 2288 Vnum
3269 2233 3491 2286 tantum

580 2307 725 2366 velle
760 2327 991 2370 monere
1005 2355 1019 2380 ,
1075 2328 1137 2368 se
1174 2331 1285 2371 sua
1325 2314 1519 2370 omnia
1558 2313 1751 2372 studia
1790 2313 1877 2370 ad
1910 2313 2116 2371 bonum
2143 2310 2442 2388 publicum
2481 2311 2793 2368 direxisse:
2841 2309 3036 2370 videre
3073 2309 3484 2367 laboraturam

568 2387 927 2462 grauissime
968 2392 1317 2466 facultatem
1376 2397 1637 2469 nostram
1646 2409 1673 2466 ;
1731 2392 1997 2471 officium
2047 2391 2316 2469 facerem
2379 2391 2688 2466 diligenter
2747 2408 2816 2449 ac
2861 2389 3154 2467 fideliter:
3225 2389 3302 2447 ὃν*
3338 2388 3394 2446 si
3429 2387 3494 2443 in

576 2469 871 2527 consilium
932 2473 1007 2530 ab
1062 2472 1388 2531 illustribus
1434 2472 1709 2533 Dominis
1756 2472 2078 2532 Ordinibus
2115 2478 2224 2531 aut
2257 2470 2530 2530 Dominis
2575 2470 2963 2529 Curatoribus
3001 2469 3313 2529 adhiberer
3331 2510 3348 2538 ,
3389 2472 3496 2524 aut

575 2565 668 2605 eos
716 2551 1097 2627 compellandi
1133 2560 1279 2611 esset
1316 2553 1537 2611 occasio
1552 2597 1570 2628 ,
1609 2553 1831 2611 sincere
1870 2571 1939 2611 ac
1985 2552 2181 2610 sancte
2217 2551 2486 2609 iudicium
2526 2558 2861 2627 exponerem
2877 2594 2894 2623 ,
2935 2568 3006 2608 ac
3046 2566 3324 2624 rogarem
3340 2590 3357 2625 ,
3397 2552 3462 2606 vt
3477 2588 3496 2623 ,

576 2628 665 2685 ad
696 2632 1009 2689 maximam
1051 2633 1347 2691 vtilitatem
1388 2632 1467 2691 ὁ·
1504 2632 1779 2691 honorem
1820 2632 2196 2710 Academiae,
2223 2629 2517 2707 facultati
2552 2638 2790 2689 nostrae
2827 2630 2906 2689 ὁ»
2943 2630 3290 2688 Academiae
3313 2634 3494 2703 pros-

562 2708 885 2783 piceretur.
926 2712 1181 2787 Reliqua
1220 2712 1454 2770 diuinae
1474 2713 1888 2789 prouidentiae
1929 2713 2354 2771 committerem.
2395 2712 2487 2769 Ita
2504 2755 2521 2783 ,
2551 2727 2628 2769 ne
2658 2709 2720 2769 in
2745 2708 2901 2769 vitae
2934 2708 3176 2785 quidem
3207 2704 3460 2766 termino
3478 2748 3496 2779 ,

580 2784 933 2863 reipublicae
982 2791 1441 2864 amantissimus,
1494 2792 1852 2851 Academiae
1912 2808 2114 2851 curam
2163 2790 2394 2850 abiecit.
2457 2791 2542 2849 Vt
2593 2788 2830 2861 merito,
2886 2787 2935 2848 si
2975 2806 3181 2848 verum
3220 2795 3308 2847 est
3347 2782 3494 2845 illud

580 2865 845 2947 Comici,
886 2872 1041 2929 τοῦτ’
1084 2870 1215 2939 ὲςή
1254 2870 1321 2927 τὸ
1364 2873 1476 2937 ζεῖν
1517 2870 1630 2943 οὐχ
1672 2872 1859 2949 ἑαυτῷ
1904 2874 2016 2937 ζεῖν
2053 2872 2255 2944 μόνον,
2298 2868 2566 2947 Iunium,
2604 2868 2746 2928 dum
2779 2866 2951 2945 vixit,
2985 2869 3122 2927 vere
3157 2865 3363 2926 vixisse
3383 2862 3502 2923 dici

579 2946 783 3021 possit.
824 2948 1009 3009 Hisce
1047 2948 1359 3021 absolutiS,
1403 2953 1458 3010 &
1498 2951 1789 3027 promisso
1830 2950 2029 3011 officio
2046 2993 2065 3026 ,
2108 2950 2482 3010 obseruantia
2515 2968 2656 3027 erga
2675 2948 2928 3008 maiores
2948 2950 3002 3007 δι
3021 2948 3141 3007 fide
3158 2965 3298 3023 erga
3317 2942 3502 3022 publi-

586 3043 753 3103 cum,
793 3039 1026 3105 arrepta
1064 3031 1380 3106 languente
1420 3032 1474 3089 &
1512 3029 1631 3090 iam
1672 3029 1881 3107 frigida
1920 3047 2125 3099 manu,
2170 3039 2430 3090 moestus
2459 3028 2648 3105 (quo‘d
2667 3046 2961 3089 venenum
2981 3028 3058 3086 ad
3079 3026 3287 3086 intima
3306 3022 3502 3083 cordis

578 3107 899 3179 penetralia
940 3126 1004 3167 se
1044 3109 1305 3187 recipere
1349 3109 1859 3187 persentiscerem)
1900 3128 1973 3169 ac
2012 3118 2244 3186 sumpta
2281 3109 2575 3170 medicina
2616 3110 2862 3169 domum
2903 3117 3215 3184 retractus,
3257 3102 3508 3164 valedixi

577 3185 689 3273 sub
742 3185 1064 3249 meridiem.
1124 3190 1308 3248 Paulo
1363 3200 1501 3266 post
1548 3190 1751 3267 spiritu
1788 3188 1881 3250 bis
1920 3199 2086 3248 terue
2125 3189 2335 3249 leniter
2373 3197 2627 3249 attracto
2644 3234 2661 3263 ,
2703 3206 2864 3248 anno
2905 3186 3108 3248 aetatis
3145 3186 3500 3263 quinquage-

578 3280 728 3322 51mo
789 3266 1041 3343 septimo
1099 3268 1357 3328 animam
1414 3270 1807 3345 placidissime
1870 3268 2118 3345 efflauit,
2181 3272 2236 3329 &
2281 3270 2340 3329 in
2381 3270 2528 3345 Dei,
2575 3267 2653 3327 ad
2695 3268 2958 3345 requiem
2997 3285 3164 3327 suam
3203 3273 3506 3325 aeternam

576 3344 905 3421 euocantis,
972 3364 1179 3407 manus
1236 3348 1428 3409 libens
1495 3348 1769 3411 reddidit.
1830 3350 2008 3408 Haec
2069 3350 2155 3409 D.
2217 3351 2291 3409 F.
2361 3350 2679 3410 Gomarus.
2743 3346 3027 3427 Migrauit
3067 3348 3146 3407 D.
3184 3343 3385 3405 Iunius
3423 3341 3502 3401 ad

578 3420 904 3504 Christum,
948 3424 1045 3485 die
1085 3444 1221 3488 xm.
1262 3428 1573 3509 Octobris,
1621 3448 1782 3490 anno
1840 3431 2010 3488 1602.

1747 3946 2102 3958 1,--------.-----.--
2118 3946 2320 3955 --—-—-.-..
