<?xml version="1.0" encoding="UTF-8"?>
<!DOCTYPE html PUBLIC "-//W3C//DTD XHTML 1.0 Transitional//EN"
    "http://www.w3.org/TR/xhtml1/DTD/xhtml1-transitional.dtd">
<html xmlns="http://www.w3.org/1999/xhtml" xml:lang="en" lang="en">
 <head>
  <title>
</title>
<meta http-equiv="Content-Type" content="text/html;charset=utf-8" />
  <meta name='ocr-system' content='tesseract 3.04.00' />
  <meta name='ocr-capabilities' content='ocr_page ocr_carea ocr_par ocr_line ocrx_word'/>
</head>
<body>
  <div class='ocr_page' id='page_1' title='image "./dfranciscijunii00junigoog_0089.png"; bbox 0 0 3923 4875; ppageno 0'>
   <div class='ocr_carea' id='block_1_1' title="bbox 632 333 2656 420">
    <p class='ocr_par' dir='ltr' id='par_1_1' title="bbox 632 333 2656 420">
     <span class='ocr_line' id='line_1_1' title="bbox 632 333 2656 420; baseline -0.001 -15"><span class='ocrx_word' id='word_1_1' title='bbox 632 333 711 420; x_wconf 76' lang='grc'><strong>64</strong></span> <span class='ocrx_word' id='word_1_2' title='bbox 1587 352 1691 402; x_wconf 75' lang='lat' dir='ltr'><strong>nn</strong></span> <span class='ocrx_word' id='word_1_3' title='bbox 1750 361 1974 404; x_wconf 66' lang='grc' dir='ltr'><strong>νιιιιιι</strong></span> <span class='ocrx_word' id='word_1_4' title='bbox 2031 353 2560 404; x_wconf 72' lang='grc' dir='ltr'><strong>Τιιιιοιοοιιι.</strong></span> <span class='ocrx_word' id='word_1_5' title='bbox 2651 346 2656 353; x_wconf 90' lang='grc'><strong>“</strong></span> 
     </span>
    </p>
   </div>
   <div class='ocr_carea' id='block_1_2' title="bbox 624 515 3548 2915">
    <p class='ocr_par' dir='ltr' id='par_1_2' title="bbox 624 515 3546 2915">
     <span class='ocr_line' id='line_1_2' title="bbox 626 515 3535 611; baseline 0 -29"><span class='ocrx_word' id='word_1_6' title='bbox 626 519 1038 582; x_wconf 88' lang='lat' dir='ltr'><strong>municationis</strong></span> <span class='ocrx_word' id='word_1_7' title='bbox 1096 521 1329 580; x_wconf 90' lang='lat' dir='ltr'><strong>modus.</strong></span> <span class='ocrx_word' id='word_1_8' title='bbox 1381 524 1593 582; x_wconf 87' lang='lat' dir='ltr'><strong>horum</strong></span> <span class='ocrx_word' id='word_1_9' title='bbox 1635 521 2059 600; x_wconf 87' lang='lat' dir='ltr'>principiorum</span> <span class='ocrx_word' id='word_1_10' title='bbox 2099 539 2283 582; x_wconf 89' lang='lat' dir='ltr'><strong>vnum</strong></span> <span class='ocrx_word' id='word_1_11' title='bbox 2321 531 2442 595; x_wconf 81' lang='lat' dir='ltr'><strong>est,</strong></span> <span class='ocrx_word' id='word_1_12' title='bbox 2491 520 2657 597; x_wconf 89' lang='lat' dir='ltr'><strong>quod</strong></span> <span class='ocrx_word' id='word_1_13' title='bbox 2696 529 2998 600; x_wconf 68' lang='lat' dir='ltr'><strong>naturam,</strong></span> <span class='ocrx_word' id='word_1_14' title='bbox 3041 515 3291 579; x_wconf 88' lang='lat' dir='ltr'><strong>alterum</strong></span> <span class='ocrx_word' id='word_1_15' title='bbox 3293 565 3328 611; x_wconf 39' lang='lat'><strong>⁰,</strong></span> <span class='ocrx_word' id='word_1_16' title='bbox 3369 522 3535 598; x_wconf 85' lang='lat' dir='ltr'><strong>quod</strong></span> 
     </span>
     <span class='ocr_line' id='line_1_3' title="bbox 624 599 3538 693; baseline 0 -33"><span class='ocrx_word' id='word_1_17' title='bbox 624 601 873 680; x_wconf 87' lang='lat' dir='ltr'><strong>gratiam</strong></span> <span class='ocrx_word' id='word_1_18' title='bbox 912 602 1293 691; x_wconf 80' lang='lat' dir='ltr'><strong>appellamus.</strong></span> <span class='ocrx_word' id='word_1_19' title='bbox 1355 604 1449 661; x_wconf 89' lang='lat' dir='ltr'><strong>Ac</strong></span> <span class='ocrx_word' id='word_1_20' title='bbox 1487 612 1730 662; x_wconf 89' lang='lat' dir='ltr'><strong>naturae</strong></span> <span class='ocrx_word' id='word_1_21' title='bbox 1769 601 2038 679; x_wconf 89' lang='lat' dir='ltr'><strong>quidem,</strong></span> <span class='ocrx_word' id='word_1_22' title='bbox 2079 605 2268 693; x_wconf 81' lang='lat' dir='ltr'><strong>aeque</strong></span> <span class='ocrx_word' id='word_1_23' title='bbox 2308 611 2372 662; x_wconf 86' lang='lat' dir='ltr'><strong>vt</strong></span> <span class='ocrx_word' id='word_1_24' title='bbox 2409 599 2659 680; x_wconf 88' lang='lat' dir='ltr'><strong>gratiae,</strong></span> <span class='ocrx_word' id='word_1_25' title='bbox 2700 617 3022 660; x_wconf 88' lang='lat' dir='ltr'><strong>commune</strong></span> <span class='ocrx_word' id='word_1_26' title='bbox 3055 599 3412 678; x_wconf 89' lang='lat' dir='ltr'><strong>principium</strong></span> <span class='ocrx_word' id='word_1_27' title='bbox 3449 612 3538 661; x_wconf 91' lang='lat' dir='ltr'><strong>est</strong></span> 
     </span>
     <span class='ocr_line' id='line_1_4' title="bbox 629 678 3537 772; baseline -0.001 -30"><span class='ocrx_word' id='word_1_28' title='bbox 629 685 818 758; x_wconf 89' lang='lat' dir='ltr'><strong>Deus,</strong></span> <span class='ocrx_word' id='word_1_29' title='bbox 857 679 1049 741; x_wconf 87' lang='lat' dir='ltr'><strong>omnis</strong></span> <span class='ocrx_word' id='word_1_30' title='bbox 1086 678 1231 740; x_wconf 86' lang='lat' dir='ltr'><strong>boni</strong></span> <span class='ocrx_word' id='word_1_31' title='bbox 1268 691 1475 741; x_wconf 87' lang='lat' dir='ltr'>auctor</span> <span class='ocrx_word' id='word_1_32' title='bbox 1516 681 1577 741; x_wconf 90' lang='lat' dir='ltr'><strong>in</strong></span> <span class='ocrx_word' id='word_1_33' title='bbox 1610 693 1817 742; x_wconf 89' lang='lat' dir='ltr'><strong>natura</strong></span> <span class='ocrx_word' id='word_1_34' title='bbox 1856 699 2084 761; x_wconf 82' lang='lat' dir='ltr'><strong>rerum3</strong></span> <span class='ocrx_word' id='word_1_35' title='bbox 2125 681 2249 742; x_wconf 88' lang='lat' dir='ltr'><strong>siue</strong></span> <span class='ocrx_word' id='word_1_36' title='bbox 2290 681 2614 743; x_wconf 89' lang='lat' dir='ltr'><strong>secundum</strong></span> <span class='ocrx_word' id='word_1_37' title='bbox 2655 691 2956 772; x_wconf 79' lang='lat' dir='ltr'><strong>naturam,</strong></span> <span class='ocrx_word' id='word_1_38' title='bbox 2996 679 3124 739; x_wconf 89' lang='lat' dir='ltr'><strong>siue</strong></span> <span class='ocrx_word' id='word_1_39' title='bbox 3163 697 3342 756; x_wconf 87' lang='lat' dir='ltr'><strong>supra</strong></span> <span class='ocrx_word' id='word_1_40' title='bbox 3373 691 3537 740; x_wconf 88' lang='lat' dir='ltr'><strong>natu-</strong></span> 
     </span>
     <span class='ocr_line' id='line_1_5' title="bbox 629 728 3536 852; baseline -0.001 -30"><span class='ocrx_word' id='word_1_41' title='bbox 629 781 755 822; x_wconf 86' lang='lat' dir='ltr'><strong>ram</strong></span> <span class='ocrx_word' id='word_1_42' title='bbox 792 760 1091 821; x_wconf 85' lang='lat' dir='ltr'><strong>exstiterit.</strong></span> <span class='ocrx_word' id='word_1_43' title='bbox 1133 760 1251 820; x_wconf 89' lang='lat' dir='ltr'><strong>Sed</strong></span> <span class='ocrx_word' id='word_1_44' title='bbox 1289 761 1427 837; x_wconf 89' lang='lat' dir='ltr'><strong>quia</strong></span> <span class='ocrx_word' id='word_1_45' title='bbox 1463 761 1717 840; x_wconf 89' lang='lat' dir='ltr'><strong>gratiose</strong></span> <span class='ocrx_word' id='word_1_46' title='bbox 1756 761 1947 822; x_wconf 87' lang='lat' dir='ltr'><strong>visum</strong></span> <span class='ocrx_word' id='word_1_47' title='bbox 1989 728 2084 823; x_wconf 78' lang='lat' dir='ltr'><strong>est⁷</strong></span> <span class='ocrx_word' id='word_1_48' title='bbox 2114 761 2411 840; x_wconf 84' lang='lat' dir='ltr'><strong>DominO,</strong></span> <span class='ocrx_word' id='word_1_49' title='bbox 2450 762 2512 821; x_wconf 90' lang='lat' dir='ltr'><strong>in</strong></span> <span class='ocrx_word' id='word_1_50' title='bbox 2550 761 2684 852; x_wconf 87' lang='lat' dir='ltr'><strong>ipso</strong></span> <span class='ocrx_word' id='word_1_51' title='bbox 2724 758 3043 820; x_wconf 82' lang='lat' dir='ltr'><strong>creationis</strong></span> <span class='ocrx_word' id='word_1_52' title='bbox 3081 770 3350 851; x_wconf 76' lang='lat' dir='ltr'><strong>tempore</strong></span> <span class='ocrx_word' id='word_1_53' title='bbox 3391 779 3536 821; x_wconf 90' lang='lat' dir='ltr'><strong>non·</strong></span> 
     </span>
     <span class='ocr_line' id='line_1_6' title="bbox 628 808 3538 932; baseline -0.001 -31"><span class='ocrx_word' id='word_1_54' title='bbox 628 843 818 901; x_wconf 88' lang='lat' dir='ltr'><strong>nullas</strong></span> <span class='ocrx_word' id='word_1_55' title='bbox 855 841 933 900; x_wconf 93' lang='lat' dir='ltr'><strong>de</strong></span> <span class='ocrx_word' id='word_1_56' title='bbox 972 840 1251 901; x_wconf 83' lang='lat' dir='ltr'><strong>creaturis</strong></span> <span class='ocrx_word' id='word_1_57' title='bbox 1290 840 1409 900; x_wconf 87' lang='lat' dir='ltr'><strong>suis</strong></span> <span class='ocrx_word' id='word_1_58' title='bbox 1448 843 1671 902; x_wconf 90' lang='lat' dir='ltr'><strong>donare</strong></span> <span class='ocrx_word' id='word_1_59' title='bbox 1710 841 1959 901; x_wconf 87' lang='lat' dir='ltr'><strong>naturali</strong></span> <span class='ocrx_word' id='word_1_60' title='bbox 1997 842 2194 920; x_wconf 87' lang='lat' dir='ltr'><strong>aliqua</strong></span> <span class='ocrx_word' id='word_1_61' title='bbox 2233 808 2593 919; x_wconf 89' lang='lat' dir='ltr'><strong>Theologia,</strong></span> <span class='ocrx_word' id='word_1_62' title='bbox 2633 839 2874 932; x_wconf 86' lang='lat' dir='ltr'><strong>eiusque</strong></span> <span class='ocrx_word' id='word_1_63' title='bbox 2911 837 3199 931; x_wconf 88' lang='lat' dir='ltr'><strong>principia</strong></span> <span class='ocrx_word' id='word_1_64' title='bbox 3241 839 3301 898; x_wconf 90' lang='lat' dir='ltr'><strong>in</strong></span> <span class='ocrx_word' id='word_1_65' title='bbox 3341 857 3538 932; x_wconf 75' lang='lat' dir='ltr'><strong>earum</strong></span> 
     </span>
     <span class='ocr_line' id='line_1_7' title="bbox 625 917 3538 1012; baseline -0 -31"><span class='ocrx_word' id='word_1_66' title='bbox 625 922 923 981; x_wconf 88' lang='lat' dir='ltr'><strong>intellectu</strong></span> <span class='ocrx_word' id='word_1_67' title='bbox 962 939 1301 999; x_wconf 71' lang='lat' dir='ltr'><strong>conserere,</strong></span> <span class='ocrx_word' id='word_1_68' title='bbox 1340 923 1495 981; x_wconf 87' lang='lat' dir='ltr'><strong>hanc</strong></span> <span class='ocrx_word' id='word_1_69' title='bbox 1534 924 1692 982; x_wconf 91' lang='lat' dir='ltr'><strong>certe</strong></span> <span class='ocrx_word' id='word_1_70' title='bbox 1732 921 2012 1012; x_wconf 76' lang='lat' dir='ltr'><strong>gratiam,</strong></span> <span class='ocrx_word' id='word_1_71' title='bbox 2054 922 2323 998; x_wconf 88' lang='lat' dir='ltr'><strong>quamuis</strong></span> <span class='ocrx_word' id='word_1_72' title='bbox 2361 923 2715 994; x_wconf 86' lang='lat' dir='ltr'><strong>naturalem,</strong></span> <span class='ocrx_word' id='word_1_73' title='bbox 2739 939 2788 980; x_wconf 82' lang='lat' dir='ltr'><strong>sl</strong></span> <span class='ocrx_word' id='word_1_74' title='bbox 2809 917 3206 998; x_wconf 79' lang='lat' dir='ltr'><strong>omiserimuS,</strong></span> <span class='ocrx_word' id='word_1_75' title='bbox 3241 918 3454 1011; x_wconf 89' lang='lat' dir='ltr'><strong>ingrati</strong></span> <span class='ocrx_word' id='word_1_76' title='bbox 3477 919 3538 979; x_wconf 88' lang='lat' dir='ltr'><strong>in</strong></span> 
     </span>
     <span class='ocr_line' id='line_1_8' title="bbox 628 997 3538 1080; baseline 0 -21"><span class='ocrx_word' id='word_1_77' title='bbox 628 1001 826 1060; x_wconf 87' lang='lat' dir='ltr'><strong>Deum</strong></span> <span class='ocrx_word' id='word_1_78' title='bbox 884 1000 1060 1060; x_wconf 83' lang='lat' dir='ltr'><strong>futuri</strong></span> <span class='ocrx_word' id='word_1_79' title='bbox 1118 1017 1337 1061; x_wconf 87' lang='lat' dir='ltr'><strong>sumus.</strong></span> <span class='ocrx_word' id='word_1_80' title='bbox 1398 1001 1526 1060; x_wconf 91' lang='lat' dir='ltr'><strong>Etsi</strong></span> <span class='ocrx_word' id='word_1_81' title='bbox 1583 1003 1739 1060; x_wconf 87' lang='lat' dir='ltr'><strong>hanc</strong></span> <span class='ocrx_word' id='word_1_82' title='bbox 1797 1001 2074 1079; x_wconf 78' lang='lat' dir='ltr'><strong>gratiam,</strong></span> <span class='ocrx_word' id='word_1_83' title='bbox 2128 1021 2203 1062; x_wconf 90' lang='lat' dir='ltr'><strong>eo</strong></span> <span class='ocrx_word' id='word_1_84' title='bbox 2248 1001 2380 1080; x_wconf 91' lang='lat' dir='ltr'><strong>ipso</strong></span> <span class='ocrx_word' id='word_1_85' title='bbox 2422 1003 2588 1078; x_wconf 89' lang='lat' dir='ltr'><strong>quod</strong></span> <span class='ocrx_word' id='word_1_86' title='bbox 2629 999 2908 1060; x_wconf 88' lang='lat' dir='ltr'><strong>naturalis</strong></span> <span class='ocrx_word' id='word_1_87' title='bbox 2943 1008 3063 1078; x_wconf 88' lang='lat' dir='ltr'><strong>est,</strong></span> <span class='ocrx_word' id='word_1_88' title='bbox 3105 997 3538 1060; x_wconf 86' lang='lat' dir='ltr'><strong>meminerimus</strong></span> 
     </span>
     <span class='ocr_line' id='line_1_9' title="bbox 630 1079 3538 1173; baseline -0 -34"><span class='ocrx_word' id='word_1_89' title='bbox 630 1090 866 1157; x_wconf 88' lang='lat' dir='ltr'><strong>oportet</strong></span> <span class='ocrx_word' id='word_1_90' title='bbox 908 1099 1035 1141; x_wconf 88' lang='lat' dir='ltr'><strong>esse</strong></span> <span class='ocrx_word' id='word_1_91' title='bbox 1074 1079 1158 1139; x_wconf 89' lang='lat' dir='ltr'><strong>illi</strong></span> <span class='ocrx_word' id='word_1_92' title='bbox 1202 1081 1574 1171; x_wconf 76' lang='lat' dir='ltr'><strong>reuelationis</strong></span> <span class='ocrx_word' id='word_1_93' title='bbox 1614 1081 1832 1158; x_wconf 74' lang='lat' dir='ltr'><strong>gratiae</strong></span> <span class='ocrx_word' id='word_1_94' title='bbox 1872 1080 2242 1173; x_wconf 82' lang='lat' dir='ltr'><strong>oppositam,</strong></span> <span class='ocrx_word' id='word_1_95' title='bbox 2285 1101 2358 1141; x_wconf 84' lang='lat' dir='ltr'><strong>ex</strong></span> <span class='ocrx_word' id='word_1_96' title='bbox 2396 1097 2516 1157; x_wconf 87' lang='lat' dir='ltr'><strong>qua</strong></span> <span class='ocrx_word' id='word_1_97' title='bbox 2556 1079 2890 1172; x_wconf 82' lang='lat' dir='ltr'><strong>Theologia</strong></span> <span class='ocrx_word' id='word_1_98' title='bbox 2927 1089 3131 1140; x_wconf 88' lang='lat' dir='ltr'><strong>nostra</strong></span> <span class='ocrx_word' id='word_1_99' title='bbox 3170 1079 3538 1140; x_wconf 87' lang='lat' dir='ltr'><strong>reuelationis</strong></span> 
     </span>
     <span class='ocr_line' id='line_1_10' title="bbox 628 1159 3536 1252; baseline -0 -33"><span class='ocrx_word' id='word_1_100' title='bbox 628 1161 969 1237; x_wconf 88' lang='lat' dir='ltr'><strong>appellatur.</strong></span> <span class='ocrx_word' id='word_1_101' title='bbox 1009 1161 1110 1219; x_wconf 90' lang='lat' dir='ltr'><strong>Ab</strong></span> <span class='ocrx_word' id='word_1_102' title='bbox 1149 1161 1269 1220; x_wconf 88' lang='lat' dir='ltr'><strong>hoc</strong></span> <span class='ocrx_word' id='word_1_103' title='bbox 1306 1159 1612 1252; x_wconf 43' lang='lat' dir='ltr'><strong>principio.</strong></span> <span class='ocrx_word' id='word_1_104' title='bbox 1641 1160 1946 1220; x_wconf 88' lang='lat' dir='ltr'><strong>communi</strong></span> <span class='ocrx_word' id='word_1_105' title='bbox 1983 1159 2338 1236; x_wconf 88' lang='lat' dir='ltr'><strong>principium</strong></span> <span class='ocrx_word' id='word_1_106' title='bbox 2375 1160 2522 1220; x_wconf 88' lang='lat' dir='ltr'><strong>illud</strong></span> <span class='ocrx_word' id='word_1_107' title='bbox 2563 1161 2855 1220; x_wconf 88' lang='lat' dir='ltr'><strong>internum</strong></span> <span class='ocrx_word' id='word_1_108' title='bbox 2897 1160 2954 1218; x_wconf 73' lang='grc' dir='ltr'><strong>δι</strong></span> <span class='ocrx_word' id='word_1_109' title='bbox 2978 1159 3287 1251; x_wconf 78' lang='lat' dir='ltr'><strong>singulare</strong></span> <span class='ocrx_word' id='word_1_110' title='bbox 3327 1169 3536 1220; x_wconf 85' lang='lat' dir='ltr'><strong>natura</strong></span> 
     </span>
     <span class='ocr_line' id='line_1_11' title="bbox 630 1238 3536 1331; baseline 0 -33"><span class='ocrx_word' id='word_1_111' title='bbox 630 1239 1035 1331; x_wconf 75' lang='lat' dir='ltr'><strong>ingeneratum</strong></span> <span class='ocrx_word' id='word_1_112' title='bbox 1074 1249 1191 1299; x_wconf 88' lang='lat' dir='ltr'><strong>est:</strong></span> <span class='ocrx_word' id='word_1_113' title='bbox 1234 1241 1399 1316; x_wconf 92' lang='lat' dir='ltr'><strong>quod</strong></span> <span class='ocrx_word' id='word_1_114' title='bbox 1436 1238 1757 1318; x_wconf 88' lang='lat' dir='ltr'><strong>imaginem</strong></span> <span class='ocrx_word' id='word_1_115' title='bbox 1797 1239 1912 1300; x_wconf 92' lang='lat' dir='ltr'><strong>Dei</strong></span> <span class='ocrx_word' id='word_1_116' title='bbox 1948 1241 2714 1320; x_wconf 76' lang='lat' dir='ltr'><strong>appellamu53secundi1m</strong></span> <span class='ocrx_word' id='word_1_117' title='bbox 2754 1257 2936 1316; x_wconf 91' lang='lat' dir='ltr'><strong>quam</strong></span> <span class='ocrx_word' id='word_1_118' title='bbox 2974 1238 3294 1317; x_wconf 85' lang='lat' dir='ltr'><strong>imaginem</strong></span> <span class='ocrx_word' id='word_1_119' title='bbox 3329 1239 3388 1298; x_wconf 88' lang='lat' dir='ltr'><strong>in</strong></span> <span class='ocrx_word' id='word_1_120' title='bbox 3422 1240 3536 1299; x_wconf 89' lang='lat' dir='ltr'><strong>hac</strong></span> 
     </span>
     <span class='ocr_line' id='line_1_12' title="bbox 632 1287 3534 1411; baseline -0 -33"><span class='ocrx_word' id='word_1_121' title='bbox 632 1318 751 1378; x_wconf 87' lang='lat' dir='ltr'><strong>vita</strong></span> <span class='ocrx_word' id='word_1_122' title='bbox 806 1319 1156 1380; x_wconf 86' lang='lat' dir='ltr'><strong>constitutus</strong></span> <span class='ocrx_word' id='word_1_123' title='bbox 1217 1320 1415 1380; x_wconf 88' lang='lat' dir='ltr'><strong>Adam</strong></span> <span class='ocrx_word' id='word_1_124' title='bbox 1472 1319 1727 1396; x_wconf 83' lang='lat' dir='ltr'><strong>respexit</strong></span> <span class='ocrx_word' id='word_1_125' title='bbox 1775 1320 1853 1378; x_wconf 90' lang='lat' dir='ltr'><strong>ad</strong></span> <span class='ocrx_word' id='word_1_126' title='bbox 1904 1321 2131 1397; x_wconf 90' lang='lat' dir='ltr'><strong>Deum,</strong></span> <span class='ocrx_word' id='word_1_127' title='bbox 2180 1287 2459 1411; x_wconf 66' lang='lat' dir='ltr'><strong>tanquam</strong></span> <span class='ocrx_word' id='word_1_128' title='bbox 2496 1320 2576 1380; x_wconf 90' lang='lat' dir='ltr'><strong>ad</strong></span> <span class='ocrx_word' id='word_1_129' title='bbox 2618 1321 2917 1410; x_wconf 84' lang='lat' dir='ltr'><strong>exemplar</strong></span> <span class='ocrx_word' id='word_1_130' title='bbox 2957 1335 3132 1379; x_wconf 91' lang='lat' dir='ltr'><strong>suum</strong></span> <span class='ocrx_word' id='word_1_131' title='bbox 3147 1365 3164 1396; x_wconf 89' lang='lat'><strong>,</strong></span> <span class='ocrx_word' id='word_1_132' title='bbox 3203 1319 3448 1410; x_wconf 91' lang='lat' dir='ltr'><strong>proprio</strong></span> <span class='ocrx_word' id='word_1_133' title='bbox 3489 1322 3534 1377; x_wconf 66' lang='lat' dir='ltr'><strong>Sc</strong></span> 
     </span>
     <span class='ocr_line' id='line_1_13' title="bbox 630 1397 3534 1479; baseline 0 -21"><span class='ocrx_word' id='word_1_134' title='bbox 630 1399 862 1458; x_wconf 91' lang='lat' dir='ltr'><strong>interno</strong></span> <span class='ocrx_word' id='word_1_135' title='bbox 922 1409 1087 1459; x_wconf 89' lang='lat' dir='ltr'><strong>motu</strong></span> <span class='ocrx_word' id='word_1_136' title='bbox 1102 1444 1121 1477; x_wconf 88' lang='lat'><strong>,</strong></span> <span class='ocrx_word' id='word_1_137' title='bbox 1182 1398 1348 1459; x_wconf 88' lang='lat' dir='ltr'><strong>cuius</strong></span> <span class='ocrx_word' id='word_1_138' title='bbox 1406 1409 1603 1460; x_wconf 88' lang='lat' dir='ltr'><strong>motus</strong></span> <span class='ocrx_word' id='word_1_139' title='bbox 1654 1402 1819 1458; x_wconf 88' lang='lat' dir='ltr'><strong>Deus</strong></span> <span class='ocrx_word' id='word_1_140' title='bbox 1858 1398 1919 1457; x_wconf 87' lang='lat' dir='ltr'><strong>in</strong></span> <span class='ocrx_word' id='word_1_141' title='bbox 1965 1410 2173 1459; x_wconf 89' lang='lat' dir='ltr'><strong>natura</strong></span> <span class='ocrx_word' id='word_1_142' title='bbox 2212 1399 2337 1460; x_wconf 88' lang='lat' dir='ltr'><strong>eius</strong></span> <span class='ocrx_word' id='word_1_143' title='bbox 2377 1397 2682 1479; x_wconf 82' lang='lat' dir='ltr'><strong>singulari,</strong></span> <span class='ocrx_word' id='word_1_144' title='bbox 2723 1401 2780 1458; x_wconf 74' lang='grc' dir='ltr'><strong>δι</strong></span> <span class='ocrx_word' id='word_1_145' title='bbox 2821 1410 3028 1460; x_wconf 87' lang='lat' dir='ltr'><strong>natura</strong></span> <span class='ocrx_word' id='word_1_146' title='bbox 3066 1397 3374 1458; x_wconf 89' lang='lat' dir='ltr'><strong>communi</strong></span> <span class='ocrx_word' id='word_1_147' title='bbox 3411 1418 3534 1458; x_wconf 92' lang='lat' dir='ltr'><strong>om-</strong></span> 
     </span>
     <span class='ocr_line' id='line_1_14' title="bbox 631 1477 3537 1569; baseline -0 -31"><span class='ocrx_word' id='word_1_148' title='bbox 631 1478 823 1558; x_wconf 90' lang='lat' dir='ltr'><strong>nium,</strong></span> <span class='ocrx_word' id='word_1_149' title='bbox 884 1478 1236 1569; x_wconf 86' lang='lat' dir='ltr'><strong>principium</strong></span> <span class='ocrx_word' id='word_1_150' title='bbox 1295 1497 1614 1540; x_wconf 88' lang='lat' dir='ltr'><strong>commune</strong></span> <span class='ocrx_word' id='word_1_151' title='bbox 1662 1479 2127 1556; x_wconf 89' lang='lat' dir='ltr'><strong>ingenerauerat.</strong></span> <span class='ocrx_word' id='word_1_152' title='bbox 2187 1481 2290 1540; x_wconf 82' lang='lat' dir='ltr'><strong>Ad</strong></span> <span class='ocrx_word' id='word_1_153' title='bbox 2343 1481 2462 1540; x_wconf 93' lang='lat' dir='ltr'><strong>hoc</strong></span> <span class='ocrx_word' id='word_1_154' title='bbox 2505 1489 2702 1539; x_wconf 88' lang='lat' dir='ltr'><strong>autem</strong></span> <span class='ocrx_word' id='word_1_155' title='bbox 2747 1478 3104 1556; x_wconf 89' lang='lat' dir='ltr'><strong>principium</strong></span> <span class='ocrx_word' id='word_1_156' title='bbox 3141 1477 3437 1538; x_wconf 88' lang='lat' dir='ltr'><strong>internum</strong></span> <span class='ocrx_word' id='word_1_157' title='bbox 3477 1479 3537 1537; x_wconf 89' lang='lat' dir='ltr'><strong>in</strong></span> 
     </span>
     <span class='ocr_line' id='line_1_15' title="bbox 628 1557 3538 1648; baseline 0 -30"><span class='ocrx_word' id='word_1_158' title='bbox 628 1568 837 1619; x_wconf 89' lang='lat' dir='ltr'><strong>natura</strong></span> <span class='ocrx_word' id='word_1_159' title='bbox 874 1557 1133 1620; x_wconf 86' lang='lat' dir='ltr'><strong>hominis</strong></span> <span class='ocrx_word' id='word_1_160' title='bbox 1173 1559 1556 1619; x_wconf 88' lang='lat' dir='ltr'><strong>constitutum</strong></span> <span class='ocrx_word' id='word_1_161' title='bbox 1598 1560 1786 1635; x_wconf 91' lang='lat' dir='ltr'><strong>(quod</strong></span> <span class='ocrx_word' id='word_1_162' title='bbox 1822 1561 2150 1619; x_wconf 85' lang='lat' dir='ltr'><strong>naturalem</strong></span> <span class='ocrx_word' id='word_1_163' title='bbox 2182 1558 2432 1637; x_wconf 86' lang='lat' dir='ltr'><strong>gratiam</strong></span> <span class='ocrx_word' id='word_1_164' title='bbox 2468 1561 2858 1638; x_wconf 84' lang='lat' dir='ltr'><strong>appellamus)</strong></span> <span class='ocrx_word' id='word_1_165' title='bbox 2886 1561 3137 1618; x_wconf 89' lang='lat' dir='ltr'><strong>alterum</strong></span> <span class='ocrx_word' id='word_1_166' title='bbox 3170 1559 3538 1648; x_wconf 83' lang='lat' dir='ltr'><strong>Theologiae</strong></span> 
     </span>
     <span class='ocr_line' id='line_1_16' title="bbox 631 1637 3538 1731; baseline 0 -33"><span class='ocrx_word' id='word_1_167' title='bbox 631 1638 1161 1698; x_wconf 86' lang='lat' dir='ltr'><strong>communicandae</strong></span> <span class='ocrx_word' id='word_1_168' title='bbox 1212 1638 1458 1700; x_wconf 89' lang='lat' dir='ltr'><strong>modum</strong></span> <span class='ocrx_word' id='word_1_169' title='bbox 1498 1658 1731 1715; x_wconf 89' lang='lat' dir='ltr'><strong>semper</strong></span> <span class='ocrx_word' id='word_1_170' title='bbox 1776 1649 2015 1730; x_wconf 88' lang='lat' dir='ltr'><strong>oportet</strong></span> <span class='ocrx_word' id='word_1_171' title='bbox 2057 1640 2373 1709; x_wconf 80' lang='lat' dir='ltr'><strong>accedere:,</strong></span> <span class='ocrx_word' id='word_1_172' title='bbox 2413 1657 2603 1731; x_wconf 45' lang='lat' dir='ltr'><strong>quem·</strong></span> <span class='ocrx_word' id='word_1_173' title='bbox 2635 1649 2832 1730; x_wconf 87' lang='lat' dir='ltr'><strong>patres</strong></span> <span class='ocrx_word' id='word_1_174' title='bbox 2873 1637 3195 1699; x_wconf 83' lang='lat' dir='ltr'><strong>orthodoxi</strong></span> <span class='ocrx_word' id='word_1_175' title='bbox 3235 1656 3538 1716; x_wconf 88' lang='lat' dir='ltr'><strong>nuncupa-</strong></span> 
     </span>
     <span class='ocr_line' id='line_1_17' title="bbox 629 1683 3538 1810; baseline 0 -33"><span class='ocrx_word' id='word_1_176' title='bbox 629 1718 778 1778; x_wconf 89' lang='lat' dir='ltr'><strong>bant</strong></span> <span class='ocrx_word' id='word_1_177' title='bbox 832 1720 1334 1796; x_wconf 85' lang='lat' dir='ltr'><strong>supernaturalem</strong></span> <span class='ocrx_word' id='word_1_178' title='bbox 1390 1718 1663 1809; x_wconf 85' lang='lat' dir='ltr'><strong>gratiam:</strong></span> <span class='ocrx_word' id='word_1_179' title='bbox 1728 1717 1867 1810; x_wconf 86' lang='lat' dir='ltr'><strong>quia</strong></span> <span class='ocrx_word' id='word_1_180' title='bbox 1924 1722 2190 1780; x_wconf 87' lang='lat' dir='ltr'><strong>naturale</strong></span> <span class='ocrx_word' id='word_1_181' title='bbox 2229 1683 2377 1780; x_wconf 80' lang='lat' dir='ltr'><strong>illud</strong></span> <span class='ocrx_word' id='word_1_182' title='bbox 2416 1717 2772 1796; x_wconf 89' lang='lat' dir='ltr'><strong>principium</strong></span> <span class='ocrx_word' id='word_1_183' title='bbox 2812 1728 2940 1778; x_wconf 89' lang='lat' dir='ltr'><strong>tum</strong></span> <span class='ocrx_word' id='word_1_184' title='bbox 2979 1718 3222 1778; x_wconf 91' lang='lat' dir='ltr'><strong>demum</strong></span> <span class='ocrx_word' id='word_1_185' title='bbox 3261 1717 3322 1776; x_wconf 89' lang='grc' dir='ltr'><strong>ιιι</strong></span> <span class='ocrx_word' id='word_1_186' title='bbox 3362 1717 3538 1779; x_wconf 90' lang='lat' dir='ltr'><strong>nobis</strong></span> 
     </span>
     <span class='ocr_line' id='line_1_18' title="bbox 630 1797 3538 1878; baseline 0 -22"><span class='ocrx_word' id='word_1_187' title='bbox 630 1797 819 1877; x_wconf 84' lang='lat' dir='ltr'><strong>stetit,</strong></span> <span class='ocrx_word' id='word_1_188' title='bbox 870 1814 1052 1874; x_wconf 90' lang='lat' dir='ltr'><strong>quum</strong></span> <span class='ocrx_word' id='word_1_189' title='bbox 1105 1798 1527 1874; x_wconf 81' lang='lat' dir='ltr'><strong>supernaturali</strong></span> <span class='ocrx_word' id='word_1_190' title='bbox 1563 1797 1853 1878; x_wconf 89' lang='lat' dir='ltr'><strong>principio</strong></span> <span class='ocrx_word' id='word_1_191' title='bbox 1896 1799 1951 1857; x_wconf 76' lang='grc' dir='ltr'><strong>δι</strong></span> <span class='ocrx_word' id='word_1_192' title='bbox 1994 1810 2236 1859; x_wconf 78' lang='lat' dir='ltr'><strong>externo</strong></span> <span class='ocrx_word' id='word_1_193' title='bbox 2276 1799 2360 1858; x_wconf 89' lang='lat' dir='ltr'><strong>illi</strong></span> <span class='ocrx_word' id='word_1_194' title='bbox 2399 1800 2776 1859; x_wconf 88' lang='lat' dir='ltr'><strong>adhaereret.</strong></span> <span class='ocrx_word' id='word_1_195' title='bbox 2822 1815 3008 1875; x_wconf 89' lang='lat' dir='ltr'><strong>quum</strong></span> <span class='ocrx_word' id='word_1_196' title='bbox 3045 1809 3244 1858; x_wconf 89' lang='lat' dir='ltr'><strong>autem</strong></span> <span class='ocrx_word' id='word_1_197' title='bbox 3281 1798 3538 1876; x_wconf 87' lang='lat' dir='ltr'><strong>primum</strong></span> 
     </span>
     <span class='ocr_line' id='line_1_19' title="bbox 630 1876 3536 1956; baseline 0 -21"><span class='ocrx_word' id='word_1_198' title='bbox 630 1878 708 1938; x_wconf 92' lang='lat' dir='ltr'><strong>ab</strong></span> <span class='ocrx_word' id='word_1_199' title='bbox 744 1895 819 1937; x_wconf 89' lang='lat' dir='ltr'><strong>eo</strong></span> <span class='ocrx_word' id='word_1_200' title='bbox 858 1876 1068 1937; x_wconf 89' lang='lat' dir='ltr'><strong>auertit</strong></span> <span class='ocrx_word' id='word_1_201' title='bbox 1106 1895 1259 1956; x_wconf 89' lang='lat' dir='ltr'><strong>sese,</strong></span> <span class='ocrx_word' id='word_1_202' title='bbox 1300 1889 1644 1956; x_wconf 89' lang='lat' dir='ltr'><strong>corruptum</strong></span> <span class='ocrx_word' id='word_1_203' title='bbox 1682 1877 1791 1938; x_wconf 87' lang='lat' dir='ltr'><strong>fuit</strong></span> <span class='ocrx_word' id='word_1_204' title='bbox 1830 1887 2007 1955; x_wconf 90' lang='lat' dir='ltr'><strong>atque</strong></span> <span class='ocrx_word' id='word_1_205' title='bbox 2046 1877 2454 1939; x_wconf 86' lang='lat' dir='ltr'><strong>miserrimum.</strong></span> <span class='ocrx_word' id='word_1_206' title='bbox 2497 1878 2660 1938; x_wconf 91' lang='lat' dir='ltr'><strong>Hinc</strong></span> <span class='ocrx_word' id='word_1_207' title='bbox 2698 1897 2842 1955; x_wconf 93' lang='lat' dir='ltr'><strong>ergo</strong></span> <span class='ocrx_word' id='word_1_208' title='bbox 2883 1880 3105 1938; x_wconf 84' lang='lat' dir='ltr'><strong>factum</strong></span> <span class='ocrx_word' id='word_1_209' title='bbox 3145 1887 3260 1955; x_wconf 86' lang='lat' dir='ltr'><strong>est,</strong></span> <span class='ocrx_word' id='word_1_210' title='bbox 3295 1889 3362 1936; x_wconf 83' lang='lat' dir='ltr'><strong>vt</strong></span> <span class='ocrx_word' id='word_1_211' title='bbox 3381 1880 3536 1937; x_wconf 85' lang='lat' dir='ltr'><strong>The-</strong></span> 
     </span>
     <span class='ocr_line' id='line_1_20' title="bbox 632 1955 3540 2048; baseline 0.001 -34"><span class='ocrx_word' id='word_1_212' title='bbox 632 1955 830 2034; x_wconf 90' lang='lat' dir='ltr'><strong>ologia</strong></span> <span class='ocrx_word' id='word_1_213' title='bbox 886 1956 1104 2033; x_wconf 83' lang='lat' dir='ltr'><strong>duplex</strong></span> <span class='ocrx_word' id='word_1_214' title='bbox 1164 1957 1469 2035; x_wconf 81' lang='lat' dir='ltr'><strong>analogice</strong></span> <span class='ocrx_word' id='word_1_215' title='bbox 1527 1967 1842 2018; x_wconf 85' lang='lat' dir='ltr'><strong>statuatur:</strong></span> <span class='ocrx_word' id='word_1_216' title='bbox 1904 1974 2156 2035; x_wconf 90' lang='lat' dir='ltr'><strong>quarum</strong></span> <span class='ocrx_word' id='word_1_217' title='bbox 2203 1978 2318 2018; x_wconf 88' lang='lat' dir='ltr'><strong>vna</strong></span> <span class='ocrx_word' id='word_1_218' title='bbox 2371 1957 2586 2018; x_wconf 90' lang='lat' dir='ltr'><strong>dicitur</strong></span> <span class='ocrx_word' id='word_1_219' title='bbox 2635 1957 2946 2048; x_wconf 87' lang='lat' dir='ltr'><strong>naturalis,</strong></span> <span class='ocrx_word' id='word_1_220' title='bbox 2990 1958 3045 2016; x_wconf 86' lang='lat'>&amp;</span> <span class='ocrx_word' id='word_1_221' title='bbox 3087 1956 3540 2034; x_wconf 90' lang='lat' dir='ltr'><strong>supernaturalis</strong></span> 
     </span>
     <span class='ocr_line' id='line_1_21' title="bbox 631 2035 3537 2116; baseline 0.001 -22"><span class='ocrx_word' id='word_1_222' title='bbox 631 2035 831 2094; x_wconf 88' lang='lat' dir='ltr'><strong>altera.</strong></span> <span class='ocrx_word' id='word_1_223' title='bbox 892 2036 1232 2095; x_wconf 90' lang='lat' dir='ltr'><strong>Naturalem</strong></span> <span class='ocrx_word' id='word_1_224' title='bbox 1271 2056 1454 2116; x_wconf 87' lang='lat' dir='ltr'><strong>quum</strong></span> <span class='ocrx_word' id='word_1_225' title='bbox 1497 2037 1775 2116; x_wconf 81' lang='lat' dir='ltr'><strong>dicimus,</strong></span> <span class='ocrx_word' id='word_1_226' title='bbox 1814 2038 1935 2097; x_wconf 90' lang='lat' dir='ltr'><strong>hoc</strong></span> <span class='ocrx_word' id='word_1_227' title='bbox 1976 2037 2037 2097; x_wconf 91' lang='grc' dir='ltr'><strong>ιιι</strong></span> <span class='ocrx_word' id='word_1_228' title='bbox 2073 2040 2213 2098; x_wconf 83' lang='grc' dir='ltr'><strong>10εο</strong></span> <span class='ocrx_word' id='word_1_229' title='bbox 2253 2039 2528 2098; x_wconf 90' lang='lat' dir='ltr'><strong>nolumus</strong></span> <span class='ocrx_word' id='word_1_230' title='bbox 2569 2035 2761 2114; x_wconf 88' lang='lat' dir='ltr'><strong>accipi</strong></span> <span class='ocrx_word' id='word_1_231' title='bbox 2781 2057 2853 2096; x_wconf 91' lang='lat' dir='ltr'><strong>ea</strong></span> <span class='ocrx_word' id='word_1_232' title='bbox 2879 2036 3337 2115; x_wconf 85' lang='lat' dir='ltr'><strong>significatione,</strong></span> <span class='ocrx_word' id='word_1_233' title='bbox 3359 2055 3537 2113; x_wconf 89' lang='lat' dir='ltr'><strong>quam</strong></span> 
     </span>
     <span class='ocr_line' id='line_1_22' title="bbox 634 2116 3541 2196; baseline 0.001 -21"><span class='ocrx_word' id='word_1_234' title='bbox 634 2133 706 2175; x_wconf 80' lang='lat' dir='ltr'><strong>ex</strong></span> <span class='ocrx_word' id='word_1_235' title='bbox 757 2116 1028 2176; x_wconf 82' lang='lat' dir='ltr'><strong>Varrone</strong></span> <span class='ocrx_word' id='word_1_236' title='bbox 1087 2116 1143 2174; x_wconf 85' lang='lat'>&amp;</span> <span class='ocrx_word' id='word_1_237' title='bbox 1191 2117 1525 2196; x_wconf 87' lang='lat' dir='ltr'><strong>Augustino</strong></span> <span class='ocrx_word' id='word_1_238' title='bbox 1578 2121 1755 2194; x_wconf 77' lang='lat' dir='ltr'><strong>supra</strong></span> <span class='ocrx_word' id='word_1_239' title='bbox 1808 2116 2002 2194; x_wconf 88' lang='lat' dir='ltr'><strong>capite</strong></span> <span class='ocrx_word' id='word_1_240' title='bbox 2042 2118 2237 2196; x_wconf 91' lang='lat' dir='ltr'><strong>primo</strong></span> <span class='ocrx_word' id='word_1_241' title='bbox 2280 2117 2675 2178; x_wconf 88' lang='lat' dir='ltr'><strong>ostendimus:</strong></span> <span class='ocrx_word' id='word_1_242' title='bbox 2719 2117 2824 2176; x_wconf 90' lang='lat' dir='ltr'><strong>sed</strong></span> <span class='ocrx_word' id='word_1_243' title='bbox 2863 2116 3106 2194; x_wconf 86' lang='lat' dir='ltr'><strong>proprio</strong></span> <span class='ocrx_word' id='word_1_244' title='bbox 3147 2133 3325 2176; x_wconf 88' lang='lat' dir='ltr'><strong>sensu</strong></span> <span class='ocrx_word' id='word_1_245' title='bbox 3364 2127 3541 2193; x_wconf 89' lang='lat' dir='ltr'><strong>atque</strong></span> 
     </span>
     <span class='ocr_line' id='line_1_23' title="bbox 632 2193 3540 2284; baseline 0 -31"><span class='ocrx_word' id='word_1_246' title='bbox 632 2193 1006 2284; x_wconf 88' lang='lat' dir='ltr'><strong>simpliciter,</strong></span> <span class='ocrx_word' id='word_1_247' title='bbox 1044 2206 1109 2256; x_wconf 82' lang='lat' dir='ltr'><strong>vt</strong></span> <span class='ocrx_word' id='word_1_248' title='bbox 1148 2215 1289 2256; x_wconf 86' lang='lat' dir='ltr'><strong>mox</strong></span> <span class='ocrx_word' id='word_1_249' title='bbox 1329 2197 1401 2272; x_wconf 87' lang='lat' dir='ltr'><strong>(si</strong></span> <span class='ocrx_word' id='word_1_250' title='bbox 1439 2201 1605 2258; x_wconf 90' lang='lat' dir='ltr'><strong>Deus</strong></span> <span class='ocrx_word' id='word_1_251' title='bbox 1642 2198 1829 2274; x_wconf 88' lang='lat' dir='ltr'><strong>volet)</strong></span> <span class='ocrx_word' id='word_1_252' title='bbox 1866 2197 2164 2257; x_wconf 88' lang='lat' dir='ltr'><strong>definituri</strong></span> <span class='ocrx_word' id='word_1_253' title='bbox 2201 2213 2418 2257; x_wconf 87' lang='lat' dir='ltr'><strong>sumus.</strong></span> <span class='ocrx_word' id='word_1_254' title='bbox 2480 2198 2661 2257; x_wconf 86' lang='lat' dir='ltr'><strong>Hanc</strong></span> <span class='ocrx_word' id='word_1_255' title='bbox 2699 2206 2898 2256; x_wconf 89' lang='lat' dir='ltr'><strong>autem</strong></span> <span class='ocrx_word' id='word_1_256' title='bbox 2937 2196 3245 2274; x_wconf 80' lang='lat' dir='ltr'><strong>analogice</strong></span> <span class='ocrx_word' id='word_1_257' title='bbox 3284 2195 3344 2254; x_wconf 91' lang='lat' dir='ltr'><strong>in</strong></span> <span class='ocrx_word' id='word_1_258' title='bbox 3393 2196 3540 2256; x_wconf 87' lang='lat' dir='ltr'><strong>diui-</strong></span> 
     </span>
     <span class='ocr_line' id='line_1_24' title="bbox 633 2273 3539 2368; baseline 0.001 -36"><span class='ocrx_word' id='word_1_259' title='bbox 633 2273 800 2334; x_wconf 91' lang='lat' dir='ltr'><strong>sione</strong></span> <span class='ocrx_word' id='word_1_260' title='bbox 838 2283 1039 2335; x_wconf 88' lang='lat' dir='ltr'><strong>nostra</strong></span> <span class='ocrx_word' id='word_1_261' title='bbox 1077 2277 1501 2352; x_wconf 88' lang='lat' dir='ltr'><strong>supernaturali</strong></span> <span class='ocrx_word' id='word_1_262' title='bbox 1539 2277 1622 2337; x_wconf 88' lang='lat' dir='ltr'><strong>illi</strong></span> <span class='ocrx_word' id='word_1_263' title='bbox 1657 2276 2024 2354; x_wconf 88' lang='lat' dir='ltr'><strong>Theologiae</strong></span> <span class='ocrx_word' id='word_1_264' title='bbox 2065 2279 2121 2337; x_wconf 88' lang='lat'>&amp;</span> <span class='ocrx_word' id='word_1_265' title='bbox 2155 2279 2448 2336; x_wconf 88' lang='lat' dir='ltr'><strong>reuelatae</strong></span> <span class='ocrx_word' id='word_1_266' title='bbox 2487 2276 2879 2368; x_wconf 79' lang='lat' dir='ltr'><strong>opponimuS,</strong></span> <span class='ocrx_word' id='word_1_267' title='bbox 2907 2295 3032 2336; x_wconf 90' lang='lat' dir='ltr'><strong>non</strong></span> <span class='ocrx_word' id='word_1_268' title='bbox 3053 2287 3252 2337; x_wconf 90' lang='lat' dir='ltr'><strong>autem</strong></span> <span class='ocrx_word' id='word_1_269' title='bbox 3271 2275 3539 2354; x_wconf 87' lang='lat' dir='ltr'><strong>proprie·</strong></span> 
     </span>
     <span class='ocr_line' id='line_1_25' title="bbox 634 2352 3542 2448; baseline 0.001 -35"><span class='ocrx_word' id='word_1_270' title='bbox 634 2352 772 2445; x_wconf 73' lang='lat' dir='ltr'><strong>quia</strong></span> <span class='ocrx_word' id='word_1_271' title='bbox 822 2358 1028 2416; x_wconf 75' lang='lat' dir='ltr'><strong>reuera</strong></span> <span class='ocrx_word' id='word_1_272' title='bbox 1074 2365 1205 2416; x_wconf 88' lang='lat' dir='ltr'><strong>toto</strong></span> <span class='ocrx_word' id='word_1_273' title='bbox 1245 2376 1461 2436; x_wconf 90' lang='lat' dir='ltr'><strong>genere</strong></span> <span class='ocrx_word' id='word_1_274' title='bbox 1498 2357 1652 2417; x_wconf 91' lang='lat' dir='ltr'><strong>inter</strong></span> <span class='ocrx_word' id='word_1_275' title='bbox 1690 2375 1755 2418; x_wconf 89' lang='lat' dir='ltr'><strong>se</strong></span> <span class='ocrx_word' id='word_1_276' title='bbox 1793 2355 2090 2417; x_wconf 85' lang='lat' dir='ltr'><strong>differunt.</strong></span> <span class='ocrx_word' id='word_1_277' title='bbox 2150 2357 2676 2431; x_wconf 86' lang='lat' dir='ltr'><strong>Quemadmodum</strong></span> <span class='ocrx_word' id='word_1_278' title='bbox 2719 2356 2876 2416; x_wconf 87' lang='lat' dir='ltr'><strong>enim</strong></span> <span class='ocrx_word' id='word_1_279' title='bbox 2915 2357 3356 2448; x_wconf 79' lang='lat' dir='ltr'><strong>supernaturale</strong></span> <span class='ocrx_word' id='word_1_280' title='bbox 3395 2355 3542 2416; x_wconf 92' lang='lat' dir='ltr'><strong>illud</strong></span> 
     </span>
     <span class='ocr_line' id='line_1_26' title="bbox 632 2432 3542 2526; baseline 0.001 -32"><span class='ocrx_word' id='word_1_281' title='bbox 632 2432 984 2526; x_wconf 89' lang='lat' dir='ltr'><strong>principium</strong></span> <span class='ocrx_word' id='word_1_282' title='bbox 1040 2437 1205 2497; x_wconf 89' lang='lat' dir='ltr'><strong>Deus</strong></span> <span class='ocrx_word' id='word_1_283' title='bbox 1264 2456 1400 2498; x_wconf 88' lang='lat' dir='ltr'><strong>cum</strong></span> <span class='ocrx_word' id='word_1_284' title='bbox 1460 2435 1707 2498; x_wconf 87' lang='lat' dir='ltr'><strong>naturali</strong></span> <span class='ocrx_word' id='word_1_285' title='bbox 1763 2435 2090 2515; x_wconf 91' lang='lat' dir='ltr'><strong>principio,</strong></span> <span class='ocrx_word' id='word_1_286' title='bbox 2157 2436 2220 2497; x_wconf 89' lang='lat' dir='ltr'><strong>id</strong></span> <span class='ocrx_word' id='word_1_287' title='bbox 2285 2448 2402 2516; x_wconf 92' lang='lat' dir='ltr'><strong>est,</strong></span> <span class='ocrx_word' id='word_1_288' title='bbox 2462 2437 2762 2497; x_wconf 91' lang='lat' dir='ltr'><strong>intellectu</strong></span> <span class='ocrx_word' id='word_1_289' title='bbox 2817 2447 3052 2515; x_wconf 85' lang='lat' dir='ltr'><strong>nostr0,</strong></span> <span class='ocrx_word' id='word_1_290' title='bbox 3109 2436 3168 2495; x_wconf 91' lang='lat' dir='ltr'><strong>in</strong></span> <span class='ocrx_word' id='word_1_291' title='bbox 3223 2454 3542 2497; x_wconf 83' lang='grc' dir='ltr'><strong>εοιιιιιιιιιιε</strong></span> 
     </span>
     <span class='ocr_line' id='line_1_27' title="bbox 632 2483 3540 2596; baseline 0.001 -23"><span class='ocrx_word' id='word_1_292' title='bbox 632 2513 874 2591; x_wconf 88' lang='lat' dir='ltr'><strong>aliquod</strong></span> <span class='ocrx_word' id='word_1_293' title='bbox 930 2534 1116 2593; x_wconf 87' lang='lat' dir='ltr'><strong>genus</strong></span> <span class='ocrx_word' id='word_1_294' title='bbox 1175 2516 1397 2578; x_wconf 89' lang='lat' dir='ltr'><strong>includi</strong></span> <span class='ocrx_word' id='word_1_295' title='bbox 1455 2537 1581 2579; x_wconf 87' lang='lat' dir='ltr'><strong>non</strong></span> <span class='ocrx_word' id='word_1_296' title='bbox 1634 2526 1860 2596; x_wconf 89' lang='lat' dir='ltr'><strong>potest,</strong></span> <span class='ocrx_word' id='word_1_297' title='bbox 1914 2516 2002 2577; x_wconf 89' lang='lat' dir='ltr'><strong>sic</strong></span> <span class='ocrx_word' id='word_1_298' title='bbox 2039 2516 2217 2577; x_wconf 90' lang='lat' dir='ltr'><strong>etiam</strong></span> <span class='ocrx_word' id='word_1_299' title='bbox 2258 2483 2522 2578; x_wconf 88' lang='lat' dir='ltr'><strong>actiones</strong></span> <span class='ocrx_word' id='word_1_300' title='bbox 2561 2515 2800 2594; x_wconf 80' lang='lat' dir='ltr'><strong>proprie</strong></span> <span class='ocrx_word' id='word_1_301' title='bbox 2840 2536 2914 2575; x_wconf 85' lang='lat' dir='ltr'><strong>ex</strong></span> <span class='ocrx_word' id='word_1_302' title='bbox 2953 2526 3208 2593; x_wconf 82' lang='lat' dir='ltr'><strong>vtroque</strong></span> <span class='ocrx_word' id='word_1_303' title='bbox 3247 2515 3540 2593; x_wconf 90' lang='lat' dir='ltr'><strong>principio</strong></span> 
     </span>
     <span class='ocr_line' id='line_1_28' title="bbox 633 2596 3546 2688; baseline 0.001 -35"><span class='ocrx_word' id='word_1_304' title='bbox 633 2596 994 2671; x_wconf 87' lang='lat' dir='ltr'><strong>profluentes</strong></span> <span class='ocrx_word' id='word_1_305' title='bbox 1034 2614 1159 2656; x_wconf 90' lang='lat' dir='ltr'><strong>non</strong></span> <span class='ocrx_word' id='word_1_306' title='bbox 1198 2597 1335 2675; x_wconf 90' lang='lat' dir='ltr'><strong>cogi</strong></span> <span class='ocrx_word' id='word_1_307' title='bbox 1373 2597 1434 2657; x_wconf 90' lang='grc' dir='ltr'><strong>ιιι</strong></span> <span class='ocrx_word' id='word_1_308' title='bbox 1472 2598 1593 2675; x_wconf 89' lang='lat' dir='ltr'><strong>aliq</strong></span> <span class='ocrx_word' id='word_1_309' title='bbox 1594 2597 1718 2657; x_wconf 90' lang='lat' dir='ltr'><strong>uod</strong></span> <span class='ocrx_word' id='word_1_310' title='bbox 1756 2613 2076 2656; x_wconf 89' lang='lat' dir='ltr'><strong>commune</strong></span> <span class='ocrx_word' id='word_1_311' title='bbox 2115 2614 2299 2674; x_wconf 89' lang='lat' dir='ltr'><strong>genus</strong></span> <span class='ocrx_word' id='word_1_312' title='bbox 2338 2600 2375 2657; x_wconf 79' lang='lat' dir='ltr'><strong>a</strong></span> <span class='ocrx_word' id='word_1_313' title='bbox 2413 2596 2590 2657; x_wconf 87' lang='lat' dir='ltr'><strong>nobis</strong></span> <span class='ocrx_word' id='word_1_314' title='bbox 2629 2607 2905 2687; x_wconf 82' lang='lat' dir='ltr'><strong>possunt,</strong></span> <span class='ocrx_word' id='word_1_315' title='bbox 2926 2597 3034 2656; x_wconf 90' lang='lat' dir='ltr'><strong>sed</strong></span> <span class='ocrx_word' id='word_1_316' title='bbox 3055 2596 3386 2688; x_wconf 81' lang='lat' dir='ltr'><strong>disparatae</strong></span> <span class='ocrx_word' id='word_1_317' title='bbox 3405 2606 3546 2655; x_wconf 91' lang='lat' dir='ltr'><strong>sunt</strong></span> 
     </span>
     <span class='ocr_line' id='line_1_29' title="bbox 633 2674 3546 2755; baseline 0.001 -21"><span class='ocrx_word' id='word_1_318' title='bbox 633 2676 835 2753; x_wconf 87' lang='lat' dir='ltr'><strong>plane,</strong></span> <span class='ocrx_word' id='word_1_319' title='bbox 895 2676 950 2734; x_wconf 76' lang='grc' dir='ltr'><strong>δι</strong></span> <span class='ocrx_word' id='word_1_320' title='bbox 1010 2685 1140 2736; x_wconf 90' lang='grc' dir='ltr'><strong>ιοιο</strong></span> <span class='ocrx_word' id='word_1_321' title='bbox 1204 2678 1396 2755; x_wconf 89' lang='lat' dir='ltr'><strong>(quod</strong></span> <span class='ocrx_word' id='word_1_322' title='bbox 1448 2677 1633 2753; x_wconf 87' lang='lat' dir='ltr'><strong>aiunt)</strong></span> <span class='ocrx_word' id='word_1_323' title='bbox 1686 2678 1858 2736; x_wconf 91' lang='lat' dir='ltr'><strong>coelo</strong></span> <span class='ocrx_word' id='word_1_324' title='bbox 1910 2675 2264 2737; x_wconf 66' lang='lat' dir='ltr'><strong>differentes..</strong></span> <span class='ocrx_word' id='word_1_325' title='bbox 2327 2676 2498 2751; x_wconf 87' lang='lat' dir='ltr'><strong>Quae</strong></span> <span class='ocrx_word' id='word_1_326' title='bbox 2539 2686 2736 2736; x_wconf 89' lang='lat' dir='ltr'><strong>autem</strong></span> <span class='ocrx_word' id='word_1_327' title='bbox 2774 2674 2856 2735; x_wconf 89' lang='lat' dir='ltr'><strong>ita</strong></span> <span class='ocrx_word' id='word_1_328' title='bbox 2895 2694 2958 2735; x_wconf 87' lang='lat' dir='ltr'><strong>se</strong></span> <span class='ocrx_word' id='word_1_329' title='bbox 2997 2677 3222 2737; x_wconf 89' lang='lat' dir='ltr'><strong>habent</strong></span> <span class='ocrx_word' id='word_1_330' title='bbox 3260 2676 3410 2736; x_wconf 90' lang='lat' dir='ltr'><strong>inter</strong></span> <span class='ocrx_word' id='word_1_331' title='bbox 3447 2694 3511 2736; x_wconf 88' lang='lat' dir='ltr'><strong>se</strong></span> <span class='ocrx_word' id='word_1_332' title='bbox 3528 2722 3546 2754; x_wconf 93' lang='lat'><strong>,</strong></span> 
     </span>
     <span class='ocr_line' id='line_1_30' title="bbox 634 2754 3545 2847; baseline 0 -34"><span class='ocrx_word' id='word_1_333' title='bbox 634 2772 703 2813; x_wconf 90' lang='lat' dir='ltr'><strong>ea</strong></span> <span class='ocrx_word' id='word_1_334' title='bbox 744 2774 866 2816; x_wconf 89' lang='lat' dir='ltr'><strong>non</strong></span> <span class='ocrx_word' id='word_1_335' title='bbox 894 2765 1157 2847; x_wconf 88' lang='lat' dir='ltr'><strong>possunt</strong></span> <span class='ocrx_word' id='word_1_336' title='bbox 1196 2758 1684 2847; x_wconf 70' lang='grc' dir='ltr'><strong>ἀντιδιηρημὲνως</strong></span> <span class='ocrx_word' id='word_1_337' title='bbox 1708 2755 1923 2835; x_wconf 74' lang='lat' dir='ltr'><strong>diuidi,</strong></span> <span class='ocrx_word' id='word_1_338' title='bbox 1944 2758 2082 2815; x_wconf 83' lang='grc' dir='ltr'><strong>ειιιιι</strong></span> <span class='ocrx_word' id='word_1_339' title='bbox 2101 2756 2348 2815; x_wconf 85' lang='lat' dir='ltr'><strong>alterurn</strong></span> <span class='ocrx_word' id='word_1_340' title='bbox 2371 2756 2445 2815; x_wconf 88' lang='lat' dir='ltr'><strong>sit</strong></span> <span class='ocrx_word' id='word_1_341' title='bbox 2464 2757 2652 2816; x_wconf 89' lang='lat' dir='ltr'><strong>altero</strong></span> <span class='ocrx_word' id='word_1_342' title='bbox 2673 2754 2938 2833; x_wconf 89' lang='lat' dir='ltr'><strong>superius</strong></span> <span class='ocrx_word' id='word_1_343' title='bbox 2961 2755 3240 2815; x_wconf 90' lang='lat' dir='ltr'><strong>omnibus</strong></span> <span class='ocrx_word' id='word_1_344' title='bbox 3263 2755 3545 2815; x_wconf 88' lang='lat' dir='ltr'><strong>numeris:</strong></span> 
     </span>
     <span class='ocr_line' id='line_1_31' title="bbox 633 2834 3548 2915; baseline 0.001 -23"><span class='ocrx_word' id='word_1_345' title='bbox 633 2852 742 2893; x_wconf 90' lang='lat' dir='ltr'><strong>nec</strong></span> <span class='ocrx_word' id='word_1_346' title='bbox 799 2834 1031 2895; x_wconf 89' lang='lat' dir='ltr'><strong>ratione</strong></span> <span class='ocrx_word' id='word_1_347' title='bbox 1081 2836 1312 2913; x_wconf 88' lang='lat' dir='ltr'><strong>generis</strong></span> <span class='ocrx_word' id='word_1_348' title='bbox 1368 2837 1536 2894; x_wconf 87' lang='lat' dir='ltr'><strong>vllius</strong></span> <span class='ocrx_word' id='word_1_349' title='bbox 1577 2836 1938 2915; x_wconf 82' lang='lat' dir='ltr'><strong>communiS,</strong></span> <span class='ocrx_word' id='word_1_350' title='bbox 1976 2855 2090 2895; x_wconf 90' lang='lat' dir='ltr'><strong>nec</strong></span> <span class='ocrx_word' id='word_1_351' title='bbox 2129 2835 2355 2895; x_wconf 86' lang='lat' dir='ltr'><strong>ratione</strong></span> <span class='ocrx_word' id='word_1_352' title='bbox 2393 2836 2612 2913; x_wconf 88' lang='lat' dir='ltr'><strong>speciei</strong></span> <span class='ocrx_word' id='word_1_353' title='bbox 2655 2853 2794 2895; x_wconf 89' lang='lat' dir='ltr'><strong>cum</strong></span> <span class='ocrx_word' id='word_1_354' title='bbox 2835 2837 3022 2895; x_wconf 89' lang='lat' dir='ltr'><strong>altero</strong></span> <span class='ocrx_word' id='word_1_355' title='bbox 3063 2836 3302 2912; x_wconf 91' lang='lat' dir='ltr'><strong>aequari</strong></span> <span class='ocrx_word' id='word_1_356' title='bbox 3342 2835 3548 2913; x_wconf 90' lang='lat' dir='ltr'><strong>possit.</strong></span> 
     </span>
    </p>
   </div>
   <div class='ocr_carea' id='block_1_3' title="bbox 1898 3073 2282 3081">
    <p class='ocr_par' dir='ltr' id='par_1_3' title="bbox 1898 3073 2282 3081">
     <span class='ocr_line' id='line_1_32' title="bbox 1898 3073 2282 3081; baseline 0.008 -3"><span class='ocrx_word' id='word_1_357' title='bbox 1898 3073 2061 3079; x_wconf 71' lang='lat'><strong>———</strong></span> <span class='ocrx_word' id='word_1_358' title='bbox 2076 3074 2282 3081; x_wconf 70' lang='lat'><strong>—-—..——-—-</strong></span> 
     </span>
    </p>
   </div>
   <div class='ocr_carea' id='block_1_4' title="bbox 1494 3262 2681 3523">
    <p class='ocr_par' dir='ltr' id='par_1_4' title="bbox 1494 3262 2681 3519">
     <span class='ocr_line' id='line_1_33' title="bbox 1841 3262 2328 3325; baseline 0.002 -3"><span class='ocrx_word' id='word_1_359' title='bbox 1841 3262 1893 3322; x_wconf 91' lang='lat' dir='ltr'>C</span> <span class='ocrx_word' id='word_1_360' title='bbox 1914 3264 1968 3321; x_wconf 91' lang='lat' dir='ltr'>A</span> <span class='ocrx_word' id='word_1_361' title='bbox 1991 3264 2038 3320; x_wconf 91' lang='lat' dir='ltr'>P</span> <span class='ocrx_word' id='word_1_362' title='bbox 2061 3264 2120 3322; x_wconf 87' lang='lat' dir='ltr'>V</span> <span class='ocrx_word' id='word_1_363' title='bbox 2138 3266 2193 3325; x_wconf 93' lang='lat' dir='ltr'>T</span> <span class='ocrx_word' id='word_1_364' title='bbox 2253 3264 2328 3323; x_wconf 89' lang='lat' dir='ltr'><strong>X.</strong></span> 
     </span>
     <span class='ocr_line' id='line_1_34' title="bbox 1494 3446 2681 3523; baseline 0.003 -20"><span class='ocrx_word' id='word_1_365' title='bbox 1494 3446 1594 3503; x_wconf 83' lang='lat' dir='ltr'><strong>De</strong></span> <span class='ocrx_word' id='word_1_366' title='bbox 1650 3446 1960 3519; x_wconf 71' lang='lat' dir='ltr'><strong>Iheologia</strong></span> <span class='ocrx_word' id='word_1_367' title='bbox 2007 3448 2311 3523; x_wconf 84' lang='lat' dir='ltr'><strong>naturali,</strong></span> <span class='ocrx_word' id='word_1_368' title='bbox 2369 3448 2533 3507; x_wconf 68' lang='lat' dir='ltr'><strong>Illas·</strong></span> <span class='ocrx_word' id='word_1_369' title='bbox 2581 3464 2681 3507; x_wconf 82' lang='lat' dir='ltr'><strong>xv.</strong></span> 
     </span>
    </p>
   </div>
   <div class='ocr_carea' id='block_1_5' title="bbox 630 3628 3553 4489">
    <p class='ocr_par' dir='ltr' id='par_1_5' title="bbox 630 3628 3553 4426">
     <span class='ocr_line' id='line_1_35' title="bbox 718 3628 3546 3711; baseline 0.002 -26"><span class='ocrx_word' id='word_1_370' title='bbox 718 3628 1035 3702; x_wconf 76' lang='lat' dir='ltr'><strong>Theologia</strong></span> <span class='ocrx_word' id='word_1_371' title='bbox 1098 3629 1393 3688; x_wconf 80' lang='lat' dir='ltr'><strong>naturalis</strong></span> <span class='ocrx_word' id='word_1_372' title='bbox 1452 3636 1565 3707; x_wconf 83' lang='lat' dir='ltr'><strong>est,</strong></span> <span class='ocrx_word' id='word_1_373' title='bbox 1622 3648 1771 3705; x_wconf 84' lang='lat' dir='ltr'><strong>quae</strong></span> <span class='ocrx_word' id='word_1_374' title='bbox 1826 3633 2089 3707; x_wconf 76' lang='lat' dir='ltr'><strong>procedit</strong></span> <span class='ocrx_word' id='word_1_375' title='bbox 2134 3650 2207 3689; x_wconf 77' lang='lat' dir='ltr'><strong>ex</strong></span> <span class='ocrx_word' id='word_1_376' title='bbox 2241 3632 2552 3706; x_wconf 80' lang='lat' dir='ltr'><strong>principiis</strong></span> <span class='ocrx_word' id='word_1_377' title='bbox 2601 3633 2908 3690; x_wconf 83' lang='lat' dir='ltr'><strong>secundum</strong></span> <span class='ocrx_word' id='word_1_378' title='bbox 2949 3652 3009 3691; x_wconf 86' lang='lat' dir='ltr'><strong>se</strong></span> <span class='ocrx_word' id='word_1_379' title='bbox 3053 3636 3236 3711; x_wconf 83' lang='lat' dir='ltr'><strong>notis,</strong></span> <span class='ocrx_word' id='word_1_380' title='bbox 3275 3634 3546 3692; x_wconf 83' lang='lat' dir='ltr'><strong>naturali</strong></span> 
     </span>
     <span class='ocr_line' id='line_1_36' title="bbox 638 3679 3542 3787; baseline 0.001 -22"><span class='ocrx_word' id='word_1_381' title='bbox 638 3708 953 3766; x_wconf 79' lang='lat' dir='ltr'><strong>intellectus</strong></span> <span class='ocrx_word' id='word_1_382' title='bbox 1000 3708 1246 3767; x_wconf 72' lang='lat' dir='ltr'><strong>humani</strong></span> <span class='ocrx_word' id='word_1_383' title='bbox 1292 3710 1505 3767; x_wconf 82' lang='lat' dir='ltr'><strong>lumine</strong></span> <span class='ocrx_word' id='word_1_384' title='bbox 1550 3709 1615 3785; x_wconf 87' lang='lat' dir='ltr'><strong>(s.</strong></span> <span class='ocrx_word' id='word_1_385' title='bbox 1676 3728 1782 3787; x_wconf 84' lang='lat'><strong>139</strong></span> <span class='ocrx_word' id='word_1_386' title='bbox 1795 3711 1868 3783; x_wconf 91' lang='grc' dir='ltr'><strong>ι.)</strong></span> <span class='ocrx_word' id='word_1_387' title='bbox 1906 3718 2032 3787; x_wconf 81' lang='lat' dir='ltr'><strong>pro</strong></span> <span class='ocrx_word' id='word_1_388' title='bbox 2071 3712 2318 3770; x_wconf 72' lang='lat' dir='ltr'><strong>rationes</strong></span> <span class='ocrx_word' id='word_1_389' title='bbox 2357 3711 2647 3769; x_wconf 77' lang='lat' dir='ltr'><strong>humanae</strong></span> <span class='ocrx_word' id='word_1_390' title='bbox 2688 3713 2874 3771; x_wconf 87' lang='lat' dir='ltr'><strong>modo.</strong></span> <span class='ocrx_word' id='word_1_391' title='bbox 2935 3715 3004 3771; x_wconf 91' lang='lat' dir='ltr'><strong>In</strong></span> <span class='ocrx_word' id='word_1_392' title='bbox 3047 3714 3158 3771; x_wconf 89' lang='lat' dir='ltr'><strong>hac</strong></span> <span class='ocrx_word' id='word_1_393' title='bbox 3199 3679 3542 3773; x_wconf 87' lang='lat' dir='ltr'><strong>definitione</strong></span> 
     </span>
     <span class='ocr_line' id='line_1_37' title="bbox 632 3786 3550 3881; baseline 0.002 -37"><span class='ocrx_word' id='word_1_394' title='bbox 632 3796 833 3847; x_wconf 87' lang='lat' dir='ltr'><strong>nostra</strong></span> <span class='ocrx_word' id='word_1_395' title='bbox 872 3806 994 3847; x_wconf 89' lang='lat' dir='ltr'><strong>non</strong></span> <span class='ocrx_word' id='word_1_396' title='bbox 1036 3804 1221 3865; x_wconf 85' lang='lat' dir='ltr'><strong>genus</strong></span> <span class='ocrx_word' id='word_1_397' title='bbox 1260 3786 1569 3865; x_wconf 89' lang='lat' dir='ltr'><strong>ponimus,</strong></span> <span class='ocrx_word' id='word_1_398' title='bbox 1611 3806 1734 3848; x_wconf 88' lang='lat' dir='ltr'><strong>non</strong></span> <span class='ocrx_word' id='word_1_399' title='bbox 1776 3788 2193 3869; x_wconf 81' lang='lat' dir='ltr'><strong>differentiam3</strong></span> <span class='ocrx_word' id='word_1_400' title='bbox 2236 3808 2312 3849; x_wconf 89' lang='lat' dir='ltr'><strong>ne</strong></span> <span class='ocrx_word' id='word_1_401' title='bbox 2352 3791 2502 3849; x_wconf 86' lang='lat' dir='ltr'><strong>forte</strong></span> <span class='ocrx_word' id='word_1_402' title='bbox 2543 3791 2692 3849; x_wconf 89' lang='lat' dir='ltr'><strong>haec</strong></span> <span class='ocrx_word' id='word_1_403' title='bbox 2719 3791 3066 3881; x_wconf 89' lang='lat' dir='ltr'><strong>Theologia</strong></span> <span class='ocrx_word' id='word_1_404' title='bbox 3106 3791 3550 3851; x_wconf 86' lang='lat' dir='ltr'><strong>communicare</strong></span> 
     </span>
     <span class='ocr_line' id='line_1_38' title="bbox 630 3866 3548 3949; baseline 0.001 -24"><span class='ocrx_word' id='word_1_405' title='bbox 630 3886 845 3943; x_wconf 88' lang='lat' dir='ltr'><strong>genere</strong></span> <span class='ocrx_word' id='word_1_406' title='bbox 885 3877 986 3927; x_wconf 88' lang='lat' dir='ltr'><strong>aut</strong></span> <span class='ocrx_word' id='word_1_407' title='bbox 1028 3866 1353 3927; x_wconf 88' lang='lat' dir='ltr'><strong>differentia</strong></span> <span class='ocrx_word' id='word_1_408' title='bbox 1393 3883 1531 3926; x_wconf 89' lang='lat' dir='ltr'><strong>cum</strong></span> <span class='ocrx_word' id='word_1_409' title='bbox 1570 3867 2056 3930; x_wconf 89' lang='lat' dir='ltr'><strong>antecedentibus</strong></span> <span class='ocrx_word' id='word_1_410' title='bbox 2095 3868 2412 3931; x_wconf 80' lang='grc' dir='ltr'><strong>νιάειειιιι.</strong></span> <span class='ocrx_word' id='word_1_411' title='bbox 2449 3869 2604 3946; x_wconf 91' lang='lat' dir='ltr'><strong>Neq.</strong></span> <span class='ocrx_word' id='word_1_412' title='bbox 2640 3868 2799 3930; x_wconf 90' lang='lat' dir='ltr'><strong>enim</strong></span> <span class='ocrx_word' id='word_1_413' title='bbox 2819 3872 2970 3931; x_wconf 88' lang='lat' dir='ltr'><strong>haec</strong></span> <span class='ocrx_word' id='word_1_414' title='bbox 2989 3871 3322 3949; x_wconf 88' lang='lat' dir='ltr'><strong>Theologia</strong></span> <span class='ocrx_word' id='word_1_415' title='bbox 3343 3889 3548 3931; x_wconf 91' lang='lat' dir='ltr'><strong>secun-</strong></span> 
     </span>
     <span class='ocr_line' id='line_1_39' title="bbox 633 3946 3550 4038; baseline 0.002 -35"><span class='ocrx_word' id='word_1_416' title='bbox 633 3946 775 4004; x_wconf 89' lang='lat' dir='ltr'><strong>dum</strong></span> <span class='ocrx_word' id='word_1_417' title='bbox 834 3965 1020 4024; x_wconf 86' lang='lat' dir='ltr'><strong>genus</strong></span> <span class='ocrx_word' id='word_1_418' title='bbox 1078 3946 1361 4038; x_wconf 78' lang='lat' dir='ltr'><strong>appellari</strong></span> <span class='ocrx_word' id='word_1_419' title='bbox 1418 3957 1615 4024; x_wconf 90' lang='lat' dir='ltr'><strong>potest</strong></span> <span class='ocrx_word' id='word_1_420' title='bbox 1670 3948 1995 4026; x_wconf 87' lang='lat' dir='ltr'><strong>Sapientia,</strong></span> <span class='ocrx_word' id='word_1_421' title='bbox 2051 3948 2163 4009; x_wconf 90' lang='lat' dir='ltr'><strong>nisi</strong></span> <span class='ocrx_word' id='word_1_422' title='bbox 2219 3947 2578 4026; x_wconf 82' lang='lat' dir='ltr'><strong>aequiuoce3</strong></span> <span class='ocrx_word' id='word_1_423' title='bbox 2619 3968 2731 4009; x_wconf 91' lang='lat' dir='ltr'><strong>nec</strong></span> <span class='ocrx_word' id='word_1_424' title='bbox 2771 3970 2865 4009; x_wconf 90' lang='lat' dir='ltr'><strong>res</strong></span> <span class='ocrx_word' id='word_1_425' title='bbox 2908 3950 3179 4028; x_wconf 88' lang='lat' dir='ltr'><strong>diuinae,</strong></span> <span class='ocrx_word' id='word_1_426' title='bbox 3222 3970 3294 4010; x_wconf 89' lang='lat' dir='ltr'><strong>ex</strong></span> <span class='ocrx_word' id='word_1_427' title='bbox 3335 3950 3550 4027; x_wconf 88' lang='lat' dir='ltr'><strong>quibus</strong></span> 
     </span>
     <span class='ocr_line' id='line_1_40' title="bbox 634 4023 3552 4118; baseline 0.003 -37"><span class='ocrx_word' id='word_1_428' title='bbox 634 4023 1025 4086; x_wconf 85' lang='lat' dir='ltr'><strong>differentiam</strong></span> <span class='ocrx_word' id='word_1_429' title='bbox 1065 4026 1341 4087; x_wconf 88' lang='lat' dir='ltr'><strong>constitui</strong></span> <span class='ocrx_word' id='word_1_430' title='bbox 1380 4046 1623 4087; x_wconf 87' lang='lat' dir='ltr'><strong>necesse</strong></span> <span class='ocrx_word' id='word_1_431' title='bbox 1665 4039 1753 4088; x_wconf 86' lang='lat' dir='ltr'><strong>est</strong></span> <span class='ocrx_word' id='word_1_432' title='bbox 1792 4028 1965 4089; x_wconf 90' lang='lat' dir='ltr'><strong>huius</strong></span> <span class='ocrx_word' id='word_1_433' title='bbox 2006 4028 2404 4107; x_wconf 82' lang='lat' dir='ltr'><strong>Theologiae,</strong></span> <span class='ocrx_word' id='word_1_434' title='bbox 2444 4028 2685 4118; x_wconf 84' lang='lat' dir='ltr'><strong>proprie</strong></span> <span class='ocrx_word' id='word_1_435' title='bbox 2715 4029 3174 4107; x_wconf 89' lang='lat' dir='ltr'><strong>simpliciterque</strong></span> <span class='ocrx_word' id='word_1_436' title='bbox 3193 4030 3332 4090; x_wconf 88' lang='lat' dir='ltr'><strong>huic</strong></span> <span class='ocrx_word' id='word_1_437' title='bbox 3356 4032 3552 4090; x_wconf 86' lang='lat' dir='ltr'><strong>Theo—</strong></span> 
     </span>
     <span class='ocr_line' id='line_1_41' title="bbox 634 4103 3552 4199; baseline 0.003 -38"><span class='ocrx_word' id='word_1_438' title='bbox 634 4103 825 4192; x_wconf 83' lang='lat' dir='ltr'><strong>logiae</strong></span> <span class='ocrx_word' id='word_1_439' title='bbox 885 4105 1123 4167; x_wconf 89' lang='lat' dir='ltr'><strong>attribui</strong></span> <span class='ocrx_word' id='word_1_440' title='bbox 1184 4118 1463 4199; x_wconf 86' lang='lat' dir='ltr'><strong>possunt,</strong></span> <span class='ocrx_word' id='word_1_441' title='bbox 1524 4108 1631 4167; x_wconf 91' lang='lat' dir='ltr'><strong>sed</strong></span> <span class='ocrx_word' id='word_1_442' title='bbox 1690 4108 1819 4185; x_wconf 90' lang='lat' dir='ltr'><strong>pari</strong></span> <span class='ocrx_word' id='word_1_443' title='bbox 1870 4108 2277 4199; x_wconf 87' lang='lat' dir='ltr'><strong>homonymia.</strong></span> <span class='ocrx_word' id='word_1_444' title='bbox 2331 4106 2638 4167; x_wconf 85' lang='lat' dir='ltr'><strong>scientiam</strong></span> <span class='ocrx_word' id='word_1_445' title='bbox 2682 4110 2960 4186; x_wconf 85' lang='lat' dir='ltr'><strong>fortasse,</strong></span> <span class='ocrx_word' id='word_1_446' title='bbox 3001 4119 3102 4168; x_wconf 90' lang='lat' dir='ltr'><strong>aut</strong></span> <span class='ocrx_word' id='word_1_447' title='bbox 3141 4110 3319 4170; x_wconf 88' lang='lat' dir='ltr'><strong>etiam</strong></span> <span class='ocrx_word' id='word_1_448' title='bbox 3361 4109 3434 4185; x_wconf 88' lang='lat' dir='ltr'><strong>(si</strong></span> <span class='ocrx_word' id='word_1_449' title='bbox 3473 4109 3552 4169; x_wconf 90' lang='lat' dir='ltr'><strong>ita</strong></span> 
     </span>
     <span class='ocr_line' id='line_1_42' title="bbox 634 4181 3553 4281; baseline 0.003 -41"><span class='ocrx_word' id='word_1_450' title='bbox 634 4181 948 4257; x_wconf 84' lang='lat' dir='ltr'><strong>videbitur)</strong></span> <span class='ocrx_word' id='word_1_451' title='bbox 1009 4185 1432 4247; x_wconf 87' lang='lat' dir='ltr'><strong>conscientiam</strong></span> <span class='ocrx_word' id='word_1_452' title='bbox 1494 4188 1723 4279; x_wconf 83' lang='lat' dir='ltr'><strong>generis</strong></span> <span class='ocrx_word' id='word_1_453' title='bbox 1784 4191 1923 4249; x_wconf 92' lang='lat' dir='ltr'><strong>loco</strong></span> <span class='ocrx_word' id='word_1_454' title='bbox 1986 4187 2283 4281; x_wconf 81' lang='lat' dir='ltr'><strong>posueris3</strong></span> <span class='ocrx_word' id='word_1_455' title='bbox 2345 4196 2405 4245; x_wconf 91' lang='lat' dir='ltr'><strong>at</strong></span> <span class='ocrx_word' id='word_1_456' title='bbox 2463 4186 2808 4263; x_wconf 87' lang='lat' dir='ltr'><strong>sapientiam</strong></span> <span class='ocrx_word' id='word_1_457' title='bbox 2850 4188 3092 4248; x_wconf 84' lang='lat' dir='ltr'><strong>minime</strong></span> <span class='ocrx_word' id='word_1_458' title='bbox 3133 4190 3420 4249; x_wconf 88' lang='lat' dir='ltr'><strong>omnium.</strong></span> <span class='ocrx_word' id='word_1_459' title='bbox 3461 4208 3553 4248; x_wconf 89' lang='lat' dir='ltr'><strong>res</strong></span> 
     </span>
     <span class='ocr_line' id='line_1_43' title="bbox 632 4262 3552 4357; baseline 0.002 -36.07"><span class='ocrx_word' id='word_1_460' title='bbox 632 4266 775 4321; x_wconf 81' lang='lat' dir='ltr'><strong>vero</strong></span> <span class='ocrx_word' id='word_1_461' title='bbox 818 4262 1081 4354; x_wconf 77' lang='lat' dir='ltr'><strong>diuinae,</strong></span> <span class='ocrx_word' id='word_1_462' title='bbox 1122 4283 1375 4340; x_wconf 87' lang='lat' dir='ltr'><strong>quarum</strong></span> <span class='ocrx_word' id='word_1_463' title='bbox 1417 4266 1571 4327; x_wconf 85' lang='lat' dir='ltr'><strong>ratio</strong></span> <span class='ocrx_word' id='word_1_464' title='bbox 1613 4268 1915 4330; x_wconf 88' lang='lat' dir='ltr'><strong>constituit</strong></span> <span class='ocrx_word' id='word_1_465' title='bbox 1954 4266 2345 4329; x_wconf 80' lang='lat' dir='ltr'><strong>differentiam</strong></span> <span class='ocrx_word' id='word_1_466' title='bbox 2389 4283 2565 4325; x_wconf 85' lang='lat' dir='ltr'><strong>verae</strong></span> <span class='ocrx_word' id='word_1_467' title='bbox 2606 4266 3006 4357; x_wconf 84' lang='lat' dir='ltr'><strong>Theologiae,</strong></span> <span class='ocrx_word' id='word_1_468' title='bbox 3049 4266 3146 4328; x_wconf 92' lang='lat' dir='ltr'><strong>hic</strong></span> <span class='ocrx_word' id='word_1_469' title='bbox 3185 4270 3398 4347; x_wconf 88' lang='lat' dir='ltr'><strong>partim</strong></span> <span class='ocrx_word' id='word_1_470' title='bbox 3417 4286 3552 4345; x_wconf 91' lang='lat' dir='ltr'><strong>pro-</strong></span> 
     </span>
     <span class='ocr_line' id='line_1_44' title="bbox 633 4340 3552 4426; baseline 0.005 -27"><span class='ocrx_word' id='word_1_471' title='bbox 633 4340 788 4420; x_wconf 87' lang='lat' dir='ltr'><strong>prie,</strong></span> <span class='ocrx_word' id='word_1_472' title='bbox 828 4341 1159 4421; x_wconf 87' lang='lat' dir='ltr'><strong>partimque</strong></span> <span class='ocrx_word' id='word_1_473' title='bbox 1202 4345 1520 4422; x_wconf 87' lang='lat' dir='ltr'><strong>improprie</strong></span> <span class='ocrx_word' id='word_1_474' title='bbox 1562 4348 1617 4405; x_wconf 76' lang='grc' dir='ltr'><strong>δι</strong></span> <span class='ocrx_word' id='word_1_475' title='bbox 1658 4368 1730 4409; x_wconf 86' lang='lat' dir='ltr'><strong>ex</strong></span> <span class='ocrx_word' id='word_1_476' title='bbox 1770 4348 2113 4426; x_wconf 89' lang='lat' dir='ltr'><strong>opinatione</strong></span> <span class='ocrx_word' id='word_1_477' title='bbox 2145 4346 2536 4426; x_wconf 80' lang='lat' dir='ltr'><strong>appellantur·</strong></span> <span class='ocrx_word' id='word_1_478' title='bbox 2575 4344 2820 4407; x_wconf 76' lang='lat' dir='ltr'><strong>Dicatur</strong></span> <span class='ocrx_word' id='word_1_479' title='bbox 2851 4358 3050 4409; x_wconf 83' lang='lat' dir='ltr'><strong>tamen</strong></span> <span class='ocrx_word' id='word_1_480' title='bbox 3079 4349 3324 4410; x_wconf 80' lang='lat' dir='ltr'><strong>scientia</strong></span> <span class='ocrx_word' id='word_1_481' title='bbox 3355 4364 3552 4409; x_wconf 83' lang='lat' dir='ltr'><strong>rerum</strong></span> 
     </span>
    </p>

    <p class='ocr_par' dir='ltr' id='par_1_6' title="bbox 3217 4428 3546 4489">
     <span class='ocr_line' id='line_1_45' title="bbox 3217 4428 3546 4489; baseline -0.006 0"><span class='ocrx_word' id='word_1_482' title='bbox 3217 4428 3546 4489; x_wconf 77' lang='lat' dir='ltr'><strong>diuinarum</strong></span> 
     </span>
    </p>
   </div>
  </div>
 </body>
</html>
