3923 4875
650 281 761 354 238
1602 293 1927 337 russas
1977 293 2638 343 τιιιοιοσισᾼε.

720 478 777 530 4.
856 447 1287 546 Complectitur
1326 473 1471 534 ergo
1510 455 1659 515 haec
1698 453 2008 516 Catholica
2047 457 2316 518 Ecclesia
2355 477 2566 520 omnes
2599 458 2866 521 vniuerse
2885 459 3206 520 homines
3187 480 3249 522 ιιι
3275 466 3590 540 ooe10,&

662 557 702 596 ιι
756 547 911 596 terra
948 535 1051 613 qui
1096 537 1367 614 fuerunt,
1406 545 1582 612 sunt,
1618 535 1677 594 δι
1715 534 1893 594 futuri
1933 547 2072 596 sunt
2099 535 2430 600 vocationis
2470 539 2622 599 illius
2661 538 2914 600 Diuinae
2959 541 3014 599 δι
3055 542 3358 633 gratiosae
3407 546 3594 621 parti·

642 618 823 697 cipes.
866 617 1019 694 Neq.
1058 619 1137 677 ab
1178 635 1248 676 ea
1286 615 1631 708 simpliciter
1670 633 1878 676 omnes
1916 633 2040 676 non
2076 616 2404 694 baptizatos
2432 619 2829 680 excludimus·
2867 621 3082 680 horum
3103 620 3266 682 enim
3291 624 3428 683 duo
3453 637 3600 684 sunt

646 718 893 778 genera,
955 695 1050 768 alii
1114 696 1293 757 fidem
1354 694 1601 757 omnino
1661 705 2137 773 contemnentes,
2177 701 2232 758 &
2271 705 2309 758 a
2349 699 2663 778 Religione
2704 719 2844 761 vera
2880 717 3123 780 prorsus
3161 702 3380 781 alieni,
3429 721 3594 782 quos

647 781 859 840 Paulus
900 782 1035 845 τούς
1076 779 1181 841 ἔξω
1220 787 1427 838 vocat:
1468 776 1571 851 (de
1608 774 1700 834 his
1750 793 1875 836 non
1912 775 2244 869 loquimur)
2281 779 2378 852 alij
2417 784 2564 840 vero
2582 824 2601 859 ,
2639 779 2744 858 qui
2783 779 2922 842 licet
2960 781 3236 842 nondum
3261 794 3600 844 externum

644 860 879 939 signum
942 858 1309 936 acceperint,
1371 857 1490 916 fide
1548 867 1743 916 tamen
1807 855 2096 950 praediti,
2152 859 2208 916 δι
2269 857 2568 937 baptismo
2611 859 2842 920 interno
2885 861 3164 939 baptizati
3206 875 3379 940 sunt,
3429 881 3598 942 quos

646 961 821 1002 verae
860 937 1161 1000 Ecclesiae
1202 938 1469 998 membra
1506 937 1833 996 secundum
1854 936 2319 1028 perfectionem‘
2299 939 2484 1016 ipsius
2504 941 2881 1002 affirmamus.
2926 942 3136 1018 Neque
3155 942 3339 1002 etiam
3361 963 3592 1005 omnes

647 1023 1195 1082 excommunicatos
1236 1019 1282 1078 si
1325 1016 1509 1077 modo
1548 1015 1792 1093 iniuste,
1834 1015 1937 1094 qui
1978 1022 2121 1079 νειὸ
2159 1016 2342 1095 iuste,
2383 1039 2488 1080 eos
2531 1021 2608 1080 de
2647 1019 2916 1080 Ecclesia
2936 1039 3064 1081 esse
3085 1022 3594 1084 conditionaliter

644 1101 927 1178 dicimus,
967 1109 1143 1179 prout
1184 1095 1659 1159 conditionaliter
1698 1096 1919 1157 exclusi
1958 1109 2126 1176 sunt,
2168 1099 2311 1158 dum
2351 1119 2486 1177 spes
2527 1109 2616 1160 est
2661 1099 3117 1178 resipiscentiae.

722 1199 775 1259 5.
860 1181 1094 1256 Duplex
1154 1199 1209 1239 a.
1250 1189 1339 1238 est
1375 1175 1548 1237 huius
1588 1175 1894 1236 Ecclesiae
1932 1175 2112 1238 ratio:
2175 1199 2292 1240 vna
2331 1179 2391 1238 in
2431 1180 2558 1240 fieri
2574 1225 2592 1259 ,
2653 1180 2978 1241 secundum
3018 1181 3486 1259 generationem
3533 1187 3588 1244 ἃ

641 1257 1787 1416 Ξὶιῗὲιὲἰίεῑέῗέιειῒέἳοὲἶξωὲιιῗ
1801 1259 2196 1428 sama
2231 1261 2570 1400 {330532
2591 1259 3483 1432 ‘issffiiffizffffiffifflmm
3383 1265 3591 1420 ⁹²³1...

640 1423 929 1486 mundum
970 1423 1025 1482 &
1068 1419 1377 1496 Satanarn,
1418 1357 1827 1496 Spixcitualibus
1866 1417 2044 1478 armis
2083 1429 2338 1496 pugnat·
2379 1437 2533 1496 quae
2573 1419 2986 1498 complectitur
3029 1439 3239 1482 omnes
3279 1423 3544 1484 fideles
3523 1443 3586 1484 ιιι

643 1504 762 1564 vita
804 1503 1107 1590 degentes.
1148 1501 1457 1560 Posterior
1495 1497 1891 1576 ιιιιιιιιρῑιιιιιε,
1934 1515 2089 1576 quae
2128 1497 2188 1558 in
2231 1499 2474 1560 coelesti
2515 1499 2704 1578 patria
2744 1501 2820 1561 de
2861 1499 2930 1564 iis
2963 1501 3192 1562 omnib.
3213 1501 3584 1581 triumphat:

640 1594 759 1661 atq.
822 1583 971 1642 haec
1026 1578 1086 1638 in
1127 1577 1447 1668 Scripturis
1478 1579 1806 1670 appellatur
1847 1596 2095 1658 regnum
2135 1579 2250 1638 Dei
2291 1579 2573 1658 viuentis,
2614 1579 2832 1640 Christi
2872 1597 3125 1659 corpus,
3167 1601 3426 1660 sponsa,
3467 1585 3588 1643 διε.

636 1682 815 1742 quam
855 1661 1049 1722 nullae
1090 1677 1348 1736 vnquam
1391 1655 1543 1718 vires
1582 1655 1906 1718 inferorum
1952 1669 2232 1736 poterunt
2271 1670 2551 1720 euertere.

719 1745 776 1804 6.
858 1743 1107 1802 Constat
1146 1743 1287 1800 νειὸ
1336 1737 1604 1798 Ecclesia
1644 1738 1951 1799 Catholica
1991 1737 2230 1830 proprie
2271 1739 2598 1800 secuudum
2639 1741 2892 1802 formam
2933 1739 3308 1802 essentialem
3352 1741 3548 1821 ipsius
3565 1787 3584 1820 ,

640 1833 815 1900 prout
854 1821 917 1880 in
956 1818 1323 1898 perfectione
1364 1820 1558 1879 futura
1597 1828 1713 1896 est,
1753 1838 1826 1879 ex
1868 1817 2310 1910 praedestinatis
2351 1821 2406 1880 δι
2447 1819 2672 1880 electis:
2721 1822 2833 1882 hos
2873 1819 3032 1882 enim
3071 1821 3314 1884 Christo
3359 1823 3582 1884 insitos

640 1903 939 1994 Scriptura
996 1909 1270 1979 testatur,
1308 1897 1424 1992 ‘vbi
1464 1899 1541 1958 de
1582 1897 1879 1976 Ecclesia,
1921 1897 2167 1976 eiusque
2208 1899 2489 1960 membris
2527 1901 2861 1988 loquens,
2855 1919 3065 1962 omnes
3109 1921 3220 1962 nos
3262 1901 3348 1962 ait
3392 1901 3581 1964 fuisse

638 1987 861 2043 electos
898 1981 956 2041 in
999 1946 1270 2058 Christo,
1304 1978 1365 2040 in
1407 1979 1537 2056 ipso
1579 1980 1800 2039 habere
1838 1977 2310 2072 redemptionem
2323 2025 2339 2057 ,
2377 1995 2514 2040 eum
2535 1981 2740 2041 datum
2761 1999 2890 2042 esse
2909 1991 3088 2060 caput
3109 1980 3220 2059 ipsi
3241 1983 3582 2060 Ecclesiae,

640 2072 890 2141 eamque
932 2059 1111 2139 ipsius
1151 2078 1367 2138 corpus
1408 2077 1569 2133 esse,
1611 2058 1766 2118 vnde
1808 2077 1931 2120 non
1979 2057 2271 2119 immerito
2314 2077 2515 2120 exesse
2557 2060 2805 2122 dicimus
2847 2080 2969 2122 non
3011 2063 3206 2124 solum
3243 2065 3428 2140 plane
3471 2064 3582 2124 im-

640 2143 799 2222 pios,
839 2144 896 2203 &
939 2141 1228 2232 reprobos
1271 2140 1377 2200 sed
1419 2138 1596 2199 etiam
1638 2138 2005 2217 hypocritaS,
2047 2139 2149 2216 qui
2190 2139 2325 2200 licet
2365 2139 2424 2199 in
2459 2139 2728 2200 Ecclesia
2745 2139 3046 2220 habitent,
3084 2142 3138 2201 &
3159 2142 3312 2202 inter
3331 2153 3583 2204 sanctos

644 2233 980 2290 versentur,
1022 2218 1173 2280 illius
1211 2239 1329 2282 ess
1316 2218 1595 2279 ntialiter
1632 2227 1833 2279 tamen
1874 2237 2013 2278 vera
2053 2221 2328 2280 membra
2365 2218 2484 2279 dici
2524 2239 2646 2280 non
2689 2232 2954 2298 possunt.

724 2321 777 2378 7.
860 2300 1039 2360 Vnde
1082 2305 1266 2380 porro
1310 2309 1472 2379 patet
1510 2300 1665 2359 hanc
1706 2296 2036 2358 Ecclesiam
2077 2298 2160 2358 ita
2199 2300 2386 2360 solam
2432 2319 2558 2361 esse
2602 2311 2892 2377 sanctam,
2934 2303 2989 2362 δι
3027 2305 3065 2362 a
3105 2302 3239 2362 Deo
3283 2303 3572 2363 benedic-

644 2395 799 2461 tam,
842 2393 904 2443 vt
944 2392 1107 2442 extra
1146 2399 1279 2441 eam
1318 2381 1483 2441 nulla
1522 2379 1597 2441 sit
1646 2377 1948 2458 sanctius,
1995 2380 2222 2441 nullum
2263 2381 2514 2441 salutare
2555 2381 2813 2457 donum,
2855 2346 3016 2441 riulla
3048 2380 3252 2473 deniq.
3286 2383 3476 2443 salus:
3515 2383 3578 2444 in

640 2467 755 2525 hac
816 2484 875 2524 n.
926 2463 1054 2523 sola
1116 2462 1299 2540 fulget
1336 2460 1454 2521 Dei
1493 2458 1742 2537 veritas,
1784 2460 2040 2539 gratiose
2079 2461 2418 2521 dominatur
2457 2460 2727 2522 Christus
2765 2480 2872 2539 per
2911 2460 3190 2541 Spiritum
3231 2463 3576 2523 Sanctifim—

640 2544 817 2605 tionis
832 2590 849 2621 ,
910 2543 992 2603 ita
1051 2552 1116 2601 vt
1174 2544 1334 2602 recte
1398 2550 1777 2619 comparetur
1830 2544 1867 2600 a
1908 2538 2206 2600 veteribus
2247 2560 2418 2601 arcae
2457 2543 2652 2601 Noae.
2695 2542 2756 2601 in
2797 2558 2916 2619 qua
2955 2544 3083 2603 sola
3123 2553 3426 2603 seruatum
3465 2544 3580 2604 fuit

642 2642 829 2703 genus
870 2624 1197 2683 humanum
1238 2625 1293 2683 δι
1335 2632 1501 2681 extra
1539 2638 1719 2711 quarn
1758 2618 2040 2698 quicunq.
2085 2620 2303 2698 reperti
2341 2623 2576 2681 fuerunt
2594 2604 2762 2699 aquis
2782 2620 2986 2697 diluuii
3006 2622 3248 2699 periisse
3265 2624 3569 2701 leguntur.

642 2706 762 2766 Sed
803 2703 971 2782 quod
1010 2703 1087 2763 de
1126 2704 1241 2761 hac
1283 2700 1594 2762 Catholica
1635 2698 1917 2779 dicimus,
1958 2700 2038 2761 de
2077 2699 2320 2779 singulis
2352 2700 2798 2779 particularibus
2831 2700 3145 2779 Ecclesiis,
3174 2714 3239 2763 vt
3257 2705 3538 2765 Romana
3555 2749 3576 2781 ,

640 2788 732 2845 vel
774 2780 1443 2860 constantinopolitana
1482 2780 1817 2841 concedere
1858 2798 1982 2840 non
2021 2798 2356 2858 possumus.

720 2868 777 2925 8.
858 2866 1031 2923 Haec
1074 2861 1343 2922 Ecclesia
1382 2860 1695 2922 Catholica
1734 2860 2144 2921 consideratur
2183 2861 2418 2921 duobus
2459 2860 2654 2922 modis
2669 2906 2685 2936 ,
2730 2863 2820 2921 vel
2861 2861 2924 2922 in
2963 2878 3028 2921 se
3065 2860 3441 2940 simpliciter,
3481 2865 3572 2923 vel

641 2944 701 3005 in
750 2942 871 3007 suis
914 2942 1181 3021 partibus
1222 2942 1563 3021 respectiue.
1624 2942 1693 3001 In
1736 2960 1801 3001 se
1836 2950 1925 3001 est
1965 2938 2303 3033 inuisibilis,
2341 2940 2482 3019 quia
2522 2941 2866 3003 Catholioe.
2905 2941 2969 3001 in
3007 2940 3273 3033 partibtis
3291 2942 3414 3001 suis
3439 2962 3570 3003 eam

641 3024 841 3101 aliquo
902 3023 1085 3085 modo
1102 3069 1119 3102 ,
1180 3041 1303 3082 non
1344 3034 1543 3082 tamen
1585 3020 1823 3101 proprie
1839 3067 1855 3099 ,
1898 3020 2092 3098 primo
2133 3022 2188 3081 &
2229 3040 2338 3099 per
2375 3040 2470 3113 se,
2511 3020 2836 3113 visibilem,
2874 3022 3034 3081 haud
3075 3020 3425 3083 inficiamur.
3489 3025 3568 3081 Vt

640 3104 799 3165 enim
860 3114 1067 3163 natura
1125 3104 1414 3180 humana,
1474 3103 2087 3199 qua(f.1708.)tenus
2125 3100 2459 3161 communis
2501 3113 2590 3163 est
2627 3100 2688 3161 in
2729 3122 2824 3179 se,
2820 3068 3054 3162 oculis
3091 3100 3364 3179 corporis
3405 3102 3567 3162 cerni

640 3204 765 3244 non
806 3194 1035 3275 potest,
1078 3183 1289 3245 eadem
1331 3193 1529 3241 tamen
1570 3183 1628 3241 in
1670 3182 1864 3261 ἀτόμω
1908 3180 2126 3259 videri,
2166 3183 2223 3241 &
2263 3182 2502 3242 tractari
2539 3182 2931 3274 aliquomodo
2972 3200 3149 3259 posse
3189 3180 3437 3242 dicitur.
3483 3182 3566 3242 sic

640 3262 913 3324 Ecclesia
950 3228 1245 3323 catholica
1259 3308 1276 3339 ,
1318 3265 1437 3340 qua
1474 3262 1633 3337 talis,
1675 3242 1869 3320 solur'n
1910 3260 2126 3322 ιιιειιιίε
2165 3260 2354 3321 oculis
2391 3260 2678 3341 cernitur,
2719 3280 2838 3341 qua
2871 3260 3052 3323 vero
3034 3280 3095 3320 ιιι
3113 3259 3560 3339 particularibus

638 3354 938 3422 spectatur
976 3346 1033 3404 δι
1076 3342 1531 3421 proprietatibus
1573 3346 1859 3431 ὀριςικοίῖς
1898 3342 1959 3401 ιιι
2001 3341 2086 3401 eis
2123 3340 2404 3419 afficitur,
2444 3362 2576 3403 eam
2615 3342 2702 3403 sic
2743 3342 3162 3421 aspectabilem
3201 3360 3332 3402 esse
3371 3342 3562 3433 aliquo

640 3435 913 3503 respectu
954 3426 1218 3484 fatemur.
1266 3422 1499 3483 Deinde
1538 3424 1675 3481 cum
1716 3420 1913 3496 potior
1954 3440 2106 3513 pars·
2133 3420 2194 3481 in
2236 3421 2418 3483 coelis
2459 3422 2826 3500 triumphans
2863 3422 2940 3483 sit
2969 3426 3006 3481 a
3025 3433 3356 3500 conspectu
3373 3420 3554 3482 homi·

640 3522 785 3564 num
826 3516 1085 3581 remota,
1127 3506 1193 3563 fit
1232 3514 1295 3563 vt
1330 3513 1458 3563 tota
1497 3503 1647 3561 haec
1688 3500 1958 3562 Ecclesia
2001 3499 2242 3563 visibilis
2283 3500 2460 3563 nobis
2501 3520 2630 3563 esse
2669 3519 2794 3563 non
2835 3501 3040 3595 possit.

722 3605 777 3660 9.
860 3583 1120 3643 Militans
1166 3589 1305 3645 νειὸ
1345 3582 1405 3642 ιιι
1446 3584 1565 3641 hoc
1608 3580 1864 3658 mundo,
1902 3580 2118 3659 partim
2160 3580 2435 3657 visibilis,
2477 3582 2690 3660 partim
2731 3580 3038 3643 inuisibilis
3059 3580 3297 3641 dicitur.
3320 3580 3560 3641 visibilis

637 3674 911 3755 respectu
966 3664 1274 3741 materiae,
1332 3666 1391 3723 &
1446 3663 1670 3722 formae
1732 3671 2038 3732 externae,
2101 3672 2278 3737 atque
2337 3661 2512 3722 etiam
2575 3674 2818 3741 propter
2875 3673 3180 3724 externam
3231 3666 3564 3721 nolite-bu:

637 3742 943 3804 inuisibilis
982 3754 1257 3821 respectu
1298 3745 1525 3803 formae
1562 3740 1827 3801 internae
1840 3784 1859 3818 ,
1900 3741 2040 3818 quia
2076 3740 2114 3817 ij
2155 3742 2256 3819 qui
2295 3742 2356 3801 in
2399 3740 2568 3801 terris
2589 3754 2922 3821 versantur,
2953 3740 3046 3803 δι’
3029 3760 3089 3801 ιιι
3111 3738 3554 3831 particularibus

652 3823 929 3884 Ecclesiis
988 3822 1228 3903 viuunt,
1290 3840 1413 3883 non
1454 3832 1704 3900 possunt
1740 3819 1939 3898 aliquo
1983 3838 2258 3883 sensuum
2297 3820 2520 3882 iudicio
2563 3822 2846 3899 discerni,
2887 3834 3084 3882 vtrum
3121 3822 3200 3881 ad
3245 3818 3562 3881 Ecclesiam

645 3908 782 3965 vere
838 3870 1228 3964 catholicam
1246 3902 1610 3980 pertineant·
1663 3900 1943 3991 homines
1985 3902 2225 3979 quidem
2278 3900 2576 3995 videmus,
2633 3904 2687 3961 δι
2737 3866 3116 3980 particulares
3171 3900 3470 3962 Ecclesias
3505 3898 3557 3960 in

648 3982 863 4061 quibus
922 3984 1159 4043 viuunt:
1223 3982 1463 4059 quinam
1526 3994 1723 4041 tamen
1783 4001 1855 4041 ex
1907 3980 1976 4040 iis
2030 3992 2166 4041 sunt
2213 3980 2418 4059 electi,
2474 3980 2714 4059 quinam
2771 3986 2908 4042 vere
2961 3982 3194 4059 fideleS,
3249 3982 3369 4043 hoc
3407 3980 3562 4040 nullo

640 4066 952 4125 oculorum
992 4062 1213 4123 iudicio
1256 4074 1423 4124 certo
1465 4072 1740 4122 constare
1781 4070 1996 4139 potest.

736 4162 823 4201 ro.
906 4145 1093 4203 Porro
1152 4144 1291 4202 cum
1331 4141 1599 4201 Christus
1638 4159 1745 4200 rex
1782 4140 1859 4201 sit
1896 4151 2170 4201 aeternus
2184 4186 2201 4217 ,
2241 4143 2297 4200 δι
2336 4151 2689 4219 perpetuum
2729 4140 2852 4201 eius
2893 4140 2970 4201 sit
3007 4158 3256 4218 regnum
3269 4186 3287 4219 ,
3329 4158 3559 4199 necesse

652 4237 741 4284 est
792 4221 1021 4299 aliquot
1071 4241 1303 4299 semper
1352 4221 1601 4281 existere
1653 4219 1754 4298 qui
1808 4240 1873 4281 se
1927 4238 2036 4298 pro
2089 4220 2336 4281 subditis
2382 4221 2672 4282 habentes
2711 4239 2849 4281 eum
2889 4238 2998 4298 pro
3035 4238 3174 4297 rege
3217 4230 3561 4299 agnoscant,

650 4304 786 4365 ideo
822 4302 941 4362 iam
971 4301 1110 4361 inde
1139 4305 1177 4360 a
1205 4301 1395 4378 prima
1424 4300 1723 4361 creatione
1752 4318 1985 4378 semper
2019 4299 2127 4361 fuit
2159 4312 2366 4362 coetus
2397 4299 2642 4379 quidam
2681 4300 2990 4362 hominum
3009 4304 3046 4359 a
3065 4302 3200 4360 Deo
3223 4302 3562 4375 electorum,

3465 4376 3557 4457 qui
