3923 4875
1370 363 1476 408 na
1532 361 1754 405 vana
1812 361 2342 406 rnnonoora.
3237 347 3312 422 83

404 539 523 582 non
569 521 780 582 doceri.
838 522 1038 599 Atque
1074 523 1187 584 hae
1226 523 1469 600 quidem
1510 523 1751 586 virtutes
1788 523 1871 585 ita
1910 522 2217 586 doctrinae
2254 521 2513 585 veritatis
2551 522 2787 602 insunt,
2842 531 2908 583 vt
2943 523 3088 584 nihil
3125 523 3302 602 plane

404 600 467 660 in
506 601 683 662 rebus
722 601 936 663 creatis
972 605 1030 664 δι
1067 619 1219 681 quae
1254 602 1555 666 intellectu
1594 602 1823 683 percipi
1865 605 1943 665 ab
1986 603 2070 666 eis
2109 613 2376 682 possunt,
2417 621 2554 664 cum
2585 604 2700 664 hac
2718 601 2961 664 veritate
2979 604 3314 682 comparari

404 679 613 758 possit.
651 681 809 742 Nam
846 681 897 742 si
936 683 1017 744 ad
1055 682 1509 746 sanctimoniam
1546 685 1851 746 doctrinae
1890 685 2060 745 vllius
2099 683 2161 745 in
2200 703 2264 745 se
2304 683 2628 776 respexeris
2641 727 2660 762 ,
2700 699 2852 760 quae
2881 683 3124 744 tandem
3143 703 3310 744 sanc-

404 759 654 821 timonia
710 763 749 822 a
806 763 985 824 rebus
1042 761 1409 842 prophanis?
1467 764 1518 826 si
1576 765 1654 826 ad
1702 764 2007 842 iustitiam,
2045 781 2200 856 quae
2238 763 2456 826 iustitia
2490 768 2528 824 a
2567 765 2744 824 rebus
2783 759 3055 824 iniustis?
3107 762 3198 824 sin
3235 765 3313 824 ad

404 839 861 932 perfectionem,
900 859 1053 920 quae
1090 843 1374 922 perfectio
1412 847 1449 904 a
1487 847 1665 906 rebus
1681 843 2204 922 imperfectissimis
2222 843 2516 922 proficisci
2534 839 2768 922 possit?
2807 842 3311 919 quemadmodum

405 939 469 980 m
506 919 663 982 libro
703 921 839 982 Iobi
876 921 1163 1000 legimus:
1204 924 1335 1000 quis
1375 925 1513 986 edat
1552 923 1840 984 mundum
1880 942 1955 984 ex
1991 920 2349 984 immundo?
2387 942 2465 985 ne
2506 941 2658 984 vnus
2677 921 2938 1000 quidem.
2969 924 3100 984 Iob.
3139 942 3230 996 14.
3251 943 3307 996 4.

406 1000 731 1061 Causarum
772 1005 933 1063 certe
970 1001 1329 1081 singularum
1366 1015 1576 1064 natura
1612 1003 1853 1082 propria
1894 1023 1970 1064 ex
2006 1003 2286 1082 qualitate
2310 1001 2538 1064 virtutis
2551 1049 2568 1083 ,
2608 1002 2789 1064 virtus
2809 1019 2884 1063 ex
2904 1003 3311 1064 effectionibus

404 1081 663 1158 ipsarum
704 1081 1116 1160 cognoscitur:
1156 1101 1269 1144 nec
1304 1082 1429 1143 fieri
1456 1102 1715 1163 vnquam
1753 1093 1951 1162 potest
1965 1129 1984 1164 ,
2024 1094 2089 1143 vt
2119 1099 2331 1144 causae
2369 1103 2406 1145 a
2425 1082 2542 1144 suis
2561 1081 2786 1144 effectis
2808 1093 3152 1160 superentur
3165 1129 3182 1164 ,
3201 1081 3314 1142 nisi

404 1158 553 1221 aliae
604 1161 937 1239 superiores
994 1181 1207 1224 causae
1255 1163 1493 1242 insuper
1530 1163 1907 1238 accesserint,
1965 1181 2214 1242 quarum
2252 1165 2493 1224 effectus
2529 1161 2848 1240 improprie
2887 1164 3081 1224 solum
3122 1163 3313 1222 causis

398 1239 775 1302 inferioribus
824 1241 1117 1304 tribuitur.
1188 1244 1343 1304 cum
1382 1254 1581 1304 autem
1620 1243 1815 1306 omnis
1860 1244 2119 1304 humana
2156 1242 2429 1304 doctrina
2465 1243 2543 1303 ab
2583 1241 2827 1304 homine
2864 1243 3177 1321 prophano
3193 1287 3210 1321 ,
3250 1242 3308 1301 δι

404 1319 651 1398 iniusto,
710 1321 767 1380 81
824 1319 1172 1400 imperfecto
1230 1323 1305 1383 sit
1318 1367 1337 1402 ,
1398 1323 1609 1386 merito
1669 1321 2004 1386 doctrinam
2063 1340 2360 1401 quamque
2410 1321 2588 1384 aliam
2640 1321 2734 1383 his
2773 1321 3066 1383 attributis
3105 1340 3308 1383 carere

405 1399 755 1462 iudicamuS.
810 1402 953 1462 Sola
1008 1404 1161 1463 haec
1215 1402 1516 1482 doctrina,
1566 1421 1719 1481 quae
1756 1406 1955 1464 Deum
1991 1403 2450 1481 sanctissimum,
2502 1400 2882 1463 iustissimum
2897 1445 2912 1476 ,
2953 1400 3304 1479 perfectissi-

403 1483 687 1558 mumque
730 1490 1036 1543 auctorem
1086 1481 1296 1561 habet,
1336 1481 1429 1544 his
1466 1483 1671 1562 elogiis
1710 1493 2040 1546 exornatur.
2103 1482 2272 1544 Aliae
2309 1481 2616 1544 doctrinae
2653 1500 2862 1542 omnes
2880 1526 2896 1556 ‚
2958 1481 3068 1542 etsi
3103 1485 3141 1542 a
3178 1482 3312 1544 Deo

404 1568 573 1651 sunt,
613 1569 813 1620 tamen
850 1561 930 1622 ab
968 1560 1367 1623 instrumentis
1406 1573 1541 1623 sunt
1571 1563 1767 1642 aliqua
1784 1561 2243 1643 prophanitatis,
2263 1561 2607 1641 iniustitiae,
2628 1565 2683 1623 &
2704 1560 3162 1640 imperfectionis
3181 1563 3316 1623 labe

401 1637 755 1716 inquinatis:
794 1643 927 1702 Imo
964 1640 1108 1702 nihil
1150 1651 1273 1702 tam
1306 1641 1521 1722 sancti,
1558 1640 1720 1722 iusti,
1760 1652 1863 1705 aut
1897 1642 2146 1721 perfecti
2185 1645 2436 1721 docent,
2479 1640 2624 1719 quin
2661 1640 2866 1702 vitium
2907 1639 3149 1718 aliquod
3169 1641 3310 1719 ipsis

402 1737 639 1797 semper
675 1721 753 1779 ab
792 1730 1064 1798 auctore,
1103 1728 1140 1780 a
1176 1731 1389 1782 natura
1428 1722 1734 1785 doctrinae
1748 1767 1767 1803 ,
1805 1727 1844 1784 a
1884 1721 2114 1784 ratione
2127 1767 2144 1801 ,
2185 1732 2287 1783 aut
2325 1721 2512 1784 modo
2531 1720 2684 1783 illius
2702 1721 3101 1782 adhaerescat.
3139 1723 3314 1781 Haec

400 1807 600 1859 autem
658 1799 931 1860 doctrina
986 1801 1245 1862 veritatis
1258 1847 1277 1880 ,
1335 1802 1705 1863 sanctitatem
1756 1807 1795 1864 a
1845 1804 1981 1863 Deo
2020 1803 2234 1863 habet:
2295 1818 2549 1880 eamque
2587 1801 2671 1861 sic
2711 1800 2772 1862 in
2803 1801 2939 1861 Deo
2981 1801 3188 1874 docet,
3246 1810 3313 1861 vt

402 1881 481 1939 ab
540 1880 817 1940 omnibus
876 1880 1055 1941 rebus
1114 1881 1324 1942 creatis
1338 1927 1355 1960 ,
1408 1883 1680 1959 adeoque
1732 1883 1810 1943 ab
1849 1882 1981 1960 ipso
2017 1881 2261 1943 homine
2302 1899 2435 1943 eam
2475 1879 2849 1959 abiudicans,
2905 1880 2968 1940 in
3005 1882 3140 1940 Deo
3179 1881 3310 1940 solo

402 1959 770 2020 demonstret
836 1958 1112 2020 obtineri.
1189 1961 1475 2023 Iustitiam
1533 1966 1706 2040 vero,
1767 1979 1885 2041 qua
1935 1979 2108 2023 suum
2167 1962 2380 2039 cuique
2438 1960 2734 2039 redditur,
2793 1962 2929 2021 Deo
2989 1960 3311 2021 secundum

402 2036 714 2117 pietatem,
769 2038 1109 2101 hominibus
1166 2043 1499 2102 secundum
1558 2051 1826 2102 naturam
1885 2045 1941 2102 &
1979 2040 2108 2102 iura
2147 2040 2520 2118 communia,
2557 2060 2631 2101 ac
2671 2038 2982 2118 singularia
3020 2039 3314 2118 ipsorum,

402 2119 567 2179 nulla
626 2118 899 2180 doctrina
954 2120 1039 2180 sic
1078 2121 1258 2181 docet
1296 2123 1375 2182 ab
1412 2121 1751 2183 hominibus
1792 2121 2032 2185 tradita.
2074 2120 2216 2198 quin
2257 2121 2333 2181 de
2372 2121 2496 2182 iure
2535 2118 2651 2181 Dei
2689 2120 3007 2196 officioque
3045 2118 3110 2179 in
3147 2119 3314 2179 illum

404 2197 781 2258 deminuatur
816 2198 1161 2279 plurimum,
1202 2204 1258 2261 &
1298 2204 1673 2278 (quacunque
1713 2201 1910 2279 specie
1947 2200 2013 2261 id
2053 2199 2310 2277 accidat)
2347 2203 2385 2259 a
2425 2209 2589 2262 recta
2627 2198 2857 2261 ratione
2895 2199 3140 2258 humani
3177 2196 3318 2258 iuris

406 2276 775 2359 deflectatur,
816 2279 941 2339 siue
979 2278 1127 2356 quid
1164 2280 1379 2342 iustum
1418 2299 1543 2342 non
1580 2279 1974 2359 praecipiatur
1987 2325 2005 2359 ,
2045 2279 2210 2357 quod
2246 2278 2508 2358 praecipi
2547 2277 2812 2357 oportuit
2827 2323 2846 2356 ,
2887 2277 3014 2339 siue
3034 2287 3320 2339 statuatur

404 2355 715 2439 iniustum,
750 2360 917 2435 quod
956 2359 1219 2439 oportuit
1257 2359 1613 2439 praecaueri.
1652 2361 2034 2439 Quapropter
2067 2359 2242 2421 etiam
2269 2360 2528 2420 humana
2556 2358 2798 2436 quaeuis
2817 2356 3090 2419 doctrina
3109 2358 3320 2436 imper-

406 2437 663 2499 fectione
723 2457 831 2500 sua
887 2440 1153 2501 abundat
1200 2458 1435 2519 semper
1448 2486 1466 2520 ,
1516 2450 1695 2519 atque
1746 2440 2124 2502 circumfluit=
2168 2441 2322 2500 Ciun
2365 2456 2560 2518 neque
2598 2440 2659 2499 in
2702 2437 2930 2499 ratione
2969 2436 3289 2499 sanctitatis
3305 2486 3320 2517 ,

408 2535 602 2594 neque
640 2518 703 2579 in
742 2520 971 2581 ratione
1009 2520 1285 2599 iustitiae,
1320 2538 1515 2599 neque
1552 2520 1615 2581 in
1653 2520 1880 2581 ratione
1919 2520 2187 2581 omnium
2228 2537 2428 2581 earum
2467 2536 2663 2580 rerum
2702 2535 2854 2595 quae
2895 2517 2972 2578 ad
3010 2518 3322 2596 perfectio-

404 2616 545 2657 nem
599 2599 949 2679 sanctitatis,
1001 2598 1251 2661 iustitiae
1264 2645 1283 2679 ,
1327 2612 1430 2661 aut
1469 2599 1691 2661 ordinis
1733 2604 1789 2661 &
1828 2598 2280 2662 conuenientiae
2317 2600 2585 2660 omnium
2637 2616 2834 2659 rerum
2871 2598 3024 2658 inter
3061 2616 3126 2658 se
3167 2614 3320 2675 opus

407 2686 571 2755 sunt,
616 2678 891 2740 exhibeat
926 2680 1351 2758 perfectionem
1388 2680 1583 2753 illam,
1626 2696 1807 2755 quam
1844 2682 2038 2759 Deus,
2077 2690 2288 2740 natura
2302 2724 2320 2757 ,
2359 2680 2514 2739 ordo
2556 2677 2910 2739 desiderant.
2949 2680 3021 2737 In
3043 2678 3158 2737 hac
3177 2681 3321 2737 vero

407 2755 683 2817 doctrina
738 2758 883 2819 nihil
942 2756 1230 2820 eiusmodi
1272 2770 1497 2821 exstare
1533 2768 1759 2839 potest:
1798 2778 1939 2819 nam
1979 2762 2035 2820 δε
2073 2759 2152 2819 ab
2191 2768 2431 2820 auctore
2471 2767 2710 2835 sancto,
2749 2758 2903 2818 iusto
2917 2802 2935 2835 ,
2973 2766 3151 2833 atque
3194 2774 3324 2833 per-

410 2838 571 2897 fecto
627 2845 717 2897 est
730 2882 749 2916 ,
808 2841 865 2899 δι
912 2839 1242 2900 secundum
1294 2850 1631 2919 auctorem,
1674 2840 1890 2901 iustum
1903 2883 1923 2919 ,
1965 2850 2261 2916 sanctum,
2304 2847 2482 2916 atque
2520 2839 2851 2916 perfectum
2891 2846 3009 2896 est:
3051 2840 3108 2896 δι
3145 2836 3208 2895 in
3248 2854 3322 2896 eo

407 2918 571 2976 velut
600 2917 919 2995 exemplari
953 2936 1187 2995 semper
1225 2929 1343 2999 est,
1385 2918 1488 2997 qui
1524 2919 1651 2998 ipse
1690 2931 1779 2980 est
1818 2918 2095 2979 sanctitas
2109 2963 2128 2993 ,
2167 2917 2384 2979 iustitia
2449 2927 2628 2995 atque
2648 2916 2952 2995 perfectio.
2972 2917 3065 2975 Ex
3085 2932 3207 2993 quo
3226 2916 3324 2993 fit,

412 3005 477 3056 vt
512 2995 660 3056 nihil
698 2997 837 3057 mali
874 2996 1040 3076 insit,
1082 3000 1137 3059 &
1175 2998 1321 3059 nihil
1360 3017 1485 3060 non
1522 2998 1659 3059 insit
1697 3000 1943 3059 omnino
1981 2998 2129 3059 boni
2167 2997 2228 3057 in
2269 3017 2341 3058 ea
2379 2963 2650 3059 doctrina
2687 3014 2867 3074 quam
2905 2996 3085 3057 veluti
3122 3014 3326 3073 specu-

408 3077 535 3136 lum
574 3074 665 3135 sui
702 3075 883 3154 ipsius
916 3086 1156 3138 aeterna
1192 3078 1293 3138 illa
1330 3079 1445 3139 Dei
1486 3079 1789 3158 sanctitaS,
1830 3078 2046 3139 iustitia
2060 3123 2078 3156 ,
2117 3087 2295 3155 atque
2333 3078 2617 3156 perfectio
2637 3077 2700 3137 in
2719 3085 2896 3155 gente
2914 3075 3222 3138 hominum
3243 3074 3328 3135 in-

408 3154 745 3217 desinenter
783 3167 1211 3235 repraesentat,
1250 3158 1313 3218 in
1350 3176 1529 3236 quam
1560 3158 1763 3219 defixis
1784 3158 1972 3219 oculis
1991 3156 2370 3219 attentissime
2389 3156 2938 3235 religiosissimeque
2957 3156 3326 3215 haereamus.

492 3234 587 3293 Ex
644 3235 761 3295 hac
816 3238 961 3296 vero
1020 3238 1522 3315 contemplatione
1580 3238 1765 3299 diuini
1812 3236 1986 3298 huius
2025 3241 2082 3297 δι
2121 3238 2384 3297 salutaris
2423 3236 2646 3315 speculi
2660 3281 2678 3315 ,
2719 3254 2826 3297 sua
2867 3236 3078 3297 effecta
3117 3252 3326 3296 conse-

412 3323 673 3391 quuntur
729 3315 791 3376 in
850 3315 1217 3394 hominibus,
1254 3316 1469 3394 quibus
1507 3326 1645 3379 ante
1686 3319 1895 3379 oculos
1938 3319 2204 3378 oblatum
2244 3326 2360 3396 est,
2401 3316 2694 3378 attributis
2733 3314 2846 3377 illis
2885 3313 3326 3393 respondentia.

412 3395 571 3453 Nam
626 3410 765 3455 cum
824 3396 974 3456 haec
1032 3395 1304 3457 doctrina
1361 3396 1619 3459 veritatis
1674 3406 1908 3475 sancta,
1947 3397 2098 3457 iusta
2111 3442 2128 3476 ,
2168 3408 2350 3474 atque
2391 3398 2655 3473 perfecta
2692 3397 2785 3475 fit,
2827 3414 3066 3457 causam
3105 3395 3326 3455 bonam

416 3472 592 3533 edere
631 3474 857 3536 fructus
896 3475 1093 3538 bonos
1133 3494 1377 3537 necesse
1419 3486 1538 3555 est,
1580 3479 1636 3537 δι
1674 3477 1917 3554 quidem
1956 3476 2018 3535 in
2060 3494 2134 3537 eo
2175 3477 2305 3537 solo
2346 3475 2522 3536 edere
2536 3522 2554 3556 ,
2595 3476 2657 3536 in
2701 3494 2822 3553 quo
2842 3495 2949 3553 per
2966 3476 3330 3536 voluntatem

418 3552 537 3613 Dei
572 3554 839 3631 plantata
876 3554 1189 3617 radicatur.
1242 3557 1353 3617 Est
1390 3565 1587 3617 autem
1628 3558 1777 3617 haec
1817 3555 2089 3617 doctrina
2125 3557 2203 3616 ad
2243 3557 2514 3617 homines
2554 3556 2730 3617 allam
2767 3554 3014 3616 coelitus
3027 3600 3045 3633 ,
3066 3554 3168 3632 qui
3192 3572 3333 3631 ager

416 3632 559 3705 Dei,
621 3632 958 3695 aedificium
1016 3636 1159 3715 Dei,
1220 3636 1277 3695 δι
1336 3635 1685 3714 agricolatio
1744 3636 1861 3697 Dei
1918 3636 2307 3714 appellantur.
2367 3656 2392 3695 1
2445 3638 2704 3696 Corinth.
2745 3654 2802 3712 3.
2843 3655 2898 3712 9.
2959 3634 3096 3694 Hos
3135 3632 3330 3709 itaque

421 3714 667 3773 effecms
704 3713 1109 3794 exposuimus,
1149 3714 1411 3777 dicentes
1425 3761 1442 3793 ,
1484 3719 1799 3794 propterea
1832 3717 1994 3776 hanc
2035 3716 2368 3776 doctrinam
2409 3716 2586 3777 fuisse
2626 3715 2828 3775 datam
2845 3760 2863 3793 ,
2902 3723 3081 3790 atque
3120 3714 3158 3771 a
3195 3714 3330 3772 Deo

419 3790 797 3853 informatam
810 3838 827 3867 ,
886 3802 952 3855 vt
1006 3797 1069 3855 in
1124 3798 1560 3857 sanctimoniam
1622 3798 1683 3855 in
1743 3797 1937 3867 nobis,
1997 3798 2274 3857 iustitiam
2336 3815 2486 3871 erga
2537 3814 2728 3855 omnes
2743 3840 2760 3873 ,
2801 3796 2878 3854 ἐφ’
2916 3792 3332 3872 perfectionem

402 3881 525 3950 per
562 3876 757 3933 omnia
794 3894 971 3951 quam
994 3876 1425 3954 perfectissime
1459 3877 1822 3952 dirigamur:
1867 3874 2161 3936 Videlicet
2201 3886 2483 3951 tanquam
2523 3875 2654 3934 face
2694 3884 2830 3933 ante
2865 3874 3073 3933 oculos
3091 3882 3330 3932 nostros

416 3952 455 4011 a
512 3952 644 4012 Deo
703 3952 974 4031 deposita
989 3996 1007 4027 ‚
1066 3965 1131 4015 vt
1190 3974 1263 4016 ea
1320 3956 1695 4033 praelucente
1746 3956 2147 4015 indesinenter
2197 3955 2258 4015 in
2296 3953 2393 4015 via
2446 3952 2706 4015 veritatis
2745 3950 2896 4012 illius
2935 3953 3326 4013 ambulemus.

418 4030 659 4091 Etenim
719 4032 865 4111 quid
924 4044 1049 4094 tam
1107 4035 1502 4105 necessarium
1560 4034 1787 4095 homini
1838 4054 1966 4095 esse
2022 4046 2251 4113 potest,
2304 4052 2486 4111 quam
2538 4045 2604 4094 vt
2641 4034 2839 4093 Deum
2879 4040 3206 4109 cognoscat
3221 4075 3239 4108 ,
3281 4029 3332 4091 si

417 4128 545 4171 non
602 4130 715 4189 pro
774 4126 839 4174 vt
899 4126 1021 4192 est,
1075 4116 1283 4175 saltem
1334 4123 1399 4174 vt
1437 4114 1719 4193 cognosci
1760 4111 1997 4193 potest?
2038 4113 2202 4190 Quid
2239 4126 2362 4174 tam
2399 4112 2566 4193 vtile,
2609 4114 2790 4190 quam
2831 4115 2897 4172 'vt
2935 4114 3072 4172 Deo
3089 4156 3106 4189 ,
3149 4126 3330 4188 quem

422 4190 765 4269 cognoscit,
815 4204 992 4271 prout
1046 4193 1356 4272 cognoscit
1395 4195 1581 4255 homo
1597 4238 1616 4272 ,
1656 4213 1729 4255 ac
1767 4193 1964 4272 potius
2004 4202 2182 4272 prout
2221 4212 2284 4253 se
2323 4193 2488 4253 Deus
2527 4192 3016 4269 cognoscendum
3055 4193 3334 4268 praebet,

426 4270 867 4333 conformetur?
927 4272 1089 4348 Quid
1151 4284 1272 4333 tam
1330 4272 1684 4354 gloriosum,
1732 4277 1911 4351 quam
1965 4286 2031 4335 vt
2078 4271 2315 4334 salutari
2353 4274 2466 4333 hac
2506 4270 2982 4334 conformatione
3023 4272 3102 4331 ad
3139 4272 3336 4330 Deum

409 4352 783 4433 ’contendat,
844 4362 909 4412 vt
967 4372 1289 4431 perennem
1347 4354 1575 4415 fontem
1636 4352 2088 4434 sanctimoniae,
2149 4355 2213 4430 (f.
2283 4353 2477 4427 1408.)
2529 4351 2810 4432 iustitiae,
2864 4355 2920 4413 δι
2959 4347 3336 4430 perfectionis

3157 4446 3297 4488 suae
3315 4471 3336 4506 ,
