3923 4875
1315 372 1653 416 ‘russas
1714 371 2360 418 THEOLOGICAE.
3193 376 3304 434 119

387 532 553 591 Deus
590 541 693 590 aut
732 530 1022 605 inscitiae,
1076 532 1239 609 quod
1276 532 1588 592 nesciuerit
1625 534 1945 609 perfectam
1987 534 2154 609 dare,
2197 543 2298 591 aut
2339 531 2621 600 inuidiae,
2663 534 2828 608 quod
2868 533 3154 609 noluerit,
3195 545 3296 592 aut

385 610 797 687 impotentiae,
838 613 1001 686 quod
1044 631 1163 670 non
1207 613 1477 688 potuerit.
1520 615 1625 671 111.
1666 613 1765 672 Ab
1805 611 2028 672 effectis
2071 613 2130 668 S.
2165 611 2526 688 scripturae,
2560 623 2653 686 vt,
2689 611 2852 688 quod
2873 612 3046 671 faciat
3066 613 3290 690 sapien-

384 701 506 749 tem
546 693 623 750 ad
664 692 943 763 salutem,
990 711 1041 749 2.
1092 692 1239 752 Tim.
1282 711 1337 766 3.
1389 708 1477 768 15.
1520 691 1821 751 hominem
1862 691 1939 751 ad
1980 693 2206 749 immun
2250 708 2399 767 opus
2439 693 2696 767 perfecte
2737 691 3013 765 instruat,
3047 694 3250 750 ibidem
3269 709 3294 760 ‚⁰

386 780 725 846 regeneret,
774 789 823 829 1.
866 773 989 830 Pet.
1040 791 1089 829 1.
1134 791 1202 847 23
1246 773 1451 830 saluet.
1492 773 1663 831 Rom.
1709 792 1758 830 1.
1808 774 1894 829 16.
1937 771 2144 830 liberet
2169 775 2216 829 a
2233 770 2510 830 seruitute
2531 770 2789 848 peccati,
2819 772 2953 829 Iole.
2975 775 3031 829 8.
3052 771 3290 830 beatum

382 849 633 927 efficiat,
674 853 776 909 Ps.
826 869 873 908 r.
922 870 972 908 1.
1018 871 1072 908 2.
1113 850 1168 908 &
1208 851 1463 926 denique
1505 869 1641 910 curn
1684 851 1847 922 De0,
1888 851 1943 908 ὅτ
1983 853 2222 910 Christo
2259 849 2448 925 viuat,
2503 870 2550 908 1.
2585 853 2718 910 Iolt.
2751 871 2797 909 t.
2833 853 3097 909 Perfecta
3119 870 3290 928 erg0,

384 944 567 1004 quum
628 928 772 988 nihil
828 941 1133 1004 praeterea
1192 931 1589 990 desideremus
1646 941 1747 989 aut
1788 947 1937 1007 opus
1978 931 2300 990 habeamus
2339 931 2418 988 ad
2461 931 2706 988 salutem
2745 939 3043 989 aeternam
3085 949 3292 988 conse-

384 1009 703 1083 quendam.
767 1010 869 1067 IV.
939 1011 1031 1068 Ab
1085 1009 1155 1068 iis
1194 1011 1253 1069 S.
1296 1010 1630 1086 Scripturae
1671 1009 1818 1069 locis
1858 1009 2074 1087 quibus
2113 1008 2488 1068 Traditiones
2529 1010 2775 1090 ἄγραφοι
2817 1013 3092 1085 expresse
3129 1010 3290 1068 dam-

380 1098 627 1164 nantur,
670 1099 730 1147 vt
768 1090 978 1150 Matth.
1024 1106 1113 1165 15.
1155 1093 1243 1149 16.
1275 1092 1327 1150 81
1360 1091 1546 1149 Mare.
1582 1106 1631 1163 7.
1670 1109 1757 1164 13.
1792 1093 1846 1149 δι
1878 1092 2012 1150 Esa.
2049 1109 2141 1164 29.
2170 1109 2261 1164 13.
2307 1091 2567 1147 Frustra
2596 1107 2684 1146 me
2715 1090 2933 1164 colunt,
2956 1097 3286 1165 seruantes,

380 1171 490 1226 διε.
532 1171 588 1227 &
627 1169 761 1227 Gal.
813 1189 861 1227 1.
910 1189 1000 1228 20.
1054 1170 1267 1229 Paulus
1302 1168 1383 1228 ait
1422 1189 1485 1228 se
1524 1173 1683 1245 (ante
1725 1169 2176 1230 conuersionem
2217 1170 2406 1241 suam)
2447 1167 2624 1227 fuisse
2663 1171 3068 1226 aemulatorem
3089 1177 3291 1245 pater-

377 1266 595 1305 narum
647 1249 707 1305 T
696 1249 1049 1308 raditionime
1088 1249 1197 1308 &c.

460 1346 517 1404 9.
598 1324 795 1401 Quid?
839 1329 1003 1404 quod
1042 1347 1165 1387 non
1204 1327 1317 1387 alia
1355 1329 1433 1388 de
1474 1345 1677 1386 caussa
1720 1326 2060 1388 Canonicae
2101 1326 2376 1386 dicuntur
2414 1325 2748 1402 Scripturae
2781 1330 2960 1404 quam
2981 1325 3144 1402 quod
3165 1329 3283 1403 (vel

378 1405 643 1482 ipsorum
701 1407 1141 1468 Pontificiorum
1203 1406 1565 1482 testimonio)
1616 1407 1849 1484 pietatis
1889 1410 1943 1466 &
1987 1405 2310 1484 Religionis
2359 1406 2677 1482 Canonem,
2718 1407 2834 1466 hoc
2873 1417 2990 1482 est,
3029 1410 3286 1483 regulam

378 1499 557 1560 atque
593 1504 863 1546 normam
898 1491 933 1546 ὲ
971 1487 1153 1548 coelis
1194 1505 1429 1548 summo
1471 1486 1584 1545 Dei
1628 1485 1917 1547 beneficio
1956 1487 2036 1544 ad
2067 1505 2179 1546 nos
2201 1487 2454 1544 delatam
2477 1485 2819 1544 contineant
2838 1485 3284 1562 anrplissimam3

378 1583 503 1641 quo
542 1569 701 1624 certe
740 1565 1208 1626 manifestissime
1249 1567 1373 1626 eius
1404 1566 1691 1646 perfectio
1731 1565 2024 1642 arguitur.
2063 1583 2246 1642 quum
2286 1563 2431 1624 nihil.
2471 1563 2628 1623 aliud
2671 1565 2745 1624 sit
2781 1567 2962 1625 κανὼν
2994 1569 3170 1640 quarn
3204 1571 3289 1638 (vt

378 1645 583 1704 definit
603 1646 881 1721 Varinus)
900 1648 1109 1725 μέτρον
1127 1647 1493 1721 ἀδιάψευςον
1526 1651 1719 1704 πᾶσαν
1750 1653 2070 1725 πρόσθεσιν
2093 1646 2182 1702 καὶ
2205 1647 2522 1722 ἀφαίρεσιν
2548 1646 2819 1719 μηδαμῶς
2849 1645 3284 1719 ἀποδεχόμενον.

468 1744 557 1783 ιο.
640 1725 815 1784 Adde
874 1729 1067 1802 quod,
1128 1723 1239 1783 nisi
1300 1725 1357 1783 S.
1419 1725 1783 1800 Scripturam
1844 1743 1914 1783 ea
1977 1725 2176 1784 omnia
2236 1723 2542 1800 perspicue
2595 1725 2649 1780 ὅτ
2691 1726 2946 1799 perfecte
2985 1724 3287 1782 continere

376 1823 801 1882 agnoscamus,
851 1821 1105 1880 quorum
1146 1804 1409 1882 cognitio
1451 1806 1507 1862 δι
1544 1803 1691 1863 fides
1733 1805 1807 1863 ad
1849 1805 2096 1863 salutem
2141 1817 2404 1862 nostram
2445 1813 2532 1862 est
2570 1803 2930 1877 necessaria,
2966 1803 3072 1861 sed
3113 1802 3286 1861 etiam

376 1882 789 1944 traditionibus
830 1883 1275 1944 Pontificiorum
1318 1902 1441 1943 non
1481 1882 1718 1960 scriptis
1758 1901 1907 1961 opus
1948 1902 2076 1943 esse
2116 1885 2547 1958 concedamus,
2589 1881 2919 1942 necessario
2949 1881 3124 1942 etiarn
3147 1900 3288 1940 con-

378 1964 713 2022 cedendum
772 1962 881 2023 erit
918 1966 964 2022 1.
1008 1965 1332 2041 Apostolos
1374 1963 1574 2023 omnia
1612 1965 1691 2022 ad
1730 1966 1977 2023 salutem
2019 1962 2343 2022 necessaria
2384 1973 2484 2020 aut
2523 1981 2642 2021 non
2687 1963 2960 2021 debuisse
3000 1961 3290 2035 scribere,

376 2053 481 2101 aut
542 2043 824 2120 noluisse,
883 2053 985 2101 aut
1043 2061 1167 2102 non
1206 2043 1497 2119 potuisse,
1536 2059 1719 2120 quum
1760 2055 1957 2102 tamen
2003 2042 2062 2100 in
2107 2061 2350 2102 omnem
2390 2049 2693 2101 veritatem
2734 2044 2771 2100 a
2811 2041 3030 2119 Spiritu
3071 2043 3290 2100 Sancto

376 2122 617 2182 deducti
678 2123 907 2182 suerint.
968 2124 1098 2181 solz.
1166 2125 1253 2181 16.
1312 2125 1391 2182 ΙΙ.
1452 2123 1809 2198 Scripturam
1872 2122 2102 2182 Veteris
2161 2120 2522 2181 Testamenti
2564 2139 2692 2180 esse
2733 2122 2891 2180 Noui
2930 2121 3290 2180 Testamenti

376 2201 676 2278 Scriptura
736 2201 1177 2280 perfectiorem,
1238 2220 1421 2278 quum
1470 2201 1613 2263 nihil
1657 2203 1841 2279 possit
1881 2201 2097 2260 adferri
2139 2211 2302 2260 extra
2340 2201 2498 2259 illam
2542 2199 2934 2278 Scripturam,
2976 2201 3138 2276 quod
3179 2199 3289 2274 piis

376 2282 697 2341 maioribus
737 2284 848 2341 sub
888 2282 1091 2341 Veteri
1130 2284 1515 2342 Testamento
1561 2281 1891 2340 constitutis
1932 2281 2102 2340 suerit
2142 2282 2218 2339 ad
2253 2283 2501 2340 salutem
2521 2279 2928 2338 necessarium.
2960 2282 3063 2338 111.
3109 2279 3288 2338 Sacra

376 2361 569 2421 Biblia
610 2381 731 2420 non
770 2362 1131 2437 respondere
1172 2379 1310 2421 suae
1351 2360 1713 2439 inscriptioni
1756 2365 2059 2439 διαθήκῃςε
2105 2359 2152 2418 si
2193 2359 2434 2436 quidem
2473 2358 2648 2418 liceat
2690 2358 3028 2417 hominibus
3068 2359 3288 2416 addere

374 2442 612 2502 diuinae
654 2444 903 2519 διαθήκῃ
962 2443 1065 2501 IV.
1110 2443 1379 2502 Eandem
1420 2444 1595 2501 fidem
1639 2460 1767 2502 esse
1807 2444 2036 2517 scriptis
2078 2452 2340 2501 veterum
2379 2437 2781 2499 adhibendam
2823 2458 2974 2514 quae
3004 2440 3060 2498 S.
3097 2437 3288 2514 Scrip—

378 2534 573 2581 turae:
636 2522 839 2579 immo.
911 2524 978 2580 V.
1042 2532 1263 2581 certam
1326 2541 1454 2581 esse
1499 2522 1679 2581 fidem
1721 2520 2120 2581 adhibendam
2163 2521 2222 2579 in
2265 2520 2334 2580 iis
2371 2522 2546 2579 rebus
2585 2518 2664 2577 de
2701 2518 2916 2593 quibus
2958 2520 3121 2577 certo
3164 2536 3284 2575 non

378 2611 640 2661 constat:
683 2600 827 2677 quid
868 2601 1023 2661 enim
1065 2602 1250 2679 magis
1289 2602 1515 2661 varium
1553 2605 1608 2662 δι
1650 2602 1937 2661 incertum
1979 2612 2067 2660 est
2108 2600 2230 2661 istis
2271 2598 2718 2673 traditionibuS,
2760 2597 2974 2673 quibus
2995 2596 3282 2672 Pontificij

377 2683 677 2742 defectum
737 2680 1073 2757 Scripturae
1132 2684 1402 2759 supplere
1464 2676 1707 2740 volunt?
1768 2680 2044 2758 Denique
2082 2683 2186 2739 VI.
2229 2688 2505 2757 sequetur
2547 2679 2872 2754 Apostolos
2910 2678 3026 2737 alio
3067 2676 3284 2753 Spiritu

374 2761 556 2821 fuisse
595 2764 829 2821 locutos
866 2764 1046 2836 quam
1086 2778 1208 2837 quo
1250 2760 1615 2837 scripserint,
1658 2777 1811 2837 quae
1850 2760 2051 2819 omnia
2090 2764 2269 2836 quam
2291 2759 2549 2820 absurda
2567 2756 2757 2818 sint&
2781 2760 3067 2835 ἀθεόλογα
3088 2758 3280 2816 nullus

378 2852 469 2901 est
510 2842 611 2917 qui
653 2858 776 2899 non
816 2840 1029 2899 videat.

466 2940 557 2979 11.
633 2922 847 2979 Errant
884 2918 1057 2997 igitur
1098 2920 1389 2979 Libertini
1429 2920 1505 2978 ἐν
1545 2920 1968 2998 Anabaptistae
1989 2966 2004 2991 ,
2049 2925 2380 2995 caeterique
2419 2918 2482 2977 id
2521 2936 2706 2995 genus
2748 2915 3058 2993 haeretici,
3092 2914 3192 2992 qui
3227 2918 3286 2975 S.

378 3000 736 3076 Scripturam
798 3018 911 3076 pro
968 3000 1167 3058 sabula
1213 3000 1523 3072 habenteS,
1577 2998 1889 3075 multisque
1928 2998 2163 3076 probris
2203 2997 2578 3075 impudenter
2615 2995 2967 3071 afficienteS,
3008 2994 3286 3073 Spiritum

378 3080 585 3139 nescio
622 3098 800 3156 quem
842 3078 1338 3137 Enthusiasticum
1378 3078 1614 3137 iactant.

467 3180 555 3218 12.
638 3160 853 3217 Errant
891 3157 1029 3217 item
1072 3158 1127 3216 δι
1167 3157 1487 3233 Pontificij,
1529 3160 1573 3216 I.
1616 3157 1778 3233 qued
1818 3176 1940 3216 non
1984 3155 2248 3217 contenti
2267 3156 2334 3215 iis
2355 3154 2780 3226 voluminibuS,
2816 3154 3048 3230 quaein
3069 3157 3286 3214 Vetere

379 3241 761 3298 Testamento
821 3235 977 3297 edita
1038 3247 1174 3297 sunt
1232 3240 1269 3294 ὲ,
1328 3237 1669 3313 ProphetiS,
1730 3236 1785 3294 in
1842 3238 2018 3295 Nouo
2068 3238 2147 3296 ab
2191 3234 2494 3313 Apostolis
2535 3246 2712 3311 atque
2753 3234 3173 3314 EuangelistiS,
3211 3236 3287 3294 ad

378 3317 818 3395 integerrimum
858 3318 977 3376 hoc
1018 3316 1356 3377 Canonicae
1396 3316 1726 3393 Scripturae
1768 3331 1919 3391 opus
1956 3315 2133 3375 etiam
2171 3315 2305 3375 illos
2346 3334 2498 3391 quos
2535 3314 2702 3375 initio
2734 3316 3129 3392 Apocryphos
3149 3335 3284 3392 pro-

378 3398 681 3474 bauitnuS,
720 3397 1067 3473 adiungunt.
1108 3398 1184 3455 II.
1229 3396 1411 3471 Qudd
1453 3395 1788 3472 Scripturae
1808 3395 2224 3455 authoritatem
2247 3416 2319 3455 ex
2340 3414 2492 3455 voce
2511 3394 2968 3472 testimonioque
2989 3394 3288 3455 Ecclesiae

380 3480 639 3555 pendere
702 3486 991 3552 statuunt,
1047 3478 1103 3536 &
1159 3476 1359 3553 quoad
1404 3496 1516 3537 nos
1558 3474 1917 3551 Scripturam
1956 3494 2079 3534 non
2119 3494 2247 3535 esse
2289 3476 2648 3553 Scripturam
2689 3475 2724 3533 i.
2767 3492 2970 3534 verum
3011 3474 3124 3533 Dei
3165 3494 3288 3532 ver-

379 3559 554 3632 bum,
616 3556 724 3616 nisi
782 3568 1025 3633 propter
1066 3554 1370 3616 Ecclesiae
1416 3552 1763 3617 sententiam
1780 3598 1797 3629 ,
1840 3556 2078 3615 docent.
2118 3557 2224 3614 111.
2268 3556 2454 3629 Quod
2491 3555 2820 3615 doctrinam
2862 3553 3290 3630 Scripturamm

378 3638 457 3695 ad
518 3638 765 3696 salntem
808 3654 925 3695 non
965 3632 1382 3708 sufficientem.
1426 3636 1611 3695 immo
1652 3637 1853 3711 aperte
1895 3634 2158 3694 mutilam
2199 3636 2256 3693 δε
2297 3654 2566 3694 mancam
2613 3654 2740 3694 esse
2785 3634 3289 3709 blasphemanteS,

378 3716 432 3775 ei
477 3715 929 3776 innumerabiles
970 3714 1315 3775 traditiones
1358 3718 1691 3795 ἀγράφους,
1734 3730 1983 3790 quarum
2023 3716 2183 3772 nulla
2221 3714 2294 3773 sit
2315 3717 2376 3790 (f.
2409 3716 2604 3788 1606.)
2622 3715 2680 3774 in
2705 3712 3015 3789 Scripturis
3036 3711 3291 3787 menti0,

376 3815 501 3855 non
524 3798 708 3854 modo
732 3794 1131 3871 coniungunt,
1168 3796 1273 3855 sed
1296 3795 1473 3854 etiam
1494 3794 1780 3871 dignitate
1796 3838 1815 3872 ,
1844 3792 2228 3871 authoritate,
2253 3810 2381 3871 vsa,
2401 3796 2538 3871 fide,
2559 3794 2922 3867 necessitate,
2943 3802 3289 3865 exaequant.

2983 4440 3088 4501 VI.
3148 4438 3280 4501 DE
