<?xml version="1.0" encoding="UTF-8"?>
<!DOCTYPE html PUBLIC "-//W3C//DTD XHTML 1.0 Transitional//EN"
    "http://www.w3.org/TR/xhtml1/DTD/xhtml1-transitional.dtd">
<html xmlns="http://www.w3.org/1999/xhtml" xml:lang="en" lang="en">
 <head>
  <title>
</title>
<meta http-equiv="Content-Type" content="text/html;charset=utf-8" />
  <meta name='ocr-system' content='tesseract 3.04.00' />
  <meta name='ocr-capabilities' content='ocr_page ocr_carea ocr_par ocr_line ocrx_word'/>
</head>
<body>
  <div class='ocr_page' id='page_1' title='image "./dfranciscijunii00junigoog_0145.png"; bbox 0 0 3923 4875; ppageno 0'>
   <div class='ocr_carea' id='block_1_1' title="bbox 644 328 2608 387">
    <p class='ocr_par' dir='ltr' id='par_1_1' title="bbox 644 328 2608 387">
     <span class='ocr_line' id='line_1_1' title="bbox 644 328 2608 387; baseline 0.001 -2"><span class='ocrx_word' id='word_1_1' title='bbox 644 328 751 385; x_wconf 87' lang='lat'><strong>118</strong></span> <span class='ocrx_word' id='word_1_2' title='bbox 1533 336 1891 384; x_wconf 59' lang='lat' dir='ltr'><strong>“russas</strong></span> <span class='ocrx_word' id='word_1_3' title='bbox 1950 335 2608 387; x_wconf 65' lang='lat' dir='ltr'><strong>TflssoLooxcat.</strong></span> 
     </span>
    </p>
   </div>
   <div class='ocr_carea' id='block_1_2' title="bbox 624 499 3546 3215">
    <p class='ocr_par' dir='ltr' id='par_1_2' title="bbox 624 499 3537 1137">
     <span class='ocr_line' id='line_1_2' title="bbox 633 499 3535 580; baseline -0 -19"><span class='ocrx_word' id='word_1_4' title='bbox 633 500 796 561; x_wconf 90' lang='lat' dir='ltr'><strong>omni</strong></span> <span class='ocrx_word' id='word_1_5' title='bbox 836 500 947 560; x_wconf 90' lang='lat' dir='ltr'><strong>alia</strong></span> <span class='ocrx_word' id='word_1_6' title='bbox 984 501 1338 562; x_wconf 81' lang='lat' dir='ltr'>authoritate</span> <span class='ocrx_word' id='word_1_7' title='bbox 1380 501 1793 578; x_wconf 75' lang='lat' dir='ltr'><strong>praestantius,</strong></span> <span class='ocrx_word' id='word_1_8' title='bbox 1835 506 1890 562; x_wconf 77' lang='grc' dir='ltr'><strong>δι</strong></span> <span class='ocrx_word' id='word_1_9' title='bbox 1929 502 2056 562; x_wconf 90' lang='lat' dir='ltr'><strong>sine</strong></span> <span class='ocrx_word' id='word_1_10' title='bbox 2095 520 2218 579; x_wconf 89' lang='lat' dir='ltr'><strong>quo</strong></span> <span class='ocrx_word' id='word_1_11' title='bbox 2261 502 2484 580; x_wconf 86' lang='lat' dir='ltr'><strong>reliqua</strong></span> <span class='ocrx_word' id='word_1_12' title='bbox 2523 502 2724 562; x_wconf 87' lang='lat' dir='ltr'><strong>omnia</strong></span> <span class='ocrx_word' id='word_1_13' title='bbox 2763 499 3096 562; x_wconf 85' lang='lat' dir='ltr'><strong>testimonia</strong></span> <span class='ocrx_word' id='word_1_14' title='bbox 3115 501 3172 559; x_wconf 75' lang='grc' dir='ltr'><strong>δι</strong></span> <span class='ocrx_word' id='word_1_15' title='bbox 3191 513 3535 578; x_wconf 85' lang='lat' dir='ltr'><strong>argumenta</strong></span> 
     </span>
     <span class='ocr_line' id='line_1_3' title="bbox 636 579 3536 658; baseline 0 -18"><span class='ocrx_word' id='word_1_16' title='bbox 636 580 878 658; x_wconf 77' lang='lat' dir='ltr'><strong>nulliuS,</strong></span> <span class='ocrx_word' id='word_1_17' title='bbox 938 581 1099 657; x_wconf 89' lang='lat' dir='ltr'><strong>apud</strong></span> <span class='ocrx_word' id='word_1_18' title='bbox 1156 599 1299 658; x_wconf 88' lang='lat' dir='ltr'><strong>nos,</strong></span> <span class='ocrx_word' id='word_1_19' title='bbox 1358 581 1639 658; x_wconf 83' lang='lat' dir='ltr'><strong>ponderis</strong></span> <span class='ocrx_word' id='word_1_20' title='bbox 1700 593 1803 640; x_wconf 87' lang='lat' dir='ltr'><strong>aut</strong></span> <span class='ocrx_word' id='word_1_21' title='bbox 1864 583 2152 642; x_wconf 76' lang='lat' dir='ltr'>momenti</span> <span class='ocrx_word' id='word_1_22' title='bbox 2209 585 2403 642; x_wconf 87' lang='lat' dir='ltr'><strong>sutura</strong></span> <span class='ocrx_word' id='word_1_23' title='bbox 2454 594 2679 650; x_wconf 76' lang='lat' dir='ltr'><strong>essent,</strong></span> <span class='ocrx_word' id='word_1_24' title='bbox 2736 594 2826 642; x_wconf 90' lang='lat' dir='ltr'><strong>est</strong></span> <span class='ocrx_word' id='word_1_25' title='bbox 2865 580 3113 658; x_wconf 84' lang='lat' dir='ltr'><strong>Spiritus</strong></span> <span class='ocrx_word' id='word_1_26' title='bbox 3152 579 3344 640; x_wconf 82' lang='lat' dir='ltr'><strong>sancti</strong></span> <span class='ocrx_word' id='word_1_27' title='bbox 3383 581 3536 640; x_wconf 84' lang='lat' dir='ltr'><strong>intus</strong></span> 
     </span>
     <span class='ocr_line' id='line_1_4' title="bbox 632 660 3534 739; baseline 0 -19"><span class='ocrx_word' id='word_1_28' title='bbox 632 660 893 721; x_wconf 88' lang='lat' dir='ltr'><strong>animum</strong></span> <span class='ocrx_word' id='word_1_29' title='bbox 953 672 1221 720; x_wconf 85' lang='lat' dir='ltr'><strong>nostrum</strong></span> <span class='ocrx_word' id='word_1_30' title='bbox 1279 661 1630 738; x_wconf 85' lang='lat' dir='ltr'><strong>alloquentis</strong></span> <span class='ocrx_word' id='word_1_31' title='bbox 1688 665 1744 721; x_wconf 91' lang='lat'>&amp;</span> <span class='ocrx_word' id='word_1_32' title='bbox 1804 664 1915 721; x_wconf 90' lang='lat' dir='ltr'><strong>hos</strong></span> <span class='ocrx_word' id='word_1_33' title='bbox 1969 665 2029 722; x_wconf 91' lang='lat' dir='ltr'><strong>S.</strong></span> <span class='ocrx_word' id='word_1_34' title='bbox 2072 661 2406 739; x_wconf 90' lang='lat' dir='ltr'><strong>Scripturae</strong></span> <span class='ocrx_word' id='word_1_35' title='bbox 2444 660 2630 722; x_wconf 89' lang='lat' dir='ltr'><strong>libros</strong></span> <span class='ocrx_word' id='word_1_36' title='bbox 2669 668 3088 734; x_wconf 69' lang='grc' dir='ltr'><strong>θεοπνεύςους,</strong></span> <span class='ocrx_word' id='word_1_37' title='bbox 3133 660 3196 720; x_wconf 90' lang='lat' dir='ltr'><strong>id</strong></span> <span class='ocrx_word' id='word_1_38' title='bbox 3239 671 3360 735; x_wconf 82' lang='lat' dir='ltr'><strong>est,</strong></span> <span class='ocrx_word' id='word_1_39' title='bbox 3397 663 3436 719; x_wconf 75' lang='lat' dir='ltr'><strong>a</strong></span> <span class='ocrx_word' id='word_1_40' title='bbox 3475 679 3534 720; x_wconf 89' lang='lat' dir='ltr'><strong>se</strong></span> 
     </span>
     <span class='ocr_line' id='line_1_5' title="bbox 632 739 3536 819; baseline 0 -20"><span class='ocrx_word' id='word_1_41' title='bbox 632 739 885 800; x_wconf 87' lang='lat' dir='ltr'><strong>dictatos</strong></span> <span class='ocrx_word' id='word_1_42' title='bbox 943 759 1098 818; x_wconf 88' lang='lat' dir='ltr'><strong>esse,</strong></span> <span class='ocrx_word' id='word_1_43' title='bbox 1158 739 1383 817; x_wconf 89' lang='lat' dir='ltr'><strong>spiritui</strong></span> <span class='ocrx_word' id='word_1_44' title='bbox 1434 752 1639 800; x_wconf 87' lang='lat' dir='ltr'><strong>nostro</strong></span> <span class='ocrx_word' id='word_1_45' title='bbox 1692 741 1958 801; x_wconf 88' lang='lat' dir='ltr'><strong>testantis</strong></span> <span class='ocrx_word' id='word_1_46' title='bbox 2007 743 2061 801; x_wconf 71' lang='grc' dir='ltr'><strong>δε</strong></span> <span class='ocrx_word' id='word_1_47' title='bbox 2105 741 2274 819; x_wconf 83' lang='lat' dir='ltr'>quasi</span> <span class='ocrx_word' id='word_1_48' title='bbox 2313 741 2717 818; x_wconf 88' lang='lat' dir='ltr'><strong>obsignantis:</strong></span> <span class='ocrx_word' id='word_1_49' title='bbox 2759 750 2936 818; x_wconf 87' lang='lat' dir='ltr'><strong>atque</strong></span> <span class='ocrx_word' id='word_1_50' title='bbox 2973 739 3147 800; x_wconf 85' lang='lat' dir='ltr'><strong>huius</strong></span> <span class='ocrx_word' id='word_1_51' title='bbox 3189 741 3250 800; x_wconf 91' lang='lat' dir='ltr'><strong>S.</strong></span> <span class='ocrx_word' id='word_1_52' title='bbox 3291 739 3536 818; x_wconf 86' lang='lat' dir='ltr'><strong>Spiritus</strong></span> 
     </span>
     <span class='ocr_line' id='line_1_6' title="bbox 630 819 3534 898; baseline -0 -18"><span class='ocrx_word' id='word_1_53' title='bbox 630 819 861 880; x_wconf 85' lang='lat' dir='ltr'><strong>interno</strong></span> <span class='ocrx_word' id='word_1_54' title='bbox 920 819 1141 880; x_wconf 91' lang='lat' dir='ltr'><strong>lumine</strong></span> <span class='ocrx_word' id='word_1_55' title='bbox 1202 819 1492 897; x_wconf 88' lang='lat' dir='ltr'><strong>illustrati,</strong></span> <span class='ocrx_word' id='word_1_56' title='bbox 1552 823 1609 880; x_wconf 88' lang='lat'>&amp;</span> <span class='ocrx_word' id='word_1_57' title='bbox 1659 839 1878 880; x_wconf 88' lang='lat' dir='ltr'><strong>arcano</strong></span> <span class='ocrx_word' id='word_1_58' title='bbox 1932 821 2271 882; x_wconf 89' lang='lat' dir='ltr'><strong>testimonio</strong></span> <span class='ocrx_word' id='word_1_59' title='bbox 2318 820 2634 882; x_wconf 86' lang='lat' dir='ltr'><strong>efficaciter</strong></span> <span class='ocrx_word' id='word_1_60' title='bbox 2675 819 2939 898; x_wconf 83' lang='lat' dir='ltr'><strong>persuasi</strong></span> <span class='ocrx_word' id='word_1_61' title='bbox 2977 837 3100 878; x_wconf 89' lang='lat' dir='ltr'><strong>non</strong></span> <span class='ocrx_word' id='word_1_62' title='bbox 3140 821 3332 879; x_wconf 79' lang='lat' dir='ltr'><strong>solum</strong></span> <span class='ocrx_word' id='word_1_63' title='bbox 3373 822 3534 879; x_wconf 79' lang='lat' dir='ltr'><strong>certo</strong></span> 
     </span>
     <span class='ocr_line' id='line_1_7' title="bbox 626 897 3535 979; baseline -0 -20"><span class='ocrx_word' id='word_1_64' title='bbox 626 899 921 960; x_wconf 89' lang='lat' dir='ltr'><strong>credimus</strong></span> <span class='ocrx_word' id='word_1_65' title='bbox 975 899 1253 960; x_wconf 90' lang='lat' dir='ltr'><strong>diuinitus</strong></span> <span class='ocrx_word' id='word_1_66' title='bbox 1303 900 1586 960; x_wconf 84' lang='lat' dir='ltr'><strong>dictatum</strong></span> <span class='ocrx_word' id='word_1_67' title='bbox 1638 919 1767 961; x_wconf 88' lang='lat' dir='ltr'><strong>esse</strong></span> <span class='ocrx_word' id='word_1_68' title='bbox 1815 900 2102 979; x_wconf 89' lang='lat' dir='ltr'><strong>quicquid</strong></span> <span class='ocrx_word' id='word_1_69' title='bbox 2140 900 2201 962; x_wconf 90' lang='lat' dir='ltr'><strong>in</strong></span> <span class='ocrx_word' id='word_1_70' title='bbox 2244 901 2334 962; x_wconf 88' lang='lat' dir='ltr'><strong>his</strong></span> <span class='ocrx_word' id='word_1_71' title='bbox 2373 900 2538 961; x_wconf 90' lang='lat' dir='ltr'><strong>libris</strong></span> <span class='ocrx_word' id='word_1_72' title='bbox 2577 899 2947 977; x_wconf 79' lang='lat' dir='ltr'><strong>continetur3</strong></span> <span class='ocrx_word' id='word_1_73' title='bbox 2987 900 3094 959; x_wconf 85' lang='lat' dir='ltr'><strong>sed</strong></span> <span class='ocrx_word' id='word_1_74' title='bbox 3134 897 3312 960; x_wconf 89' lang='lat' dir='ltr'><strong>etiam</strong></span> <span class='ocrx_word' id='word_1_75' title='bbox 3351 901 3535 960; x_wconf 86' lang='lat' dir='ltr'><strong>hosce</strong></span> 
     </span>
     <span class='ocr_line' id='line_1_8' title="bbox 624 977 3537 1058; baseline -0 -19"><span class='ocrx_word' id='word_1_76' title='bbox 624 981 807 1040; x_wconf 89' lang='lat' dir='ltr'><strong>libros</strong></span> <span class='ocrx_word' id='word_1_77' title='bbox 846 982 885 1038; x_wconf 78' lang='lat' dir='ltr'><strong>a</strong></span> <span class='ocrx_word' id='word_1_78' title='bbox 922 979 1123 1040; x_wconf 87' lang='lat' dir='ltr'><strong>nothis</strong></span> <span class='ocrx_word' id='word_1_79' title='bbox 1163 983 1219 1040; x_wconf 70' lang='grc' dir='ltr'><strong>δε</strong></span> <span class='ocrx_word' id='word_1_80' title='bbox 1258 979 1599 1040; x_wconf 86' lang='lat' dir='ltr'><strong>adulterinis</strong></span> <span class='ocrx_word' id='word_1_81' title='bbox 1638 979 1924 1058; x_wconf 83' lang='lat' dir='ltr'><strong>spirituali</strong></span> <span class='ocrx_word' id='word_1_82' title='bbox 1963 979 2185 1042; x_wconf 91' lang='lat' dir='ltr'><strong>iudicio</strong></span> <span class='ocrx_word' id='word_1_83' title='bbox 2229 981 2566 1042; x_wconf 88' lang='lat' dir='ltr'><strong>discernere</strong></span> <span class='ocrx_word' id='word_1_84' title='bbox 2605 983 2661 1041; x_wconf 77' lang='grc' dir='ltr'><strong>δι</strong></span> <span class='ocrx_word' id='word_1_85' title='bbox 2681 999 2757 1040; x_wconf 89' lang='lat' dir='ltr'><strong>an</strong></span> <span class='ocrx_word' id='word_1_86' title='bbox 2777 978 3048 1057; x_wconf 89' lang='lat' dir='ltr'><strong>spiritum</strong></span> <span class='ocrx_word' id='word_1_87' title='bbox 3089 977 3204 1038; x_wconf 92' lang='lat' dir='ltr'><strong>Dei</strong></span> <span class='ocrx_word' id='word_1_88' title='bbox 3224 979 3537 1040; x_wconf 86' lang='lat' dir='ltr'><strong>redoleant</strong></span> 
     </span>
     <span class='ocr_line' id='line_1_9' title="bbox 627 1057 3182 1137; baseline 0.001 -17"><span class='ocrx_word' id='word_1_89' title='bbox 627 1059 951 1120; x_wconf 90' lang='lat' dir='ltr'><strong>diiudicare</strong></span> <span class='ocrx_word' id='word_1_90' title='bbox 990 1076 1327 1137; x_wconf 88' lang='lat' dir='ltr'><strong>possumus.</strong></span> <span class='ocrx_word' id='word_1_91' title='bbox 2759 1057 2767 1066; x_wconf 83' lang='lat'>&#39;</span> <span class='ocrx_word' id='word_1_92' title='bbox 3162 1115 3182 1135; x_wconf 80' lang='grc'>,</span> 
     </span>
    </p>

    <p class='ocr_par' dir='ltr' id='par_1_3' title="bbox 626 1135 3538 1996">
     <span class='ocr_line' id='line_1_10' title="bbox 708 1135 3529 1220; baseline -0 -22"><span class='ocrx_word' id='word_1_93' title='bbox 708 1142 767 1200; x_wconf 88' lang='grc'><strong>6.</strong></span> <span class='ocrx_word' id='word_1_94' title='bbox 844 1139 1171 1198; x_wconf 76' lang='lat' dir='ltr'><strong>Externum</strong></span> <span class='ocrx_word' id='word_1_95' title='bbox 1221 1139 1652 1200; x_wconf 78' lang='lat' dir='ltr'><strong>Testimonium</strong></span> <span class='ocrx_word' id='word_1_96' title='bbox 1704 1150 1823 1217; x_wconf 89' lang='lat' dir='ltr'><strong>est,</strong></span> <span class='ocrx_word' id='word_1_97' title='bbox 1884 1161 1934 1202; x_wconf 87' lang='lat'><strong>1.</strong></span> <span class='ocrx_word' id='word_1_98' title='bbox 1977 1140 2167 1217; x_wconf 89' lang='lat' dir='ltr'><strong>Ipsius</strong></span> <span class='ocrx_word' id='word_1_99' title='bbox 2208 1142 2269 1202; x_wconf 88' lang='lat' dir='ltr'><strong>S.</strong></span> <span class='ocrx_word' id='word_1_100' title='bbox 2309 1140 2676 1220; x_wconf 88' lang='lat' dir='ltr'><strong>Scripturae,</strong></span> <span class='ocrx_word' id='word_1_101' title='bbox 2715 1155 2819 1200; x_wconf 88' lang='lat' dir='ltr'><strong>seu</strong></span> <span class='ocrx_word' id='word_1_102' title='bbox 2859 1135 3054 1216; x_wconf 89' lang='lat' dir='ltr'><strong>potius</strong></span> <span class='ocrx_word' id='word_1_103' title='bbox 3095 1138 3213 1198; x_wconf 93' lang='lat' dir='ltr'><strong>Dei</strong></span> <span class='ocrx_word' id='word_1_104' title='bbox 3253 1137 3429 1198; x_wconf 91' lang='lat' dir='ltr'><strong>nobis</strong></span> <span class='ocrx_word' id='word_1_105' title='bbox 3467 1137 3529 1197; x_wconf 90' lang='lat' dir='ltr'><strong>in</strong></span> 
     </span>
     <span class='ocr_line' id='line_1_11' title="bbox 630 1218 3526 1297; baseline 0 -19"><span class='ocrx_word' id='word_1_106' title='bbox 630 1221 687 1279; x_wconf 90' lang='lat' dir='ltr'><strong>S.</strong></span> <span class='ocrx_word' id='word_1_107' title='bbox 738 1219 1037 1295; x_wconf 85' lang='lat' dir='ltr'><strong>Scriptura</strong></span> <span class='ocrx_word' id='word_1_108' title='bbox 1074 1219 1397 1297; x_wconf 86' lang='lat' dir='ltr'><strong>loquentis,</strong></span> <span class='ocrx_word' id='word_1_109' title='bbox 1438 1220 1494 1278; x_wconf 74' lang='grc' dir='ltr'><strong>δε</strong></span> <span class='ocrx_word' id='word_1_110' title='bbox 1534 1240 1597 1281; x_wconf 91' lang='lat' dir='ltr'><strong>se</strong></span> <span class='ocrx_word' id='word_1_111' title='bbox 1638 1218 1761 1279; x_wconf 92' lang='lat' dir='ltr'><strong>eius</strong></span> <span class='ocrx_word' id='word_1_112' title='bbox 1802 1221 2112 1282; x_wconf 87' lang='lat' dir='ltr'><strong>authorem</strong></span> <span class='ocrx_word' id='word_1_113' title='bbox 2155 1239 2282 1282; x_wconf 88' lang='lat' dir='ltr'><strong>esse</strong></span> <span class='ocrx_word' id='word_1_114' title='bbox 2321 1221 2650 1282; x_wconf 81' lang='lat' dir='ltr'><strong>asserentis,</strong></span> <span class='ocrx_word' id='word_1_115' title='bbox 2703 1221 2853 1279; x_wconf 81' lang='lat' dir='ltr'><strong>Esa.</strong></span> <span class='ocrx_word' id='word_1_116' title='bbox 2898 1222 2991 1294; x_wconf 88' lang='grc'><strong>58.</strong></span> <span class='ocrx_word' id='word_1_117' title='bbox 3043 1237 3134 1290; x_wconf 86' lang='lat'><strong>14.</strong></span> <span class='ocrx_word' id='word_1_118' title='bbox 3171 1219 3390 1286; x_wconf 66' lang='lat' dir='ltr'><strong>Erech..</strong></span> <span class='ocrx_word' id='word_1_119' title='bbox 3439 1237 3526 1278; x_wconf 85' lang='lat'><strong>12.</strong></span> 
     </span>
     <span class='ocr_line' id='line_1_12' title="bbox 633 1298 3538 1378; baseline 0 -22"><span class='ocrx_word' id='word_1_120' title='bbox 633 1315 726 1377; x_wconf 85' lang='lat'><strong>25.</strong></span> <span class='ocrx_word' id='word_1_121' title='bbox 769 1318 863 1373; x_wconf 84' lang='lat'><strong>28·</strong></span> <span class='ocrx_word' id='word_1_122' title='bbox 908 1318 962 1358; x_wconf 91' lang='lat'><strong>2.</strong></span> <span class='ocrx_word' id='word_1_123' title='bbox 1011 1299 1159 1357; x_wconf 83' lang='lat' dir='ltr'><strong>Tim.</strong></span> <span class='ocrx_word' id='word_1_124' title='bbox 1203 1319 1259 1376; x_wconf 88' lang='lat'><strong>3.</strong></span> <span class='ocrx_word' id='word_1_125' title='bbox 1310 1303 1398 1359; x_wconf 87' lang='lat'><strong>16.</strong></span> <span class='ocrx_word' id='word_1_126' title='bbox 1442 1319 1473 1357; x_wconf 87' lang='lat'>2</span> <span class='ocrx_word' id='word_1_127' title='bbox 1514 1301 1687 1358; x_wconf 84' lang='lat' dir='ltr'><strong>Petri</strong></span> <span class='ocrx_word' id='word_1_128' title='bbox 1728 1319 1778 1358; x_wconf 91' lang='lat'><strong>1.</strong></span> <span class='ocrx_word' id='word_1_129' title='bbox 1824 1320 1916 1358; x_wconf 88' lang='lat'><strong>21.</strong></span> <span class='ocrx_word' id='word_1_130' title='bbox 1967 1321 2014 1359; x_wconf 87' lang='lat'><strong>1.</strong></span> <span class='ocrx_word' id='word_1_131' title='bbox 2063 1301 2200 1362; x_wconf 87' lang='lat' dir='ltr'><strong>Cor.</strong></span> <span class='ocrx_word' id='word_1_132' title='bbox 2246 1323 2298 1362; x_wconf 88' lang='lat'><strong>2.</strong></span> <span class='ocrx_word' id='word_1_133' title='bbox 2328 1321 2419 1378; x_wconf 85' lang='lat'><strong>13.</strong></span> <span class='ocrx_word' id='word_1_134' title='bbox 2484 1321 2514 1359; x_wconf 92' lang='lat'><em>2</em></span> <span class='ocrx_word' id='word_1_135' title='bbox 2553 1298 3538 1377; x_wconf 88' lang='lat' dir='ltr'><strong>Prophetarum&amp;Apostolorum,</strong></span> 
     </span>
     <span class='ocr_line' id='line_1_13' title="bbox 626 1376 3536 1456; baseline -0.001 -18"><span class='ocrx_word' id='word_1_136' title='bbox 626 1397 779 1456; x_wconf 87' lang='lat' dir='ltr'><strong>quos</strong></span> <span class='ocrx_word' id='word_1_137' title='bbox 836 1377 1036 1437; x_wconf 90' lang='lat' dir='ltr'><strong>diuina</strong></span> <span class='ocrx_word' id='word_1_138' title='bbox 1074 1378 1446 1456; x_wconf 89' lang='lat' dir='ltr'><strong>auctoritate,</strong></span> <span class='ocrx_word' id='word_1_139' title='bbox 1489 1379 1731 1456; x_wconf 89' lang='lat' dir='ltr'><strong>virtute,</strong></span> <span class='ocrx_word' id='word_1_140' title='bbox 1772 1383 1827 1440; x_wconf 88' lang='lat'>&amp;</span> <span class='ocrx_word' id='word_1_141' title='bbox 1866 1379 2184 1441; x_wconf 88' lang='lat' dir='ltr'><strong>dictamine</strong></span> <span class='ocrx_word' id='word_1_142' title='bbox 2225 1379 2493 1441; x_wconf 88' lang='lat' dir='ltr'><strong>instruxit</strong></span> <span class='ocrx_word' id='word_1_143' title='bbox 2533 1383 2724 1456; x_wconf 85' lang='lat' dir='ltr'><strong>Deus,</strong></span> <span class='ocrx_word' id='word_1_144' title='bbox 2765 1390 2827 1438; x_wconf 90' lang='lat' dir='ltr'><strong>vt</strong></span> <span class='ocrx_word' id='word_1_145' title='bbox 2864 1376 3165 1437; x_wconf 87' lang='lat' dir='ltr'><strong>Ecclesiae</strong></span> <span class='ocrx_word' id='word_1_146' title='bbox 3203 1377 3536 1453; x_wconf 83' lang='lat' dir='ltr'><strong>traderent,</strong></span> 
     </span>
     <span class='ocr_line' id='line_1_14' title="bbox 628 1455 3536 1538; baseline -0.001 -20"><span class='ocrx_word' id='word_1_147' title='bbox 628 1475 929 1536; x_wconf 81' lang='lat' dir='ltr'><strong>tamquam</strong></span> <span class='ocrx_word' id='word_1_148' title='bbox 982 1457 1160 1536; x_wconf 87' lang='lat' dir='ltr'><strong>legati</strong></span> <span class='ocrx_word' id='word_1_149' title='bbox 1216 1459 1328 1518; x_wconf 88' lang='lat' dir='ltr'><strong>Dei</strong></span> <span class='ocrx_word' id='word_1_150' title='bbox 1378 1463 1433 1518; x_wconf 85' lang='lat'>&amp;</span> <span class='ocrx_word' id='word_1_151' title='bbox 1474 1459 1683 1534; x_wconf 90' lang='lat' dir='ltr'><strong>notarij</strong></span> <span class='ocrx_word' id='word_1_152' title='bbox 1726 1459 1950 1536; x_wconf 89' lang='lat' dir='ltr'><strong>publici</strong></span> <span class='ocrx_word' id='word_1_153' title='bbox 1988 1461 2292 1521; x_wconf 90' lang='lat' dir='ltr'><strong>Ecclesiae</strong></span> <span class='ocrx_word' id='word_1_154' title='bbox 2330 1460 2486 1536; x_wconf 88' lang='lat' dir='ltr'><strong>dati,</strong></span> <span class='ocrx_word' id='word_1_155' title='bbox 2525 1461 2689 1538; x_wconf 92' lang='lat' dir='ltr'><strong>quod</strong></span> <span class='ocrx_word' id='word_1_156' title='bbox 2729 1462 2766 1518; x_wconf 78' lang='lat' dir='ltr'><strong>a</strong></span> <span class='ocrx_word' id='word_1_157' title='bbox 2809 1457 3072 1517; x_wconf 87' lang='lat' dir='ltr'><strong>Domino</strong></span> <span class='ocrx_word' id='word_1_158' title='bbox 3112 1462 3218 1533; x_wconf 88' lang='lat' dir='ltr'><strong>per</strong></span> <span class='ocrx_word' id='word_1_159' title='bbox 3257 1455 3536 1534; x_wconf 88' lang='lat' dir='ltr'><strong>Spiritum</strong></span> 
     </span>
     <span class='ocr_line' id='line_1_15' title="bbox 628 1537 3536 1618; baseline -0.001 -20"><span class='ocrx_word' id='word_1_160' title='bbox 628 1539 753 1598; x_wconf 90' lang='lat' dir='ltr'><strong>eius</strong></span> <span class='ocrx_word' id='word_1_161' title='bbox 794 1548 1167 1614; x_wconf 88' lang='lat' dir='ltr'><strong>acceperant.</strong></span> <span class='ocrx_word' id='word_1_162' title='bbox 1229 1557 1283 1614; x_wconf 84' lang='lat'><strong>3.</strong></span> <span class='ocrx_word' id='word_1_163' title='bbox 1344 1539 1644 1599; x_wconf 85' lang='lat' dir='ltr'><strong>Ecclesiae</strong></span> <span class='ocrx_word' id='word_1_164' title='bbox 1685 1537 2062 1618; x_wconf 84' lang='lat' dir='ltr'><strong>Catholicae,</strong></span> <span class='ocrx_word' id='word_1_165' title='bbox 2103 1541 2269 1601; x_wconf 90' lang='lat' dir='ltr'><strong>cuius</strong></span> <span class='ocrx_word' id='word_1_166' title='bbox 2309 1539 2603 1602; x_wconf 87' lang='lat' dir='ltr'><strong>constanti</strong></span> <span class='ocrx_word' id='word_1_167' title='bbox 2642 1545 2699 1600; x_wconf 76' lang='grc' dir='ltr'><strong>δι</strong></span> <span class='ocrx_word' id='word_1_168' title='bbox 2738 1547 3024 1616; x_wconf 89' lang='lat' dir='ltr'><strong>perpetuo</strong></span> <span class='ocrx_word' id='word_1_169' title='bbox 3066 1553 3393 1612; x_wconf 87' lang='lat' dir='ltr'><strong>consensu,</strong></span> <span class='ocrx_word' id='word_1_170' title='bbox 3413 1538 3536 1612; x_wconf 90' lang='lat' dir='ltr'><strong>plu·</strong></span> 
     </span>
     <span class='ocr_line' id='line_1_16' title="bbox 629 1615 3536 1699; baseline -0.001 -22"><span class='ocrx_word' id='word_1_171' title='bbox 629 1618 843 1677; x_wconf 78' lang='lat' dir='ltr'><strong>timum</strong></span> <span class='ocrx_word' id='word_1_172' title='bbox 896 1616 1135 1693; x_wconf 85' lang='lat' dir='ltr'><strong>quidem</strong></span> <span class='ocrx_word' id='word_1_173' title='bbox 1186 1637 1297 1676; x_wconf 87' lang='lat' dir='ltr'><strong>uos</strong></span> <span class='ocrx_word' id='word_1_174' title='bbox 1339 1618 1563 1678; x_wconf 90' lang='lat' dir='ltr'><strong>moueri</strong></span> <span class='ocrx_word' id='word_1_175' title='bbox 1602 1618 1849 1678; x_wconf 88' lang='lat' dir='ltr'><strong>libenter</strong></span> <span class='ocrx_word' id='word_1_176' title='bbox 1887 1620 2297 1699; x_wconf 77' lang='lat' dir='ltr'><strong>agnoscimus,</strong></span> <span class='ocrx_word' id='word_1_177' title='bbox 2339 1623 2444 1681; x_wconf 89' lang='lat' dir='ltr'><strong>sed</strong></span> <span class='ocrx_word' id='word_1_178' title='bbox 2486 1619 2567 1680; x_wconf 87' lang='lat' dir='ltr'><strong>ita</strong></span> <span class='ocrx_word' id='word_1_179' title='bbox 2607 1631 2804 1678; x_wconf 89' lang='lat' dir='ltr'><strong>tamen</strong></span> <span class='ocrx_word' id='word_1_180' title='bbox 2842 1629 2906 1677; x_wconf 86' lang='lat' dir='ltr'><strong>vt</strong></span> <span class='ocrx_word' id='word_1_181' title='bbox 2946 1615 3071 1677; x_wconf 87' lang='lat' dir='ltr'><strong>eius</strong></span> <span class='ocrx_word' id='word_1_182' title='bbox 3111 1615 3536 1693; x_wconf 85' lang='lat' dir='ltr'><strong>testimonium,</strong></span> 
     </span>
     <span class='ocr_line' id='line_1_17' title="bbox 630 1693 3532 1776; baseline -0.002 -17"><span class='ocrx_word' id='word_1_183' title='bbox 630 1702 685 1759; x_wconf 90' lang='lat'>&amp;</span> <span class='ocrx_word' id='word_1_184' title='bbox 743 1695 1158 1757; x_wconf 86' lang='lat' dir='ltr'><strong>authoritatem</strong></span> <span class='ocrx_word' id='word_1_185' title='bbox 1212 1708 1636 1774; x_wconf 89' lang='lat' dir='ltr'><strong>postponamus</strong></span> <span class='ocrx_word' id='word_1_186' title='bbox 1688 1696 1974 1759; x_wconf 86' lang='lat' dir='ltr'><strong>infallibili</strong></span> <span class='ocrx_word' id='word_1_187' title='bbox 2035 1701 2136 1776; x_wconf 86' lang='lat' dir='ltr'><strong>Sp.</strong></span> <span class='ocrx_word' id='word_1_188' title='bbox 2193 1700 2394 1761; x_wconf 87' lang='lat' dir='ltr'><strong>Sancti</strong></span> <span class='ocrx_word' id='word_1_189' title='bbox 2441 1698 2810 1776; x_wconf 80' lang='lat' dir='ltr'><strong>testimoni0‚</strong></span> <span class='ocrx_word' id='word_1_190' title='bbox 2850 1695 3016 1757; x_wconf 90' lang='lat' dir='ltr'><strong>cuius</strong></span> <span class='ocrx_word' id='word_1_191' title='bbox 3053 1693 3233 1756; x_wconf 91' lang='lat' dir='ltr'><strong>solius</strong></span> <span class='ocrx_word' id='word_1_192' title='bbox 3272 1695 3532 1755; x_wconf 88' lang='lat' dir='ltr'><strong>testimo-</strong></span> 
     </span>
     <span class='ocr_line' id='line_1_18' title="bbox 630 1774 3538 1855; baseline -0.001 -19"><span class='ocrx_word' id='word_1_193' title='bbox 630 1776 793 1837; x_wconf 88' lang='lat' dir='ltr'><strong>nium</strong></span> <span class='ocrx_word' id='word_1_194' title='bbox 832 1775 1038 1852; x_wconf 87' lang='lat' dir='ltr'><strong>efficit,</strong></span> <span class='ocrx_word' id='word_1_195' title='bbox 1077 1784 1143 1834; x_wconf 89' lang='lat' dir='ltr'><strong>vt</strong></span> <span class='ocrx_word' id='word_1_196' title='bbox 1181 1776 1683 1852; x_wconf 89' lang='lat' dir='ltr'><strong>quemadmodum</strong></span> <span class='ocrx_word' id='word_1_197' title='bbox 1725 1778 1785 1838; x_wconf 89' lang='lat' dir='ltr'><strong>S.</strong></span> <span class='ocrx_word' id='word_1_198' title='bbox 1826 1777 2129 1855; x_wconf 87' lang='lat' dir='ltr'><strong>Scriptura</strong></span> <span class='ocrx_word' id='word_1_199' title='bbox 2167 1781 2228 1841; x_wconf 90' lang='lat' dir='ltr'><strong>in</strong></span> <span class='ocrx_word' id='word_1_200' title='bbox 2267 1801 2331 1840; x_wconf 91' lang='lat' dir='ltr'><strong>se</strong></span> <span class='ocrx_word' id='word_1_201' title='bbox 2369 1792 2460 1841; x_wconf 84' lang='lat' dir='ltr'><strong>est</strong></span> <span class='ocrx_word' id='word_1_202' title='bbox 2497 1778 2788 1839; x_wconf 88' lang='lat' dir='ltr'><strong>canonica</strong></span> <span class='ocrx_word' id='word_1_203' title='bbox 2829 1789 3009 1854; x_wconf 89' lang='lat' dir='ltr'><strong>atque</strong></span> <span class='ocrx_word' id='word_1_204' title='bbox 3045 1774 3414 1852; x_wconf 90' lang='lat' dir='ltr'><strong>authentica,</strong></span> <span class='ocrx_word' id='word_1_205' title='bbox 3453 1775 3538 1834; x_wconf 91' lang='lat' dir='ltr'><strong>sic</strong></span> 
     </span>
     <span class='ocr_line' id='line_1_19' title="bbox 629 1854 3536 1936; baseline -0.001 -20"><span class='ocrx_word' id='word_1_206' title='bbox 629 1856 802 1916; x_wconf 89' lang='lat' dir='ltr'><strong>nobis</strong></span> <span class='ocrx_word' id='word_1_207' title='bbox 853 1871 1095 1930; x_wconf 90' lang='lat' dir='ltr'><strong>quoque</strong></span> <span class='ocrx_word' id='word_1_208' title='bbox 1145 1854 1442 1936; x_wconf 81' lang='lat' dir='ltr'><strong>videatur3</strong></span> <span class='ocrx_word' id='word_1_209' title='bbox 1496 1860 1551 1917; x_wconf 85' lang='lat'>&amp;</span> <span class='ocrx_word' id='word_1_210' title='bbox 1612 1856 1739 1917; x_wconf 88' lang='lat' dir='ltr'><strong>sine</strong></span> <span class='ocrx_word' id='word_1_211' title='bbox 1795 1875 1919 1934; x_wconf 90' lang='lat' dir='ltr'><strong>quo</strong></span> <span class='ocrx_word' id='word_1_212' title='bbox 1981 1859 2286 1921; x_wconf 80' lang='lat' dir='ltr'><strong>Ecclesiae</strong></span> <span class='ocrx_word' id='word_1_213' title='bbox 2332 1859 2733 1921; x_wconf 86' lang='lat' dir='ltr'><strong>testimonium</strong></span> <span class='ocrx_word' id='word_1_214' title='bbox 2788 1868 3018 1918; x_wconf 88' lang='lat' dir='ltr'><strong>mutum</strong></span> <span class='ocrx_word' id='word_1_215' title='bbox 3071 1873 3309 1932; x_wconf 90' lang='lat' dir='ltr'><strong>prorsus</strong></span> <span class='ocrx_word' id='word_1_216' title='bbox 3359 1865 3536 1930; x_wconf 82' lang='lat' dir='ltr'><strong>atque</strong></span> 
     </span>
     <span class='ocr_line' id='line_1_20' title="bbox 634 1932 1497 1996; baseline 0.002 -2"><span class='ocrx_word' id='word_1_217' title='bbox 634 1932 958 1994; x_wconf 87' lang='lat' dir='ltr'><strong>inualidum</strong></span> <span class='ocrx_word' id='word_1_218' title='bbox 1000 1953 1127 1993; x_wconf 88' lang='lat' dir='ltr'><strong>esse</strong></span> <span class='ocrx_word' id='word_1_219' title='bbox 1167 1953 1497 1996; x_wconf 76' lang='lat' dir='ltr'><strong>censemuS.</strong></span> 
     </span>
    </p>

    <p class='ocr_par' dir='ltr' id='par_1_4' title="bbox 626 2013 3546 3215">
     <span class='ocr_line' id='line_1_21' title="bbox 716 2013 3532 2096; baseline -0 -22"><span class='ocrx_word' id='word_1_220' title='bbox 716 2032 768 2087; x_wconf 85' lang='lat'><strong>7.</strong></span> <span class='ocrx_word' id='word_1_221' title='bbox 850 2019 1214 2088; x_wconf 80' lang='lat' dir='ltr'><strong>Argumenta</strong></span> <span class='ocrx_word' id='word_1_222' title='bbox 1272 2021 1454 2092; x_wconf 80' lang='lat' dir='ltr'><strong>porro</strong></span> <span class='ocrx_word' id='word_1_223' title='bbox 1516 2037 1590 2076; x_wconf 85' lang='lat' dir='ltr'><strong>ex</strong></span> <span class='ocrx_word' id='word_1_224' title='bbox 1648 2015 1863 2093; x_wconf 87' lang='lat' dir='ltr'><strong>quibus</strong></span> <span class='ocrx_word' id='word_1_225' title='bbox 1913 2016 2088 2077; x_wconf 90' lang='lat' dir='ltr'><strong>etiam</strong></span> <span class='ocrx_word' id='word_1_226' title='bbox 2143 2021 2218 2080; x_wconf 86' lang='lat' dir='ltr'><strong>de</strong></span> <span class='ocrx_word' id='word_1_227' title='bbox 2269 2019 2440 2080; x_wconf 89' lang='lat' dir='ltr'><strong>huius</strong></span> <span class='ocrx_word' id='word_1_228' title='bbox 2491 2019 2825 2096; x_wconf 84' lang='lat' dir='ltr'><strong>scripturae</strong></span> <span class='ocrx_word' id='word_1_229' title='bbox 2863 2013 3212 2074; x_wconf 88' lang='lat' dir='ltr'><strong>auctoritate</strong></span> <span class='ocrx_word' id='word_1_230' title='bbox 3252 2013 3532 2074; x_wconf 90' lang='lat' dir='ltr'><strong>concludi</strong></span> 
     </span>
     <span class='ocr_line' id='line_1_22' title="bbox 630 2094 3538 2172; baseline 0 -20"><span class='ocrx_word' id='word_1_231' title='bbox 630 2103 855 2171; x_wconf 89' lang='lat' dir='ltr'><strong>potest,</strong></span> <span class='ocrx_word' id='word_1_232' title='bbox 894 2103 960 2152; x_wconf 87' lang='lat' dir='ltr'><strong>vt</strong></span> <span class='ocrx_word' id='word_1_233' title='bbox 1000 2110 1150 2168; x_wconf 88' lang='lat' dir='ltr'><strong>quae</strong></span> <span class='ocrx_word' id='word_1_234' title='bbox 1189 2096 1511 2156; x_wconf 78' lang='lat' dir='ltr'><strong>certissimo</strong></span> <span class='ocrx_word' id='word_1_235' title='bbox 1552 2116 1683 2156; x_wconf 88' lang='lat' dir='ltr'><strong>eam</strong></span> <span class='ocrx_word' id='word_1_236' title='bbox 1726 2099 1861 2157; x_wconf 76' lang='lat' dir='ltr'><strong>vere</strong></span> <span class='ocrx_word' id='word_1_237' title='bbox 1901 2104 2256 2168; x_wconf 74' lang='grc' dir='ltr'><em>θεόπνευςον</em></span> <span class='ocrx_word' id='word_1_238' title='bbox 2295 2119 2422 2160; x_wconf 90' lang='lat' dir='ltr'><strong>esse</strong></span> <span class='ocrx_word' id='word_1_239' title='bbox 2463 2100 2743 2160; x_wconf 86' lang='lat' dir='ltr'><strong>euincunt</strong></span> <span class='ocrx_word' id='word_1_240' title='bbox 2785 2115 2906 2156; x_wconf 89' lang='lat' dir='ltr'><strong>non</strong></span> <span class='ocrx_word' id='word_1_241' title='bbox 2949 2113 3140 2172; x_wconf 86' lang='lat' dir='ltr'><strong>pauca</strong></span> <span class='ocrx_word' id='word_1_242' title='bbox 3178 2094 3372 2153; x_wconf 79' lang='lat' dir='ltr'><strong>afferri</strong></span> <span class='ocrx_word' id='word_1_243' title='bbox 3404 2113 3538 2170; x_wconf 84' lang='lat' dir='ltr'><strong>pos·</strong></span> 
     </span>
     <span class='ocr_line' id='line_1_23' title="bbox 628 2173 3534 2257; baseline 0 -26"><span class='ocrx_word' id='word_1_244' title='bbox 628 2183 781 2232; x_wconf 79' lang='lat' dir='ltr'><strong>sunt.</strong></span> <span class='ocrx_word' id='word_1_245' title='bbox 835 2182 899 2232; x_wconf 87' lang='lat' dir='ltr'><strong>vt</strong></span> <span class='ocrx_word' id='word_1_246' title='bbox 960 2173 1144 2248; x_wconf 82' lang='lat' dir='ltr'><strong>Quod</strong></span> <span class='ocrx_word' id='word_1_247' title='bbox 1182 2177 1221 2233; x_wconf 77' lang='lat' dir='ltr'><strong>a</strong></span> <span class='ocrx_word' id='word_1_248' title='bbox 1260 2175 1397 2236; x_wconf 87' lang='lat' dir='ltr'><strong>viris</strong></span> <span class='ocrx_word' id='word_1_249' title='bbox 1436 2175 1813 2236; x_wconf 88' lang='lat' dir='ltr'><strong>sanctissimis</strong></span> <span class='ocrx_word' id='word_1_250' title='bbox 1850 2177 2098 2254; x_wconf 87' lang='lat' dir='ltr'><strong>scripta:</strong></span> <span class='ocrx_word' id='word_1_251' title='bbox 2143 2181 2307 2257; x_wconf 80' lang='lat' dir='ltr'><strong>quod</strong></span> <span class='ocrx_word' id='word_1_252' title='bbox 2348 2191 2470 2239; x_wconf 89' lang='lat' dir='ltr'><strong>tam</strong></span> <span class='ocrx_word' id='word_1_253' title='bbox 2512 2177 2783 2239; x_wconf 88' lang='lat' dir='ltr'><strong>coelestis</strong></span> <span class='ocrx_word' id='word_1_254' title='bbox 2825 2175 3043 2250; x_wconf 85' lang='lat' dir='ltr'><strong>vbique</strong></span> <span class='ocrx_word' id='word_1_255' title='bbox 3083 2178 3138 2234; x_wconf 74' lang='grc' dir='ltr'><strong>δι</strong></span> <span class='ocrx_word' id='word_1_256' title='bbox 3176 2173 3320 2232; x_wconf 90' lang='lat' dir='ltr'><strong>nihil</strong></span> <span class='ocrx_word' id='word_1_257' title='bbox 3357 2185 3534 2233; x_wconf 91' lang='lat' dir='ltr'><strong>terre-</strong></span> 
     </span>
     <span class='ocr_line' id='line_1_24' title="bbox 630 2252 3540 2335; baseline -0.001 -23"><span class='ocrx_word' id='word_1_258' title='bbox 630 2270 772 2312; x_wconf 87' lang='lat' dir='ltr'><strong>num</strong></span> <span class='ocrx_word' id='word_1_259' title='bbox 818 2252 1091 2313; x_wconf 86' lang='lat' dir='ltr'><strong>redolens</strong></span> <span class='ocrx_word' id='word_1_260' title='bbox 1132 2254 1431 2315; x_wconf 89' lang='lat' dir='ltr'><strong>doctrina:</strong></span> <span class='ocrx_word' id='word_1_261' title='bbox 1476 2257 1639 2334; x_wconf 68' lang='lat' dir='ltr'><strong>qued</strong></span> <span class='ocrx_word' id='word_1_262' title='bbox 1683 2267 1804 2316; x_wconf 90' lang='lat' dir='ltr'><strong>tam</strong></span> <span class='ocrx_word' id='word_1_263' title='bbox 1844 2260 2090 2333; x_wconf 89' lang='lat' dir='ltr'><strong>pulchra</strong></span> <span class='ocrx_word' id='word_1_264' title='bbox 2129 2259 2398 2319; x_wconf 88' lang='lat' dir='ltr'><strong>omnium</strong></span> <span class='ocrx_word' id='word_1_265' title='bbox 2435 2259 2587 2318; x_wconf 91' lang='lat' dir='ltr'><strong>inter</strong></span> <span class='ocrx_word' id='word_1_266' title='bbox 2619 2277 2682 2319; x_wconf 87' lang='lat' dir='ltr'><strong>se</strong></span> <span class='ocrx_word' id='word_1_267' title='bbox 2703 2255 2955 2335; x_wconf 88' lang='lat' dir='ltr'><strong>partium</strong></span> <span class='ocrx_word' id='word_1_268' title='bbox 2978 2252 3322 2314; x_wconf 89' lang='lat' dir='ltr'><strong>consensio:</strong></span> <span class='ocrx_word' id='word_1_269' title='bbox 3345 2253 3540 2330; x_wconf 83' lang='lat' dir='ltr'><strong>quod,</strong></span> 
     </span>
     <span class='ocr_line' id='line_1_25' title="bbox 630 2330 3537 2415; baseline 0.001 -25"><span class='ocrx_word' id='word_1_270' title='bbox 630 2334 723 2391; x_wconf 89' lang='lat' dir='ltr'><strong>vel</strong></span> <span class='ocrx_word' id='word_1_271' title='bbox 784 2330 1047 2410; x_wconf 88' lang='lat' dir='ltr'><strong>ipsorum</strong></span> <span class='ocrx_word' id='word_1_272' title='bbox 1104 2335 1495 2396; x_wconf 89' lang='lat' dir='ltr'><strong>Ethnicorum</strong></span> <span class='ocrx_word' id='word_1_273' title='bbox 1558 2335 1920 2408; x_wconf 89' lang='lat' dir='ltr'><strong>testimoni0‚</strong></span> <span class='ocrx_word' id='word_1_274' title='bbox 1981 2339 2414 2414; x_wconf 88' lang='lat' dir='ltr'><strong>antiquissima:</strong></span> <span class='ocrx_word' id='word_1_275' title='bbox 2470 2337 2664 2415; x_wconf 80' lang='lat' dir='ltr'><strong>quod,</strong></span> <span class='ocrx_word' id='word_1_276' title='bbox 2719 2337 2854 2396; x_wconf 90' lang='lat' dir='ltr'><strong>licet</strong></span> <span class='ocrx_word' id='word_1_277' title='bbox 2892 2333 3114 2393; x_wconf 88' lang='lat' dir='ltr'><strong>inculta</strong></span> <span class='ocrx_word' id='word_1_278' title='bbox 3153 2335 3210 2392; x_wconf 75' lang='grc' dir='ltr'><strong>δι</strong></span> <span class='ocrx_word' id='word_1_279' title='bbox 3247 2331 3537 2392; x_wconf 88' lang='lat' dir='ltr'><strong>sermonis</strong></span> 
     </span>
     <span class='ocr_line' id='line_1_26' title="bbox 628 2411 3538 2493; baseline -0 -20"><span class='ocrx_word' id='word_1_280' title='bbox 628 2411 1001 2491; x_wconf 85' lang='lat' dir='ltr'><strong>simplicitate</strong></span> <span class='ocrx_word' id='word_1_281' title='bbox 1061 2425 1364 2493; x_wconf 84' lang='lat' dir='ltr'><strong>constans,</strong></span> <span class='ocrx_word' id='word_1_282' title='bbox 1424 2427 1621 2476; x_wconf 86' lang='lat' dir='ltr'><strong>tamen</strong></span> <span class='ocrx_word' id='word_1_283' title='bbox 1678 2416 1739 2476; x_wconf 88' lang='lat' dir='ltr'><strong>in</strong></span> <span class='ocrx_word' id='word_1_284' title='bbox 1800 2417 2111 2478; x_wconf 88' lang='lat' dir='ltr'><strong>hominurn</strong></span> <span class='ocrx_word' id='word_1_285' title='bbox 2161 2417 2371 2479; x_wconf 87' lang='lat' dir='ltr'><strong>animis</strong></span> <span class='ocrx_word' id='word_1_286' title='bbox 2420 2418 2493 2478; x_wconf 88' lang='lat' dir='ltr'><strong>sit</strong></span> <span class='ocrx_word' id='word_1_287' title='bbox 2533 2417 2936 2479; x_wconf 86' lang='lat' dir='ltr'><strong>efficacissima</strong></span> <span class='ocrx_word' id='word_1_288' title='bbox 2977 2413 3292 2490; x_wconf 75' lang='lat' dir='ltr'><strong>viuideque</strong></span> <span class='ocrx_word' id='word_1_289' title='bbox 3331 2431 3538 2474; x_wconf 88' lang='lat' dir='ltr'><strong>eorum</strong></span> 
     </span>
     <span class='ocr_line' id='line_1_27' title="bbox 627 2493 3542 2575; baseline 0 -24"><span class='ocrx_word' id='word_1_290' title='bbox 627 2494 858 2552; x_wconf 88' lang='lat' dir='ltr'><strong>animos</strong></span> <span class='ocrx_word' id='word_1_291' title='bbox 918 2493 1163 2553; x_wconf 87' lang='lat' dir='ltr'><strong>afficiat:</strong></span> <span class='ocrx_word' id='word_1_292' title='bbox 1227 2497 1390 2571; x_wconf 66' lang='lat' dir='ltr'><strong>quOd</strong></span> <span class='ocrx_word' id='word_1_293' title='bbox 1451 2496 1856 2557; x_wconf 81' lang='lat' dir='ltr'><strong>vaticiniorum</strong></span> <span class='ocrx_word' id='word_1_294' title='bbox 1910 2510 2126 2558; x_wconf 88' lang='lat' dir='ltr'><strong>euentu</strong></span> <span class='ocrx_word' id='word_1_295' title='bbox 2166 2503 2222 2559; x_wconf 76' lang='grc' dir='ltr'><strong>δι</strong></span> <span class='ocrx_word' id='word_1_296' title='bbox 2261 2502 2701 2575; x_wconf 86' lang='lat' dir='ltr'><strong>complemento</strong></span> <span class='ocrx_word' id='word_1_297' title='bbox 2743 2494 3161 2573; x_wconf 88' lang='lat' dir='ltr'><strong>comprobata:</strong></span> <span class='ocrx_word' id='word_1_298' title='bbox 3203 2494 3366 2569; x_wconf 86' lang='lat' dir='ltr'><strong>quod</strong></span> <span class='ocrx_word' id='word_1_299' title='bbox 3412 2494 3542 2552; x_wconf 90' lang='lat' dir='ltr'><strong>sola</strong></span> 
     </span>
     <span class='ocr_line' id='line_1_28' title="bbox 626 2571 3540 2655; baseline -0.001 -22"><span class='ocrx_word' id='word_1_300' title='bbox 626 2572 1035 2633; x_wconf 87' lang='lat' dir='ltr'><strong>liberationem</strong></span> <span class='ocrx_word' id='word_1_301' title='bbox 1076 2578 1115 2633; x_wconf 78' lang='lat' dir='ltr'><strong>a</strong></span> <span class='ocrx_word' id='word_1_302' title='bbox 1152 2588 1399 2652; x_wconf 89' lang='lat' dir='ltr'><strong>peccato</strong></span> <span class='ocrx_word' id='word_1_303' title='bbox 1438 2580 1493 2637; x_wconf 87' lang='lat'>&amp;</span> <span class='ocrx_word' id='word_1_304' title='bbox 1532 2586 1725 2636; x_wconf 88' lang='lat' dir='ltr'><strong>morte</strong></span> <span class='ocrx_word' id='word_1_305' title='bbox 1765 2577 2068 2636; x_wconf 83' lang='lat' dir='ltr'><strong>ostendat:</strong></span> <span class='ocrx_word' id='word_1_306' title='bbox 2109 2580 2273 2655; x_wconf 80' lang='lat' dir='ltr'><strong>quod</strong></span> <span class='ocrx_word' id='word_1_307' title='bbox 2316 2578 2510 2638; x_wconf 88' lang='lat' dir='ltr'><strong>multis</strong></span> <span class='ocrx_word' id='word_1_308' title='bbox 2553 2576 2954 2655; x_wconf 84' lang='lat' dir='ltr'><strong>&amp;insignibus</strong></span> <span class='ocrx_word' id='word_1_309' title='bbox 2975 2571 3268 2633; x_wconf 84' lang='lat' dir='ltr'><strong>miraculis</strong></span> <span class='ocrx_word' id='word_1_310' title='bbox 3287 2572 3540 2633; x_wconf 85' lang='lat' dir='ltr'><strong>sancita:</strong></span> 
     </span>
     <span class='ocr_line' id='line_1_29' title="bbox 628 2651 3540 2735; baseline -0 -24"><span class='ocrx_word' id='word_1_311' title='bbox 628 2653 795 2729; x_wconf 80' lang='lat' dir='ltr'><strong>quod</strong></span> <span class='ocrx_word' id='word_1_312' title='bbox 834 2652 971 2711; x_wconf 89' lang='lat' dir='ltr'><strong>licet</strong></span> <span class='ocrx_word' id='word_1_313' title='bbox 1010 2652 1121 2713; x_wconf 89' lang='lat' dir='ltr'><strong>toti</strong></span> <span class='ocrx_word' id='word_1_314' title='bbox 1162 2656 1385 2715; x_wconf 88' lang='lat' dir='ltr'><strong>mundo</strong></span> <span class='ocrx_word' id='word_1_315' title='bbox 1426 2660 1481 2717; x_wconf 71' lang='grc' dir='ltr'><strong>δι</strong></span> <span class='ocrx_word' id='word_1_316' title='bbox 1520 2656 1709 2715; x_wconf 87' lang='lat' dir='ltr'><strong>inuisa</strong></span> <span class='ocrx_word' id='word_1_317' title='bbox 1752 2668 1949 2715; x_wconf 87' lang='lat' dir='ltr'><strong>tamen</strong></span> <span class='ocrx_word' id='word_1_318' title='bbox 1993 2656 2212 2717; x_wconf 90' lang='lat' dir='ltr'><strong>inuicta</strong></span> <span class='ocrx_word' id='word_1_319' title='bbox 2251 2669 2502 2735; x_wconf 85' lang='lat' dir='ltr'><strong>perstet,</strong></span> <span class='ocrx_word' id='word_1_320' title='bbox 2538 2659 2594 2717; x_wconf 74' lang='grc' dir='ltr'><strong>δε</strong></span> <span class='ocrx_word' id='word_1_321' title='bbox 2628 2656 2881 2717; x_wconf 89' lang='lat' dir='ltr'><strong>mirabili</strong></span> <span class='ocrx_word' id='word_1_322' title='bbox 2899 2670 3174 2715; x_wconf 84' lang='lat' dir='ltr'><strong>successu</strong></span> <span class='ocrx_word' id='word_1_323' title='bbox 3195 2651 3540 2729; x_wconf 82' lang='lat' dir='ltr'><strong>triumphet:</strong></span> 
     </span>
     <span class='ocr_line' id='line_1_30' title="bbox 626 2732 3540 2815; baseline -0 -24"><span class='ocrx_word' id='word_1_324' title='bbox 626 2734 791 2809; x_wconf 90' lang='lat' dir='ltr'><strong>quod</strong></span> <span class='ocrx_word' id='word_1_325' title='bbox 834 2732 1121 2809; x_wconf 88' lang='lat' dir='ltr'><strong>sanguine</strong></span> <span class='ocrx_word' id='word_1_326' title='bbox 1159 2744 1251 2793; x_wconf 90' lang='lat' dir='ltr'><strong>tot</strong></span> <span class='ocrx_word' id='word_1_327' title='bbox 1290 2747 1612 2812; x_wconf 87' lang='lat' dir='ltr'><strong>martyrum</strong></span> <span class='ocrx_word' id='word_1_328' title='bbox 1656 2736 1998 2813; x_wconf 81' lang='lat' dir='ltr'><strong>obsignata:</strong></span> <span class='ocrx_word' id='word_1_329' title='bbox 2041 2738 2314 2815; x_wconf 89' lang='lat' dir='ltr'><strong>Denique</strong></span> <span class='ocrx_word' id='word_1_330' title='bbox 2355 2739 2516 2814; x_wconf 80' lang='lat' dir='ltr'><strong>quod</strong></span> <span class='ocrx_word' id='word_1_331' title='bbox 2555 2738 2680 2797; x_wconf 89' lang='lat' dir='ltr'><strong>eius</strong></span> <span class='ocrx_word' id='word_1_332' title='bbox 2719 2743 3162 2809; x_wconf 88' lang='lat' dir='ltr'><strong>contemptores</strong></span> <span class='ocrx_word' id='word_1_333' title='bbox 3195 2732 3472 2791; x_wconf 86' lang='lat' dir='ltr'><strong>atrociter</strong></span> <span class='ocrx_word' id='word_1_334' title='bbox 3502 2734 3540 2789; x_wconf 75' lang='lat' dir='ltr'><strong>a</strong></span> 
     </span>
     <span class='ocr_line' id='line_1_31' title="bbox 628 2811 3543 2896; baseline 0 -26"><span class='ocrx_word' id='word_1_335' title='bbox 628 2814 788 2879; x_wconf 71' lang='lat' dir='ltr'><strong>Deo,</strong></span> <span class='ocrx_word' id='word_1_336' title='bbox 824 2811 1013 2888; x_wconf 90' lang='lat' dir='ltr'><strong>puniti</strong></span> <span class='ocrx_word' id='word_1_337' title='bbox 1072 2826 1239 2892; x_wconf 90' lang='lat' dir='ltr'><strong>sunt,</strong></span> <span class='ocrx_word' id='word_1_338' title='bbox 1303 2826 1367 2873; x_wconf 92' lang='lat' dir='ltr'><strong>vt</strong></span> <span class='ocrx_word' id='word_1_339' title='bbox 1426 2817 1688 2894; x_wconf 88' lang='lat' dir='ltr'><strong>Phara0,</strong></span> <span class='ocrx_word' id='word_1_340' title='bbox 1742 2818 1986 2876; x_wconf 82' lang='lat' dir='ltr'><strong>Achab:</strong></span> <span class='ocrx_word' id='word_1_341' title='bbox 2039 2820 2304 2895; x_wconf 80' lang='lat' dir='ltr'><strong>Iezabel,</strong></span> <span class='ocrx_word' id='word_1_342' title='bbox 2345 2818 2782 2896; x_wconf 87' lang='lat' dir='ltr'><strong>Sennacherib,</strong></span> <span class='ocrx_word' id='word_1_343' title='bbox 2825 2812 3189 2890; x_wconf 80' lang='lat' dir='ltr'><strong>AntiochuS,</strong></span> <span class='ocrx_word' id='word_1_344' title='bbox 3231 2812 3543 2887; x_wconf 64' lang='lat' dir='ltr'><strong>Herodes,</strong></span> 
     </span>
     <span class='ocr_line' id='line_1_32' title="bbox 628 2890 3546 2973; baseline 0 -24"><span class='ocrx_word' id='word_1_345' title='bbox 628 2894 820 2970; x_wconf 91' lang='lat' dir='ltr'><strong>Nero,</strong></span> <span class='ocrx_word' id='word_1_346' title='bbox 860 2890 1261 2971; x_wconf 88' lang='lat' dir='ltr'><strong>Domitianus,</strong></span> <span class='ocrx_word' id='word_1_347' title='bbox 1303 2898 1413 2955; x_wconf 76' lang='grc' dir='ltr'><strong>διε.</strong></span> <span class='ocrx_word' id='word_1_348' title='bbox 1477 2896 1648 2969; x_wconf 85' lang='lat' dir='ltr'><strong>Quae</strong></span> <span class='ocrx_word' id='word_1_349' title='bbox 1687 2896 1889 2955; x_wconf 88' lang='lat' dir='ltr'><strong>omnia</strong></span> <span class='ocrx_word' id='word_1_350' title='bbox 1926 2907 2300 2973; x_wconf 88' lang='lat' dir='ltr'><strong>argumenta,</strong></span> <span class='ocrx_word' id='word_1_351' title='bbox 2341 2897 2478 2958; x_wconf 86' lang='lat' dir='ltr'><strong>licet</strong></span> <span class='ocrx_word' id='word_1_352' title='bbox 2515 2896 2802 2957; x_wconf 84' lang='lat' dir='ltr'><strong>iudicium</strong></span> <span class='ocrx_word' id='word_1_353' title='bbox 2840 2905 3106 2955; x_wconf 90' lang='lat' dir='ltr'><strong>nostrum</strong></span> <span class='ocrx_word' id='word_1_354' title='bbox 3139 2890 3546 2969; x_wconf 87' lang='lat' dir='ltr'><strong>constringant</strong></span> 
     </span>
     <span class='ocr_line' id='line_1_33' title="bbox 628 2972 3542 3059; baseline 0.002 -31"><span class='ocrx_word' id='word_1_355' title='bbox 628 2972 684 3028; x_wconf 91' lang='lat'>&amp;</span> <span class='ocrx_word' id='word_1_356' title='bbox 742 2984 990 3048; x_wconf 89' lang='lat' dir='ltr'><strong>cogant,</strong></span> <span class='ocrx_word' id='word_1_357' title='bbox 1043 2975 1098 3032; x_wconf 84' lang='lat'>&amp;</span> <span class='ocrx_word' id='word_1_358' title='bbox 1152 2973 1514 3051; x_wconf 89' lang='lat' dir='ltr'><strong>Scripturam</strong></span> <span class='ocrx_word' id='word_1_359' title='bbox 1554 2976 1709 3035; x_wconf 88' lang='lat' dir='ltr'><strong>hanc</strong></span> <span class='ocrx_word' id='word_1_360' title='bbox 1747 2978 1887 3035; x_wconf 76' lang='lat' dir='ltr'><strong>vere</strong></span> <span class='ocrx_word' id='word_1_361' title='bbox 1927 2976 2209 3037; x_wconf 90' lang='lat' dir='ltr'><strong>Diuinam</strong></span> <span class='ocrx_word' id='word_1_362' title='bbox 2247 2996 2376 3038; x_wconf 90' lang='lat' dir='ltr'><strong>esse</strong></span> <span class='ocrx_word' id='word_1_363' title='bbox 2418 2976 2608 3036; x_wconf 77' lang='lat' dir='ltr'><strong>valide</strong></span> <span class='ocrx_word' id='word_1_364' title='bbox 2649 2976 2958 3053; x_wconf 82' lang='lat' dir='ltr'><strong>euincant3</strong></span> <span class='ocrx_word' id='word_1_365' title='bbox 2999 2981 3196 3031; x_wconf 88' lang='lat' dir='ltr'><strong>tamen</strong></span> <span class='ocrx_word' id='word_1_366' title='bbox 3235 2988 3542 3059; x_wconf 62' lang='lat' dir='ltr'><strong>nunquan}</strong></span> 
     </span>
     <span class='ocr_line' id='line_1_34' title="bbox 630 3050 3543 3133; baseline 0 -26"><span class='ocrx_word' id='word_1_367' title='bbox 630 3050 870 3110; x_wconf 87' lang='lat' dir='ltr'><strong>firmiter</strong></span> <span class='ocrx_word' id='word_1_368' title='bbox 927 3050 989 3109; x_wconf 93' lang='lat' dir='ltr'><strong>id</strong></span> <span class='ocrx_word' id='word_1_369' title='bbox 1048 3052 1221 3113; x_wconf 91' lang='lat' dir='ltr'><strong>nobis</strong></span> <span class='ocrx_word' id='word_1_370' title='bbox 1275 3054 1630 3131; x_wconf 88' lang='lat' dir='ltr'><strong>persuadere</strong></span> <span class='ocrx_word' id='word_1_371' title='bbox 1678 3068 1955 3132; x_wconf 85' lang='lat' dir='ltr'><strong>possunt,</strong></span> <span class='ocrx_word' id='word_1_372' title='bbox 1997 3056 2108 3116; x_wconf 89' lang='lat' dir='ltr'><strong>nisi</strong></span> <span class='ocrx_word' id='word_1_373' title='bbox 2146 3058 2392 3116; x_wconf 89' lang='lat' dir='ltr'><strong>accedat</strong></span> <span class='ocrx_word' id='word_1_374' title='bbox 2435 3056 2682 3133; x_wconf 90' lang='lat' dir='ltr'><strong>Spiritus</strong></span> <span class='ocrx_word' id='word_1_375' title='bbox 2723 3055 2924 3115; x_wconf 89' lang='lat' dir='ltr'><strong>Sancti</strong></span> <span class='ocrx_word' id='word_1_376' title='bbox 2963 3050 3397 3126; x_wconf 82' lang='lat' dir='ltr'><strong>testimonium,</strong></span> <span class='ocrx_word' id='word_1_377' title='bbox 3437 3066 3543 3125; x_wconf 81' lang='lat' dir='ltr'><strong>qm</strong></span> 
     </span>
     <span class='ocr_line' id='line_1_35' title="bbox 629 3128 3541 3215; baseline -0 -28"><span class='ocrx_word' id='word_1_378' title='bbox 629 3131 788 3190; x_wconf 89' lang='lat' dir='ltr'><strong>solus</strong></span> <span class='ocrx_word' id='word_1_379' title='bbox 829 3128 941 3189; x_wconf 89' lang='lat' dir='ltr'><strong>illis</strong></span> <span class='ocrx_word' id='word_1_380' title='bbox 980 3133 1339 3208; x_wconf 88' lang='lat' dir='ltr'><strong>argumentis</strong></span> <span class='ocrx_word' id='word_1_381' title='bbox 1379 3133 1497 3193; x_wconf 85' lang='lat' dir='ltr'><strong>vim</strong></span> <span class='ocrx_word' id='word_1_382' title='bbox 1538 3134 1733 3207; x_wconf 74' lang='lat' dir='ltr'><strong>addit3</strong></span> <span class='ocrx_word' id='word_1_383' title='bbox 1773 3154 1886 3194; x_wconf 89' lang='lat' dir='ltr'><strong>nec</strong></span> <span class='ocrx_word' id='word_1_384' title='bbox 1930 3138 2156 3195; x_wconf 78' lang='lat' dir='ltr'><strong>tantum</strong></span> <span class='ocrx_word' id='word_1_385' title='bbox 2199 3136 2362 3213; x_wconf 91' lang='lat' dir='ltr'><strong>cogit</strong></span> <span class='ocrx_word' id='word_1_386' title='bbox 2401 3138 2456 3195; x_wconf 75' lang='grc' dir='ltr'><strong>δι</strong></span> <span class='ocrx_word' id='word_1_387' title='bbox 2497 3135 2740 3215; x_wconf 85' lang='lat' dir='ltr'><strong>premit,</strong></span> <span class='ocrx_word' id='word_1_388' title='bbox 2782 3146 2846 3195; x_wconf 91' lang='lat' dir='ltr'><strong>vt</strong></span> <span class='ocrx_word' id='word_1_389' title='bbox 2877 3134 3008 3210; x_wconf 89' lang='lat' dir='ltr'><strong>illa,</strong></span> <span class='ocrx_word' id='word_1_390' title='bbox 3032 3129 3138 3190; x_wconf 89' lang='lat' dir='ltr'><strong>sed</strong></span> <span class='ocrx_word' id='word_1_391' title='bbox 3157 3129 3334 3189; x_wconf 87' lang='lat' dir='ltr'><strong>etiam</strong></span> <span class='ocrx_word' id='word_1_392' title='bbox 3353 3139 3541 3189; x_wconf 87' lang='lat' dir='ltr'><strong>totam</strong></span> 
     </span>
    </p>
   </div>
   <div class='ocr_carea' id='block_1_3' title="bbox 516 3207 3556 3292">
    <p class='ocr_par' dir='ltr' id='par_1_5' title="bbox 516 3207 3556 3292">
     <span class='ocr_line' id='line_1_36' title="bbox 516 3207 3556 3292; baseline 0 -27"><span class='ocrx_word' id='word_1_393' title='bbox 516 3207 525 3221; x_wconf 92' lang='lat'><strong><em>‘</em></strong></span> <span class='ocrx_word' id='word_1_394' title='bbox 630 3222 887 3267; x_wconf 83' lang='lat' dir='ltr'><strong>mentem</strong></span> <span class='ocrx_word' id='word_1_395' title='bbox 926 3210 1007 3269; x_wconf 90' lang='lat' dir='ltr'><strong>ad</strong></span> <span class='ocrx_word' id='word_1_396' title='bbox 1045 3212 1482 3273; x_wconf 87' lang='lat' dir='ltr'><strong>assentiendum</strong></span> <span class='ocrx_word' id='word_1_397' title='bbox 1520 3212 1763 3292; x_wconf 88' lang='lat' dir='ltr'><strong>excitat,</strong></span> <span class='ocrx_word' id='word_1_398' title='bbox 1804 3218 1859 3273; x_wconf 74' lang='grc' dir='ltr'><strong>ὅτ</strong></span> <span class='ocrx_word' id='word_1_399' title='bbox 1896 3218 1958 3289; x_wconf 87' lang='lat' dir='ltr'><strong>(f.</strong></span> <span class='ocrx_word' id='word_1_400' title='bbox 2009 3217 2207 3291; x_wconf 88' lang='lat'><strong>1605.)</strong></span> <span class='ocrx_word' id='word_1_401' title='bbox 2246 3216 2476 3275; x_wconf 89' lang='lat' dir='ltr'><strong>animos</strong></span> <span class='ocrx_word' id='word_1_402' title='bbox 2507 3226 2743 3277; x_wconf 89' lang='lat' dir='ltr'><strong>nostros</strong></span> <span class='ocrx_word' id='word_1_403' title='bbox 2779 3210 3026 3273; x_wconf 75' lang='lat' dir='ltr'><strong>mirifica</strong></span> <span class='ocrx_word' id='word_1_404' title='bbox 3057 3208 3315 3288; x_wconf 61' lang='lat' dir='ltr'><strong>quadam</strong></span> <span class='ocrx_word' id='word_1_405' title='bbox 3335 3212 3556 3289; x_wconf 50' lang='grc' dir='ltr'><strong>πληροχ</strong></span> 
     </span>
    </p>
   </div>
   <div class='ocr_carea' id='block_1_4' title="bbox 614 3290 3540 4325">
    <p class='ocr_par' dir='ltr' id='par_1_6' title="bbox 614 3290 3540 4325">
     <span class='ocr_line' id='line_1_37' title="bbox 622 3290 3480 3374; baseline 0.003 -31"><span class='ocrx_word' id='word_1_406' title='bbox 622 3294 804 3365; x_wconf 77' lang='grc' dir='ltr'><strong><em>φορὶᾳ</em></strong></span> <span class='ocrx_word' id='word_1_407' title='bbox 844 3292 1131 3367; x_wconf 86' lang='lat' dir='ltr'><strong>complet,</strong></span> <span class='ocrx_word' id='word_1_408' title='bbox 1174 3294 1430 3370; x_wconf 67' lang='lat' dir='ltr'><strong>facitque</strong></span> <span class='ocrx_word' id='word_1_409' title='bbox 1474 3304 1535 3352; x_wconf 92' lang='lat' dir='ltr'><strong>vt</strong></span> <span class='ocrx_word' id='word_1_410' title='bbox 1576 3294 1634 3353; x_wconf 94' lang='lat' dir='ltr'><strong>S.</strong></span> <span class='ocrx_word' id='word_1_411' title='bbox 1671 3294 2064 3374; x_wconf 85' lang='lat' dir='ltr'><strong>Scripturam,</strong></span> <span class='ocrx_word' id='word_1_412' title='bbox 2106 3305 2388 3372; x_wconf 89' lang='lat' dir='ltr'><strong>tanquam</strong></span> <span class='ocrx_word' id='word_1_413' title='bbox 2428 3314 2567 3355; x_wconf 84' lang='lat' dir='ltr'><strong>vere</strong></span> <span class='ocrx_word' id='word_1_414' title='bbox 2609 3301 2990 3369; x_wconf 69' lang='grc' dir='ltr'><strong>θεόπνευςον,</strong></span> <span class='ocrx_word' id='word_1_415' title='bbox 3030 3290 3480 3365; x_wconf 76' lang='lat' dir='ltr'><strong>amplectamur.</strong></span> 
     </span>
     <span class='ocr_line' id='line_1_38' title="bbox 706 3368 3537 3456; baseline 0 -32"><span class='ocrx_word' id='word_1_416' title='bbox 706 3375 760 3425; x_wconf 80' lang='grc' dir='ltr'><strong>ὅ.</strong></span> <span class='ocrx_word' id='word_1_417' title='bbox 841 3368 1140 3429; x_wconf 89' lang='lat' dir='ltr'><strong>Posterior</strong></span> <span class='ocrx_word' id='word_1_418' title='bbox 1177 3374 1353 3447; x_wconf 88' lang='lat' dir='ltr'><strong>(quae</strong></span> <span class='ocrx_word' id='word_1_419' title='bbox 1392 3373 1467 3430; x_wconf 90' lang='lat' dir='ltr'><strong>de</strong></span> <span class='ocrx_word' id='word_1_420' title='bbox 1507 3374 1564 3432; x_wconf 94' lang='lat' dir='ltr'><strong>S.</strong></span> <span class='ocrx_word' id='word_1_421' title='bbox 1607 3372 1941 3450; x_wconf 88' lang='lat' dir='ltr'><strong>Scripturae</strong></span> <span class='ocrx_word' id='word_1_422' title='bbox 1971 3374 2332 3452; x_wconf 78' lang='lat' dir='ltr'><strong>perfectione</strong></span> <span class='ocrx_word' id='word_1_423' title='bbox 2371 3380 2524 3447; x_wconf 91' lang='lat' dir='ltr'><strong>erat)</strong></span> <span class='ocrx_word' id='word_1_424' title='bbox 2564 3372 2891 3451; x_wconf 87' lang='lat' dir='ltr'><strong>propositio</strong></span> <span class='ocrx_word' id='word_1_425' title='bbox 2908 3417 2925 3448; x_wconf 90' lang='lat'><strong>,</strong></span> <span class='ocrx_word' id='word_1_426' title='bbox 2955 3380 3184 3449; x_wconf 88' lang='lat' dir='ltr'><strong>praeter</strong></span> <span class='ocrx_word' id='word_1_427' title='bbox 3202 3368 3537 3456; x_wconf 71' lang='lat' dir='ltr'><strong>innumeras</strong></span> 
     </span>
     <span class='ocr_line' id='line_1_39' title="bbox 624 3444 3536 3532; baseline 0.001 -29"><span class='ocrx_word' id='word_1_428' title='bbox 624 3444 767 3505; x_wconf 83' lang='lat' dir='ltr'><strong>alias</strong></span> <span class='ocrx_word' id='word_1_429' title='bbox 832 3446 1119 3527; x_wconf 87' lang='lat' dir='ltr'><strong>rationes,</strong></span> <span class='ocrx_word' id='word_1_430' title='bbox 1178 3453 1491 3531; x_wconf 88' lang='lat' dir='ltr'><strong>probatur,</strong></span> <span class='ocrx_word' id='word_1_431' title='bbox 1530 3455 1577 3511; x_wconf 95' lang='lat' dir='ltr'><strong>I.</strong></span> <span class='ocrx_word' id='word_1_432' title='bbox 1624 3454 1722 3511; x_wconf 93' lang='lat' dir='ltr'><strong>Ab</strong></span> <span class='ocrx_word' id='word_1_433' title='bbox 1764 3452 1889 3529; x_wconf 86' lang='lat' dir='ltr'><strong>ipsa</strong></span> <span class='ocrx_word' id='word_1_434' title='bbox 1932 3455 2272 3514; x_wconf 86' lang='lat' dir='ltr'><strong>definitione</strong></span> <span class='ocrx_word' id='word_1_435' title='bbox 2315 3454 2592 3532; x_wconf 86' lang='lat' dir='ltr'><strong>perfecti:</strong></span> <span class='ocrx_word' id='word_1_436' title='bbox 2636 3452 2803 3530; x_wconf 91' lang='lat' dir='ltr'><strong>quod</strong></span> <span class='ocrx_word' id='word_1_437' title='bbox 2843 3452 3066 3511; x_wconf 87' lang='lat' dir='ltr'><strong>scilicet</strong></span> <span class='ocrx_word' id='word_1_438' title='bbox 3103 3448 3249 3508; x_wconf 90' lang='lat' dir='ltr'><strong>illud</strong></span> <span class='ocrx_word' id='word_1_439' title='bbox 3290 3464 3536 3506; x_wconf 89' lang='lat' dir='ltr'><strong>ommno</strong></span> 
     </span>
     <span class='ocr_line' id='line_1_40' title="bbox 624 3528 3536 3611; baseline 0.002 -28"><span class='ocrx_word' id='word_1_440' title='bbox 624 3528 952 3601; x_wconf 81' lang='lat' dir='ltr'><strong>perfectum</strong></span> <span class='ocrx_word' id='word_1_441' title='bbox 1010 3528 1084 3587; x_wconf 87' lang='lat' dir='ltr'><strong>sit</strong></span> <span class='ocrx_word' id='word_1_442' title='bbox 1140 3528 1199 3588; x_wconf 90' lang='lat' dir='ltr'><strong>in</strong></span> <span class='ocrx_word' id='word_1_443' title='bbox 1254 3547 1361 3589; x_wconf 89' lang='lat' dir='ltr'><strong>suo</strong></span> <span class='ocrx_word' id='word_1_444' title='bbox 1400 3550 1643 3607; x_wconf 79' lang='lat' dir='ltr'><strong>genere.</strong></span> <span class='ocrx_word' id='word_1_445' title='bbox 1684 3532 1779 3592; x_wconf 89' lang='lat' dir='ltr'><strong>cui</strong></span> <span class='ocrx_word' id='word_1_446' title='bbox 1819 3532 1966 3591; x_wconf 85' lang='lat' dir='ltr'><strong>nihil</strong></span> <span class='ocrx_word' id='word_1_447' title='bbox 2003 3532 2068 3593; x_wconf 90' lang='lat' dir='ltr'><strong>in</strong></span> <span class='ocrx_word' id='word_1_448' title='bbox 2105 3553 2181 3594; x_wconf 91' lang='lat' dir='ltr'><strong>eo</strong></span> <span class='ocrx_word' id='word_1_449' title='bbox 2221 3553 2436 3611; x_wconf 88' lang='lat' dir='ltr'><strong>genere</strong></span> <span class='ocrx_word' id='word_1_450' title='bbox 2475 3534 2618 3593; x_wconf 87' lang='lat' dir='ltr'><strong>addi</strong></span> <span class='ocrx_word' id='word_1_451' title='bbox 2660 3542 2761 3592; x_wconf 91' lang='lat' dir='ltr'><strong>aut</strong></span> <span class='ocrx_word' id='word_1_452' title='bbox 2802 3530 3052 3590; x_wconf 90' lang='lat' dir='ltr'><strong>diminui</strong></span> <span class='ocrx_word' id='word_1_453' title='bbox 3095 3537 3316 3604; x_wconf 88' lang='lat' dir='ltr'><strong>potest:</strong></span> <span class='ocrx_word' id='word_1_454' title='bbox 3357 3528 3536 3585; x_wconf 87' lang='lat' dir='ltr'><strong>talem</strong></span> 
     </span>
     <span class='ocr_line' id='line_1_41' title="bbox 624 3606 3538 3688; baseline 0 -26"><span class='ocrx_word' id='word_1_455' title='bbox 624 3616 821 3665; x_wconf 86' lang='lat' dir='ltr'><strong>autem</strong></span> <span class='ocrx_word' id='word_1_456' title='bbox 881 3624 1009 3665; x_wconf 85' lang='lat' dir='ltr'><strong>esse</strong></span> <span class='ocrx_word' id='word_1_457' title='bbox 1070 3610 1127 3667; x_wconf 90' lang='lat' dir='ltr'><strong>S.</strong></span> <span class='ocrx_word' id='word_1_458' title='bbox 1172 3611 1530 3686; x_wconf 87' lang='lat' dir='ltr'><strong>Scripturam</strong></span> <span class='ocrx_word' id='word_1_459' title='bbox 1594 3610 1773 3688; x_wconf 89' lang='lat' dir='ltr'><strong>liquet</strong></span> <span class='ocrx_word' id='word_1_460' title='bbox 1816 3631 1889 3670; x_wconf 88' lang='lat' dir='ltr'><strong>ex</strong></span> <span class='ocrx_word' id='word_1_461' title='bbox 1930 3614 2172 3673; x_wconf 87' lang='lat' dir='ltr'><strong>Deuter.</strong></span> <span class='ocrx_word' id='word_1_462' title='bbox 2215 3634 2270 3686; x_wconf 88' lang='lat'><strong>4.</strong></span> <span class='ocrx_word' id='word_1_463' title='bbox 2317 3635 2370 3673; x_wconf 82' lang='lat'><strong>2.</strong></span> <span class='ocrx_word' id='word_1_464' title='bbox 2432 3614 2578 3672; x_wconf 81' lang='lat' dir='ltr'><strong>Non</strong></span> <span class='ocrx_word' id='word_1_465' title='bbox 2617 3612 2839 3671; x_wconf 79' lang='lat' dir='ltr'><strong>addetis</strong></span> <span class='ocrx_word' id='word_1_466' title='bbox 2879 3612 2965 3669; x_wconf 77' lang='lat' dir='ltr'><strong>ad</strong></span> <span class='ocrx_word' id='word_1_467' title='bbox 3015 3609 3290 3683; x_wconf 78' lang='lat' dir='ltr'><strong>Verbum,</strong></span> <span class='ocrx_word' id='word_1_468' title='bbox 3329 3606 3442 3665; x_wconf 78' lang='grc' dir='ltr'><strong>διε.</strong></span> <span class='ocrx_word' id='word_1_469' title='bbox 3481 3606 3538 3663; x_wconf 75' lang='grc' dir='ltr'><strong>δι</strong></span> 
     </span>
     <span class='ocr_line' id='line_1_42' title="bbox 621 3684 3536 3771; baseline -0.001 -27"><span class='ocrx_word' id='word_1_470' title='bbox 621 3684 843 3745; x_wconf 85' lang='lat' dir='ltr'><strong>ibidem</strong></span> <span class='ocrx_word' id='word_1_471' title='bbox 882 3706 1014 3763; x_wconf 88' lang='lat' dir='ltr'><strong>cap.</strong></span> <span class='ocrx_word' id='word_1_472' title='bbox 1064 3708 1151 3747; x_wconf 80' lang='lat'><strong>12.</strong></span> <span class='ocrx_word' id='word_1_473' title='bbox 1192 3708 1340 3749; x_wconf 89' lang='lat' dir='ltr'><strong>vers.</strong></span> <span class='ocrx_word' id='word_1_474' title='bbox 1386 3693 1487 3749; x_wconf 87' lang='lat' dir='ltr'><strong>vlt.</strong></span> <span class='ocrx_word' id='word_1_475' title='bbox 1540 3692 1718 3766; x_wconf 81' lang='lat' dir='ltr'><strong>Quod</strong></span> <span class='ocrx_word' id='word_1_476' title='bbox 1738 3694 2046 3769; x_wconf 63' lang='lat' dir='ltr'><strong>praecepio</strong></span> <span class='ocrx_word' id='word_1_477' title='bbox 2089 3695 2221 3771; x_wconf 82' lang='lat' dir='ltr'><strong>tibi,</strong></span> <span class='ocrx_word' id='word_1_478' title='bbox 2263 3696 2370 3753; x_wconf 75' lang='lat' dir='ltr'><strong>hoc</strong></span> <span class='ocrx_word' id='word_1_479' title='bbox 2407 3695 2629 3753; x_wconf 73' lang='lat' dir='ltr'><strong>tantr&#39;cm</strong></span> <span class='ocrx_word' id='word_1_480' title='bbox 2657 3691 2884 3767; x_wconf 78' lang='lat' dir='ltr'><strong>facito,</strong></span> <span class='ocrx_word' id='word_1_481' title='bbox 2926 3693 3037 3750; x_wconf 71' lang='grc' dir='ltr'><strong>ὅτε.</strong></span> <span class='ocrx_word' id='word_1_482' title='bbox 3085 3687 3147 3747; x_wconf 86' lang='lat' dir='ltr'><strong>Si</strong></span> <span class='ocrx_word' id='word_1_483' title='bbox 3179 3699 3372 3746; x_wconf 88' lang='lat' dir='ltr'><strong>autem</strong></span> <span class='ocrx_word' id='word_1_484' title='bbox 3413 3702 3536 3743; x_wconf 88' lang='lat' dir='ltr'><strong>non</strong></span> 
     </span>
     <span class='ocr_line' id='line_1_43' title="bbox 624 3764 3540 3847; baseline 0 -25"><span class='ocrx_word' id='word_1_485' title='bbox 624 3764 784 3824; x_wconf 90' lang='lat' dir='ltr'><strong>licuit</strong></span> <span class='ocrx_word' id='word_1_486' title='bbox 840 3767 1075 3827; x_wconf 85' lang='lat' dir='ltr'><strong>Iudaeis</strong></span> <span class='ocrx_word' id='word_1_487' title='bbox 1130 3769 1349 3829; x_wconf 85' lang='lat' dir='ltr'><strong>addere</strong></span> <span class='ocrx_word' id='word_1_488' title='bbox 1410 3771 1488 3828; x_wconf 92' lang='lat' dir='ltr'><strong>ad</strong></span> <span class='ocrx_word' id='word_1_489' title='bbox 1551 3768 1770 3847; x_wconf 87' lang='lat' dir='ltr'><strong>scripta</strong></span> <span class='ocrx_word' id='word_1_490' title='bbox 1827 3772 2046 3847; x_wconf 74' lang='lat' dir='ltr'><strong>MosiS,</strong></span> <span class='ocrx_word' id='word_1_491' title='bbox 2109 3776 2293 3834; x_wconf 80' lang='lat' dir='ltr'><strong>multo</strong></span> <span class='ocrx_word' id='word_1_492' title='bbox 2357 3773 2546 3832; x_wconf 74' lang='lat' dir='ltr'><strong>minus</strong></span> <span class='ocrx_word' id='word_1_493' title='bbox 2585 3770 2704 3831; x_wconf 87' lang='lat' dir='ltr'><strong>iam</strong></span> <span class='ocrx_word' id='word_1_494' title='bbox 2744 3770 2947 3830; x_wconf 88' lang='lat' dir='ltr'><strong>licebit</strong></span> <span class='ocrx_word' id='word_1_495' title='bbox 2987 3768 3161 3827; x_wconf 90' lang='lat' dir='ltr'><strong>nobis</strong></span> <span class='ocrx_word' id='word_1_496' title='bbox 3201 3765 3420 3825; x_wconf 87' lang='lat' dir='ltr'><strong>addere</strong></span> <span class='ocrx_word' id='word_1_497' title='bbox 3458 3764 3540 3823; x_wconf 90' lang='lat' dir='ltr'><strong>ad</strong></span> 
     </span>
     <span class='ocr_line' id='line_1_44' title="bbox 621 3843 3536 3927; baseline 0.001 -27"><span class='ocrx_word' id='word_1_498' title='bbox 621 3844 943 3919; x_wconf 80' lang='lat' dir='ltr'><strong>scripturae</strong></span> <span class='ocrx_word' id='word_1_499' title='bbox 1001 3866 1293 3907; x_wconf 88' lang='lat' dir='ltr'><strong>canonem</strong></span> <span class='ocrx_word' id='word_1_500' title='bbox 1355 3861 1445 3909; x_wconf 91' lang='lat' dir='ltr'><strong>tot</strong></span> <span class='ocrx_word' id='word_1_501' title='bbox 1504 3848 1665 3909; x_wconf 89' lang='lat' dir='ltr'><strong>libris</strong></span> <span class='ocrx_word' id='word_1_502' title='bbox 1725 3862 1984 3910; x_wconf 87' lang='lat' dir='ltr'><strong>auctum.</strong></span> <span class='ocrx_word' id='word_1_503' title='bbox 2045 3850 2228 3927; x_wconf 83' lang='lat' dir='ltr'><strong>liquet</strong></span> <span class='ocrx_word' id='word_1_504' title='bbox 2285 3852 2426 3913; x_wconf 90' lang='lat' dir='ltr'><strong>item</strong></span> <span class='ocrx_word' id='word_1_505' title='bbox 2487 3872 2558 3909; x_wconf 81' lang='lat' dir='ltr'><strong>ex</strong></span> <span class='ocrx_word' id='word_1_506' title='bbox 2628 3850 2828 3909; x_wconf 80' lang='lat' dir='ltr'><strong>Galat.</strong></span> <span class='ocrx_word' id='word_1_507' title='bbox 2899 3870 2948 3909; x_wconf 87' lang='lat'><strong>1.</strong></span> <span class='ocrx_word' id='word_1_508' title='bbox 2990 3869 3044 3909; x_wconf 87' lang='lat' dir='ltr'><strong>v.</strong></span> <span class='ocrx_word' id='word_1_509' title='bbox 3087 3852 3143 3905; x_wconf 90' lang='lat'><strong>8.</strong></span> <span class='ocrx_word' id='word_1_510' title='bbox 3185 3843 3286 3905; x_wconf 85' lang='lat' dir='ltr'><strong>vbi</strong></span> <span class='ocrx_word' id='word_1_511' title='bbox 3327 3862 3536 3904; x_wconf 89' lang='lat' dir='ltr'><strong>omnes</strong></span> 
     </span>
     <span class='ocr_line' id='line_1_45' title="bbox 620 3922 3539 4012; baseline 0.001 -36"><span class='ocrx_word' id='word_1_512' title='bbox 620 3922 1111 4001; x_wconf 73' lang='grc' dir='ltr'><strong>ἀναθεματισμοῦ</strong></span> <span class='ocrx_word' id='word_1_513' title='bbox 1163 3928 1246 3987; x_wconf 90' lang='lat' dir='ltr'><strong>rei</strong></span> <span class='ocrx_word' id='word_1_514' title='bbox 1308 3928 1637 3989; x_wconf 87' lang='lat' dir='ltr'><strong>iudicantur</strong></span> <span class='ocrx_word' id='word_1_515' title='bbox 1689 3928 2028 4006; x_wconf 90' lang='lat' dir='ltr'><strong>quicunque</strong></span> <span class='ocrx_word' id='word_1_516' title='bbox 2077 3932 2546 4009; x_wconf 72' lang='grc' dir='ltr'><strong><em>εὐαγγελίζονται</em></strong></span> <span class='ocrx_word' id='word_1_517' title='bbox 2589 3942 2820 4007; x_wconf 89' lang='lat' dir='ltr'><strong>praeter</strong></span> <span class='ocrx_word' id='word_1_518' title='bbox 2861 3928 3004 3989; x_wconf 88' lang='lat' dir='ltr'><strong>illud</strong></span> <span class='ocrx_word' id='word_1_519' title='bbox 3049 3926 3216 4001; x_wconf 90' lang='lat' dir='ltr'><strong>quod</strong></span> <span class='ocrx_word' id='word_1_520' title='bbox 3253 3923 3539 4012; x_wconf 74' lang='lat' dir='ltr'><strong>scriptum</strong></span> 
     </span>
     <span class='ocr_line' id='line_1_46' title="bbox 619 4005 3540 4089; baseline 0.001 -30"><span class='ocrx_word' id='word_1_521' title='bbox 619 4014 726 4089; x_wconf 66' lang='lat' dir='ltr'><strong>est.</strong></span> <span class='ocrx_word' id='word_1_522' title='bbox 755 4006 843 4089; x_wconf 68' lang='lat' dir='ltr'><strong>ll.</strong></span> <span class='ocrx_word' id='word_1_523' title='bbox 887 4010 942 4061; x_wconf 89' lang='lat' dir='ltr'><strong>A</strong></span> <span class='ocrx_word' id='word_1_524' title='bbox 983 4024 1161 4065; x_wconf 87' lang='lat' dir='ltr'><strong>causa</strong></span> <span class='ocrx_word' id='word_1_525' title='bbox 1200 4008 1493 4069; x_wconf 84' lang='lat' dir='ltr'><strong>efficiente</strong></span> <span class='ocrx_word' id='word_1_526' title='bbox 1536 4008 1707 4067; x_wconf 89' lang='lat' dir='ltr'><strong>simul</strong></span> <span class='ocrx_word' id='word_1_527' title='bbox 1748 4010 1803 4068; x_wconf 85' lang='lat'>&amp;</span> <span class='ocrx_word' id='word_1_528' title='bbox 1846 4010 2004 4068; x_wconf 84' lang='lat' dir='ltr'><strong>finali</strong></span> <span class='ocrx_word' id='word_1_529' title='bbox 2045 4011 2106 4069; x_wconf 91' lang='lat' dir='ltr'><strong>S.</strong></span> <span class='ocrx_word' id='word_1_530' title='bbox 2128 4012 2482 4085; x_wconf 80' lang='lat' dir='ltr'><strong>Scripturae.</strong></span> <span class='ocrx_word' id='word_1_531' title='bbox 2525 4012 2688 4069; x_wconf 89' lang='lat' dir='ltr'><strong>Deus</strong></span> <span class='ocrx_word' id='word_1_532' title='bbox 2711 4012 2864 4068; x_wconf 85' lang='lat' dir='ltr'><strong>hanc</strong></span> <span class='ocrx_word' id='word_1_533' title='bbox 2884 4008 3246 4084; x_wconf 87' lang='lat' dir='ltr'><strong>Scripturam</strong></span> <span class='ocrx_word' id='word_1_534' title='bbox 3267 4005 3540 4062; x_wconf 76' lang='lat' dir='ltr'><strong>Patribus</strong></span> 
     </span>
     <span class='ocr_line' id='line_1_47' title="bbox 616 4081 3530 4166; baseline 0.001 -29"><span class='ocrx_word' id='word_1_535' title='bbox 616 4082 921 4155; x_wconf 79' lang='lat' dir='ltr'><strong>inspirauit</strong></span> <span class='ocrx_word' id='word_1_536' title='bbox 986 4086 1041 4143; x_wconf 90' lang='lat'>&amp;</span> <span class='ocrx_word' id='word_1_537' title='bbox 1104 4106 1206 4162; x_wconf 88' lang='lat' dir='ltr'><strong>per</strong></span> <span class='ocrx_word' id='word_1_538' title='bbox 1256 4088 1502 4148; x_wconf 87' lang='lat' dir='ltr'><strong>eosdem</strong></span> <span class='ocrx_word' id='word_1_539' title='bbox 1542 4088 1601 4146; x_wconf 92' lang='lat' dir='ltr'><strong>in</strong></span> <span class='ocrx_word' id='word_1_540' title='bbox 1642 4088 1826 4148; x_wconf 88' lang='lat' dir='ltr'><strong>libros</strong></span> <span class='ocrx_word' id='word_1_541' title='bbox 1865 4089 2061 4148; x_wconf 89' lang='lat' dir='ltr'><strong>retulit</strong></span> <span class='ocrx_word' id='word_1_542' title='bbox 2099 4090 2154 4147; x_wconf 73' lang='grc' dir='ltr'><strong>δε</strong></span> <span class='ocrx_word' id='word_1_543' title='bbox 2195 4088 2455 4166; x_wconf 89' lang='lat' dir='ltr'><strong>scripsit,</strong></span> <span class='ocrx_word' id='word_1_544' title='bbox 2501 4101 2561 4148; x_wconf 90' lang='lat' dir='ltr'><strong>vt</strong></span> <span class='ocrx_word' id='word_1_545' title='bbox 2601 4088 2662 4148; x_wconf 88' lang='lat' dir='ltr'><strong>in</strong></span> <span class='ocrx_word' id='word_1_546' title='bbox 2701 4090 2770 4149; x_wconf 90' lang='lat' dir='ltr'><strong>iis</strong></span> <span class='ocrx_word' id='word_1_547' title='bbox 2811 4108 2964 4165; x_wconf 88' lang='lat' dir='ltr'><strong>quae</strong></span> <span class='ocrx_word' id='word_1_548' title='bbox 3007 4084 3234 4161; x_wconf 87' lang='lat' dir='ltr'><strong>pietatis</strong></span> <span class='ocrx_word' id='word_1_549' title='bbox 3275 4093 3409 4144; x_wconf 88' lang='lat' dir='ltr'><strong>sunt</strong></span> <span class='ocrx_word' id='word_1_550' title='bbox 3448 4081 3530 4141; x_wconf 93' lang='lat' dir='ltr'><strong>in·</strong></span> 
     </span>
     <span class='ocr_line' id='line_1_48' title="bbox 614 4162 3531 4244; baseline 0.001 -28"><span class='ocrx_word' id='word_1_551' title='bbox 614 4174 968 4221; x_wconf 87' lang='lat' dir='ltr'><strong>strueremur</strong></span> <span class='ocrx_word' id='word_1_552' title='bbox 1028 4166 1105 4223; x_wconf 86' lang='lat' dir='ltr'><strong>ad</strong></span> <span class='ocrx_word' id='word_1_553' title='bbox 1164 4169 1441 4244; x_wconf 82' lang='lat' dir='ltr'><strong>salutem,</strong></span> <span class='ocrx_word' id='word_1_554' title='bbox 1502 4180 1681 4243; x_wconf 85' lang='lat' dir='ltr'><strong>vtque</strong></span> <span class='ocrx_word' id='word_1_555' title='bbox 1741 4188 1811 4227; x_wconf 89' lang='lat' dir='ltr'><strong>ea</strong></span> <span class='ocrx_word' id='word_1_556' title='bbox 1864 4168 2091 4227; x_wconf 82' lang='lat' dir='ltr'><strong>ratione</strong></span> <span class='ocrx_word' id='word_1_557' title='bbox 2131 4168 2374 4228; x_wconf 88' lang='lat' dir='ltr'><strong>obuiam</strong></span> <span class='ocrx_word' id='word_1_558' title='bbox 2413 4169 2594 4227; x_wconf 84' lang='lat' dir='ltr'><strong>iretur</strong></span> <span class='ocrx_word' id='word_1_559' title='bbox 2633 4167 2980 4243; x_wconf 87' lang='lat' dir='ltr'><strong>corruptelis</strong></span> <span class='ocrx_word' id='word_1_560' title='bbox 3021 4166 3076 4223; x_wconf 77' lang='grc' dir='ltr'><strong>δι</strong></span> <span class='ocrx_word' id='word_1_561' title='bbox 3117 4162 3531 4223; x_wconf 86' lang='lat' dir='ltr'><strong>adulterationi</strong></span> 
     </span>
     <span class='ocr_line' id='line_1_49' title="bbox 618 4240 3532 4325; baseline 0.001 -28"><span class='ocrx_word' id='word_1_562' title='bbox 618 4258 789 4297; x_wconf 82' lang='lat' dir='ltr'><strong>verae</strong></span> <span class='ocrx_word' id='word_1_563' title='bbox 851 4240 1182 4303; x_wconf 87' lang='lat' dir='ltr'><strong>doctrinae:</strong></span> <span class='ocrx_word' id='word_1_564' title='bbox 1247 4250 1390 4305; x_wconf 81' lang='lat' dir='ltr'><strong>Luc.</strong></span> <span class='ocrx_word' id='word_1_565' title='bbox 1460 4268 1507 4304; x_wconf 89' lang='lat'><strong>1.</strong></span> <span class='ocrx_word' id='word_1_566' title='bbox 1571 4268 1626 4319; x_wconf 89' lang='lat'><strong>4.</strong></span> <span class='ocrx_word' id='word_1_567' title='bbox 1690 4248 1850 4324; x_wconf 71' lang='lat' dir='ltr'><strong>Ergo</strong></span> <span class='ocrx_word' id='word_1_568' title='bbox 1912 4247 2210 4325; x_wconf 84' lang='lat' dir='ltr'><strong>Scriptura</strong></span> <span class='ocrx_word' id='word_1_569' title='bbox 2267 4247 2347 4307; x_wconf 87' lang='lat' dir='ltr'><strong>ita</strong></span> <span class='ocrx_word' id='word_1_570' title='bbox 2387 4262 2476 4307; x_wconf 82' lang='lat' dir='ltr'><strong>est</strong></span> <span class='ocrx_word' id='word_1_571' title='bbox 2521 4250 2804 4324; x_wconf 83' lang='lat' dir='ltr'><strong>perfecta,</strong></span> <span class='ocrx_word' id='word_1_572' title='bbox 2851 4260 2911 4305; x_wconf 82' lang='lat' dir='ltr'><strong>vt</strong></span> <span class='ocrx_word' id='word_1_573' title='bbox 2952 4245 3092 4305; x_wconf 86' lang='lat' dir='ltr'><strong>nihil</strong></span> <span class='ocrx_word' id='word_1_574' title='bbox 3136 4244 3197 4302; x_wconf 90' lang='lat' dir='ltr'><strong>in</strong></span> <span class='ocrx_word' id='word_1_575' title='bbox 3237 4262 3308 4302; x_wconf 87' lang='lat' dir='ltr'><strong>ea</strong></span> <span class='ocrx_word' id='word_1_576' title='bbox 3348 4240 3532 4319; x_wconf 76' lang='lat' dir='ltr'><strong>possit</strong></span> 
     </span>
    </p>
   </div>
   <div class='ocr_carea' id='block_1_5' title="bbox 618 4318 3540 4460">
    <p class='ocr_par' dir='ltr' id='par_1_7' title="bbox 618 4318 3540 4460">
     <span class='ocr_line' id='line_1_50' title="bbox 618 4318 3540 4460; baseline 0 -81"><span class='ocrx_word' id='word_1_577' title='bbox 618 4318 933 4379; x_wconf 73' lang='lat' dir='ltr'><strong>desiderari</strong></span> <span class='ocrx_word' id='word_1_578' title='bbox 994 4324 1159 4398; x_wconf 88' lang='lat' dir='ltr'><strong>quod</strong></span> <span class='ocrx_word' id='word_1_579' title='bbox 1219 4328 1297 4384; x_wconf 84' lang='lat' dir='ltr'><strong>ad</strong></span> <span class='ocrx_word' id='word_1_580' title='bbox 1340 4328 1589 4385; x_wconf 80' lang='lat' dir='ltr'><strong>salutem</strong></span> <span class='ocrx_word' id='word_1_581' title='bbox 1628 4330 1683 4386; x_wconf 69' lang='grc' dir='ltr'><strong>δι</strong></span> <span class='ocrx_word' id='word_1_582' title='bbox 1729 4327 1908 4387; x_wconf 85' lang='lat' dir='ltr'><strong>vitam</strong></span> <span class='ocrx_word' id='word_1_583' title='bbox 1948 4339 2248 4387; x_wconf 86' lang='lat' dir='ltr'><strong>aeternam</strong></span> <span class='ocrx_word' id='word_1_584' title='bbox 2286 4328 2609 4407; x_wconf 82' lang='lat' dir='ltr'><strong>pertineat3</strong></span> <span class='ocrx_word' id='word_1_585' title='bbox 2655 4326 2920 4403; x_wconf 89' lang='lat' dir='ltr'><strong>alioquin</strong></span> <span class='ocrx_word' id='word_1_586' title='bbox 2961 4323 3120 4385; x_wconf 89' lang='lat' dir='ltr'><strong>enim</strong></span> <span class='ocrx_word' id='word_1_587' title='bbox 3161 4330 3540 4460; x_wconf 50' lang='lat' dir='ltr'><strong>accusaIrJetur</strong></span> 
     </span>
     <span class='ocr_line' id='line_1_51' title="bbox 3433 4417 3540 4460; baseline 0.009 -1"><span class='ocrx_word' id='word_1_588' title='bbox 3433 4417 3540 4460; x_wconf 88' lang='lat' dir='ltr'><strong>eus</strong></span> 
     </span>
    </p>
   </div>
  </div>
 </body>
</html>
