<?xml version="1.0" encoding="UTF-8"?>
<!DOCTYPE html PUBLIC "-//W3C//DTD XHTML 1.0 Transitional//EN"
    "http://www.w3.org/TR/xhtml1/DTD/xhtml1-transitional.dtd">
<html xmlns="http://www.w3.org/1999/xhtml" xml:lang="en" lang="en">
 <head>
  <title>
</title>
<meta http-equiv="Content-Type" content="text/html;charset=utf-8" />
  <meta name='ocr-system' content='tesseract 3.04.00' />
  <meta name='ocr-capabilities' content='ocr_page ocr_carea ocr_par ocr_line ocrx_word'/>
</head>
<body>
  <div class='ocr_page' id='page_1' title='image "./dfranciscijunii00junigoog_0124.png"; bbox 0 0 3923 4875; ppageno 0'>
   <div class='ocr_carea' id='block_1_1' title="bbox 1433 415 3378 494">
    <p class='ocr_par' dir='ltr' id='par_1_1' title="bbox 1433 415 3378 494">
     <span class='ocr_line' id='line_1_1' title="bbox 1433 415 3378 494; baseline 0.006 -36"><span class='ocrx_word' id='word_1_1' title='bbox 1433 415 1537 458; x_wconf 72' lang='lat' dir='ltr'>na</span> <span class='ocrx_word' id='word_1_2' title='bbox 1597 417 1825 460; x_wconf 62' lang='lat' dir='ltr'>vena</span> <span class='ocrx_word' id='word_1_3' title='bbox 1886 415 2426 464; x_wconf 67' lang='lat' dir='ltr'>rnnonocu.</span> <span class='ocrx_word' id='word_1_4' title='bbox 3302 432 3378 494; x_wconf 86' lang='lat'>99</span> 
     </span>
    </p>
   </div>
   <div class='ocr_carea' id='block_1_2' title="bbox 416 572 3375 4399">
    <p class='ocr_par' dir='ltr' id='par_1_2' title="bbox 416 572 3375 4399">
     <span class='ocr_line' id='line_1_2' title="bbox 465 572 3375 662; baseline 0.006 -26"><span class='ocrx_word' id='word_1_5' title='bbox 465 576 521 636; x_wconf 75' lang='grc' dir='ltr'>δι</span> <span class='ocrx_word' id='word_1_6' title='bbox 582 576 900 636; x_wconf 90' lang='lat' dir='ltr'>multorum</span> <span class='ocrx_word' id='word_1_7' title='bbox 939 572 1333 653; x_wconf 82' lang='lat' dir='ltr'>imprudentia</span> <span class='ocrx_word' id='word_1_8' title='bbox 1370 574 1571 653; x_wconf 80' lang='lat' dir='ltr'>inique</span> <span class='ocrx_word' id='word_1_9' title='bbox 1608 575 1687 636; x_wconf 92' lang='lat' dir='ltr'>de</span> <span class='ocrx_word' id='word_1_10' title='bbox 1723 576 1842 637; x_wconf 93' lang='lat' dir='ltr'>hoc</span> <span class='ocrx_word' id='word_1_11' title='bbox 1881 595 2098 654; x_wconf 84' lang='lat' dir='ltr'><strong>genere</strong></span> <span class='ocrx_word' id='word_1_12' title='bbox 2138 579 2490 656; x_wconf 87' lang='lat' dir='ltr'>scriptorum</span> <span class='ocrx_word' id='word_1_13' title='bbox 2529 579 3028 662; x_wconf 77' lang='lat' dir='ltr'>consiliorumque</span> <span class='ocrx_word' id='word_1_14' title='bbox 3071 585 3375 654; x_wconf 89' lang='lat' dir='ltr'>iudicaret.</span> 
     </span>
     <span class='ocr_line' id='line_1_3' title="bbox 462 653 3372 738; baseline 0.006 -25"><span class='ocrx_word' id='word_1_15' title='bbox 462 655 647 730; x_wconf 87' lang='lat' dir='ltr'>Nam,</span> <span class='ocrx_word' id='word_1_16' title='bbox 706 655 837 733; x_wconf 91' lang='lat' dir='ltr'>quis</span> <span class='ocrx_word' id='word_1_17' title='bbox 896 673 971 714; x_wconf 84' lang='lat' dir='ltr'>ex</span> <span class='ocrx_word' id='word_1_18' title='bbox 1030 654 1329 716; x_wconf 90' lang='lat' dir='ltr'>Catonum</span> <span class='ocrx_word' id='word_1_19' title='bbox 1387 653 1631 715; x_wconf 90' lang='lat' dir='ltr'>istorum</span> <span class='ocrx_word' id='word_1_20' title='bbox 1675 672 1925 716; x_wconf 91' lang='lat' dir='ltr'>numero</span> <span class='ocrx_word' id='word_1_21' title='bbox 1965 675 2090 718; x_wconf 91' lang='lat' dir='ltr'>non</span> <span class='ocrx_word' id='word_1_22' title='bbox 2131 669 2282 719; x_wconf 87' lang='lat' dir='ltr'>esset</span> <span class='ocrx_word' id='word_1_23' title='bbox 2320 662 2778 738; x_wconf 86' lang='lat' dir='ltr'><strong>reprehensurus</strong></span> <span class='ocrx_word' id='word_1_24' title='bbox 2819 665 3106 726; x_wconf 85' lang='lat' dir='ltr'>humanas</span> <span class='ocrx_word' id='word_1_25' title='bbox 3145 666 3274 729; x_wconf 90' lang='lat' dir='ltr'>illas</span> <span class='ocrx_word' id='word_1_26' title='bbox 3315 673 3372 731; x_wconf 87' lang='lat'>&amp;</span> 
     </span>
     <span class='ocr_line' id='line_1_4' title="bbox 460 733 3371 818; baseline 0.005 -23"><span class='ocrx_word' id='word_1_27' title='bbox 460 733 708 795; x_wconf 87' lang='lat' dir='ltr'>blandas</span> <span class='ocrx_word' id='word_1_28' title='bbox 744 734 1123 796; x_wconf 81' lang='lat' dir='ltr'>salutationes</span> <span class='ocrx_word' id='word_1_29' title='bbox 1138 780 1155 814; x_wconf 89' lang='lat'>,</span> <span class='ocrx_word' id='word_1_30' title='bbox 1194 751 1341 812; x_wconf 89' lang='lat' dir='ltr'>quas</span> <span class='ocrx_word' id='word_1_31' title='bbox 1382 734 1443 794; x_wconf 93' lang='lat' dir='ltr'>in</span> <span class='ocrx_word' id='word_1_32' title='bbox 1479 736 1597 795; x_wconf 89' lang='lat' dir='ltr'>fine</span> <span class='ocrx_word' id='word_1_33' title='bbox 1638 733 2020 813; x_wconf 88' lang='lat' dir='ltr'>epistolarum</span> <span class='ocrx_word' id='word_1_34' title='bbox 2052 738 2442 800; x_wconf 82' lang='lat' dir='ltr'>adtexuerunt</span> <span class='ocrx_word' id='word_1_35' title='bbox 2461 742 2769 818; x_wconf 92' lang='lat' dir='ltr'>Apostoli,</span> <span class='ocrx_word' id='word_1_36' title='bbox 2803 754 2904 804; x_wconf 92' lang='lat' dir='ltr'>aut</span> <span class='ocrx_word' id='word_1_37' title='bbox 2922 743 3083 805; x_wconf 90' lang='lat' dir='ltr'>illam</span> <span class='ocrx_word' id='word_1_38' title='bbox 3103 746 3371 811; x_wconf 89' lang='lat' dir='ltr'>Onesimi</span> 
     </span>
     <span class='ocr_line' id='line_1_5' title="bbox 464 813 3364 904; baseline 0.006 -30"><span class='ocrx_word' id='word_1_39' title='bbox 464 814 543 874; x_wconf 88' lang='lat' dir='ltr'>ad</span> <span class='ocrx_word' id='word_1_40' title='bbox 583 813 991 876; x_wconf 83' lang='lat' dir='ltr'>Philemonem</span> <span class='ocrx_word' id='word_1_41' title='bbox 1030 813 1609 876; x_wconf 86' lang='lat' dir='ltr'>commendationem</span> <span class='ocrx_word' id='word_1_42' title='bbox 1622 859 1642 888; x_wconf 90' lang='lat'>,</span> <span class='ocrx_word' id='word_1_43' title='bbox 1682 813 1794 876; x_wconf 91' lang='lat' dir='ltr'>nisi</span> <span class='ocrx_word' id='word_1_44' title='bbox 1833 817 2184 895; x_wconf 76' lang='lat' dir='ltr'>Apostolos,</span> <span class='ocrx_word' id='word_1_45' title='bbox 2231 820 2286 878; x_wconf 88' lang='lat'>&amp;</span> <span class='ocrx_word' id='word_1_46' title='bbox 2319 819 2669 881; x_wconf 90' lang='lat' dir='ltr'>nominatim</span> <span class='ocrx_word' id='word_1_47' title='bbox 2699 823 2947 884; x_wconf 87' lang='lat' dir='ltr'>Paulum</span> <span class='ocrx_word' id='word_1_48' title='bbox 2968 824 3048 885; x_wconf 90' lang='lat' dir='ltr'>ita</span> <span class='ocrx_word' id='word_1_49' title='bbox 3068 825 3364 904; x_wconf 84' lang='lat' dir='ltr'>scripsisse</span> 
     </span>
     <span class='ocr_line' id='line_1_6' title="bbox 460 893 3363 983; baseline 0.005 -28"><span class='ocrx_word' id='word_1_50' title='bbox 460 893 775 974; x_wconf 80' lang='lat' dir='ltr'>cogitaret,</span> <span class='ocrx_word' id='word_1_51' title='bbox 815 897 1127 974; x_wconf 79' lang='lat' dir='ltr'>Deumque</span> <span class='ocrx_word' id='word_1_52' title='bbox 1162 894 1509 955; x_wconf 89' lang='lat' dir='ltr'>auctoritate</span> <span class='ocrx_word' id='word_1_53' title='bbox 1548 911 1653 955; x_wconf 89' lang='lat' dir='ltr'>sua</span> <span class='ocrx_word' id='word_1_54' title='bbox 1697 894 1757 955; x_wconf 92' lang='lat' dir='ltr'>in</span> <span class='ocrx_word' id='word_1_55' title='bbox 1778 896 2086 957; x_wconf 88' lang='lat' dir='ltr'>Thesauro</span> <span class='ocrx_word' id='word_1_56' title='bbox 2107 897 2408 961; x_wconf 84' lang='lat' dir='ltr'>Ecclesiae</span> <span class='ocrx_word' id='word_1_57' title='bbox 2427 917 2565 960; x_wconf 90' lang='lat' dir='ltr'>suae</span> <span class='ocrx_word' id='word_1_58' title='bbox 2587 901 2831 963; x_wconf 90' lang='lat' dir='ltr'>humilia</span> <span class='ocrx_word' id='word_1_59' title='bbox 2850 904 3000 965; x_wconf 90' lang='lat' dir='ltr'>haec</span> <span class='ocrx_word' id='word_1_60' title='bbox 3020 904 3363 983; x_wconf 87' lang='lat' dir='ltr'>deposuisse</span> 
     </span>
     <span class='ocr_line' id='line_1_7' title="bbox 459 973 3372 1064; baseline 0.005 -30"><span class='ocrx_word' id='word_1_61' title='bbox 459 973 837 1036; x_wconf 89' lang='lat' dir='ltr'>humanitatis</span> <span class='ocrx_word' id='word_1_62' title='bbox 878 973 1259 1055; x_wconf 85' lang='lat' dir='ltr'>argumenta?</span> <span class='ocrx_word' id='word_1_63' title='bbox 1296 978 1368 1035; x_wconf 93' lang='lat' dir='ltr'>In</span> <span class='ocrx_word' id='word_1_64' title='bbox 1408 993 1545 1036; x_wconf 89' lang='lat' dir='ltr'>eum</span> <span class='ocrx_word' id='word_1_65' title='bbox 1584 973 1759 1054; x_wconf 87' lang='lat' dir='ltr'>igitur</span> <span class='ocrx_word' id='word_1_66' title='bbox 1796 976 2075 1056; x_wconf 91' lang='lat' dir='ltr'>modum,</span> <span class='ocrx_word' id='word_1_67' title='bbox 2115 977 2488 1040; x_wconf 88' lang='lat' dir='ltr'>humanitatis</span> <span class='ocrx_word' id='word_1_68' title='bbox 2529 981 2725 1043; x_wconf 92' lang='lat' dir='ltr'>studio</span> <span class='ocrx_word' id='word_1_69' title='bbox 2740 1027 2757 1058; x_wconf 89' lang='lat'>,</span> <span class='ocrx_word' id='word_1_70' title='bbox 2800 984 3177 1046; x_wconf 89' lang='lat' dir='ltr'>reuelationis</span> <span class='ocrx_word' id='word_1_71' title='bbox 3197 988 3372 1064; x_wconf 90' lang='lat' dir='ltr'>parti-</span> 
     </span>
     <span class='ocr_line' id='line_1_8' title="bbox 460 1053 3372 1138; baseline 0.005 -24"><span class='ocrx_word' id='word_1_72' title='bbox 460 1053 672 1116; x_wconf 91' lang='lat' dir='ltr'>cularis</span> <span class='ocrx_word' id='word_1_73' title='bbox 712 1055 1105 1135; x_wconf 90' lang='lat' dir='ltr'>conscientia,</span> <span class='ocrx_word' id='word_1_74' title='bbox 1146 1075 1209 1116; x_wconf 92' lang='lat' dir='ltr'>se</span> <span class='ocrx_word' id='word_1_75' title='bbox 1249 1056 1463 1116; x_wconf 88' lang='lat' dir='ltr'>Paulus</span> <span class='ocrx_word' id='word_1_76' title='bbox 1502 1057 1895 1117; x_wconf 89' lang='lat' dir='ltr'>aduenturum</span> <span class='ocrx_word' id='word_1_77' title='bbox 1935 1058 2227 1118; x_wconf 89' lang='lat' dir='ltr'>Romanis</span> <span class='ocrx_word' id='word_1_78' title='bbox 2241 1103 2258 1138; x_wconf 91' lang='lat'>,</span> <span class='ocrx_word' id='word_1_79' title='bbox 2299 1059 2620 1121; x_wconf 91' lang='lat' dir='ltr'>Corinthiis</span> <span class='ocrx_word' id='word_1_80' title='bbox 2661 1062 2716 1120; x_wconf 88' lang='lat'>&amp;</span> <span class='ocrx_word' id='word_1_81' title='bbox 2745 1063 3372 1130; x_wconf 89' lang='lat' dir='ltr'>Thessalonicensibus</span> 
     </span>
     <span class='ocr_line' id='line_1_9' title="bbox 457 1133 3370 1228; baseline 0.004 -33"><span class='ocrx_word' id='word_1_82' title='bbox 457 1133 838 1215; x_wconf 85' lang='lat' dir='ltr'>promiserat,</span> <span class='ocrx_word' id='word_1_83' title='bbox 899 1145 1059 1198; x_wconf 87' lang='lat' dir='ltr'>certa</span> <span class='ocrx_word' id='word_1_84' title='bbox 1112 1135 1327 1196; x_wconf 88' lang='lat' dir='ltr'>fiducia</span> <span class='ocrx_word' id='word_1_85' title='bbox 1365 1135 1600 1197; x_wconf 91' lang='lat' dir='ltr'>diuinae</span> <span class='ocrx_word' id='word_1_86' title='bbox 1640 1135 1862 1214; x_wconf 84' lang='lat' dir='ltr'>gratiae</span> <span class='ocrx_word' id='word_1_87' title='bbox 1876 1182 1894 1215; x_wconf 87' lang='lat'>,</span> <span class='ocrx_word' id='word_1_88' title='bbox 1931 1154 2086 1214; x_wconf 90' lang='lat' dir='ltr'>quae</span> <span class='ocrx_word' id='word_1_89' title='bbox 2128 1139 2418 1216; x_wconf 89' lang='lat' dir='ltr'>promissa</span> <span class='ocrx_word' id='word_1_90' title='bbox 2454 1142 2605 1201; x_wconf 90' lang='lat' dir='ltr'>haec</span> <span class='ocrx_word' id='word_1_91' title='bbox 2643 1143 2903 1203; x_wconf 88' lang='lat' dir='ltr'>humana</span> <span class='ocrx_word' id='word_1_92' title='bbox 2942 1147 3188 1225; x_wconf 79' lang='lat' dir='ltr'>probat3</span> <span class='ocrx_word' id='word_1_93' title='bbox 3230 1148 3370 1228; x_wconf 91' lang='lat' dir='ltr'>etsi,</span> 
     </span>
     <span class='ocr_line' id='line_1_10' title="bbox 456 1215 3368 1304; baseline 0.005 -30"><span class='ocrx_word' id='word_1_94' title='bbox 456 1225 521 1275; x_wconf 87' lang='lat' dir='ltr'>vt</span> <span class='ocrx_word' id='word_1_95' title='bbox 558 1225 929 1292; x_wconf 85' lang='lat' dir='ltr'>praestentur</span> <span class='ocrx_word' id='word_1_96' title='bbox 966 1215 1209 1278; x_wconf 80' lang='lat' dir='ltr'>minime</span> <span class='ocrx_word' id='word_1_97' title='bbox 1247 1215 1505 1293; x_wconf 86' lang='lat' dir='ltr'>perficit:</span> <span class='ocrx_word' id='word_1_98' title='bbox 1548 1235 1689 1276; x_wconf 88' lang='lat' dir='ltr'>nam</span> <span class='ocrx_word' id='word_1_99' title='bbox 1720 1218 1882 1277; x_wconf 91' lang='lat' dir='ltr'>Deus</span> <span class='ocrx_word' id='word_1_100' title='bbox 1916 1220 2078 1278; x_wconf 90' lang='lat' dir='ltr'>solus</span> <span class='ocrx_word' id='word_1_101' title='bbox 2099 1219 2387 1294; x_wconf 90' lang='lat' dir='ltr'>promittit</span> <span class='ocrx_word' id='word_1_102' title='bbox 2405 1219 2468 1279; x_wconf 96' lang='lat' dir='ltr'>in</span> <span class='ocrx_word' id='word_1_103' title='bbox 2490 1219 2841 1282; x_wconf 86' lang='lat' dir='ltr'>certitudine</span> <span class='ocrx_word' id='word_1_104' title='bbox 2859 1223 3150 1304; x_wconf 82' lang='lat' dir='ltr'>veritatis3</span> <span class='ocrx_word' id='word_1_105' title='bbox 3185 1228 3368 1289; x_wconf 89' lang='lat' dir='ltr'>homo</span> 
     </span>
     <span class='ocr_line' id='line_1_11' title="bbox 454 1295 3369 1380; baseline 0.004 -25"><span class='ocrx_word' id='word_1_106' title='bbox 454 1298 595 1356; x_wconf 77' lang='lat' dir='ltr'>vero</span> <span class='ocrx_word' id='word_1_107' title='bbox 657 1295 945 1374; x_wconf 90' lang='lat' dir='ltr'>promittit</span> <span class='ocrx_word' id='word_1_108' title='bbox 982 1296 1043 1356; x_wconf 91' lang='lat' dir='ltr'>in</span> <span class='ocrx_word' id='word_1_109' title='bbox 1082 1296 1325 1357; x_wconf 86' lang='lat' dir='ltr'>veritate</span> <span class='ocrx_word' id='word_1_110' title='bbox 1370 1295 1580 1357; x_wconf 90' lang='lat' dir='ltr'>mentis</span> <span class='ocrx_word' id='word_1_111' title='bbox 1594 1341 1613 1372; x_wconf 90' lang='lat'>,</span> <span class='ocrx_word' id='word_1_112' title='bbox 1651 1296 1996 1374; x_wconf 89' lang='lat' dir='ltr'>permittens</span> <span class='ocrx_word' id='word_1_113' title='bbox 2037 1300 2173 1358; x_wconf 93' lang='lat' dir='ltr'>Deo</span> <span class='ocrx_word' id='word_1_114' title='bbox 2211 1299 2297 1359; x_wconf 90' lang='lat' dir='ltr'>rei</span> <span class='ocrx_word' id='word_1_115' title='bbox 2337 1299 2518 1361; x_wconf 89' lang='lat' dir='ltr'>totius</span> <span class='ocrx_word' id='word_1_116' title='bbox 2559 1301 2992 1365; x_wconf 89' lang='lat' dir='ltr'>certitudinem.</span> <span class='ocrx_word' id='word_1_117' title='bbox 3054 1306 3369 1380; x_wconf 89' lang='lat' dir='ltr'>Quemad-</span> 
     </span>
     <span class='ocr_line' id='line_1_12' title="bbox 456 1375 3368 1463; baseline 0.004 -28"><span class='ocrx_word' id='word_1_118' title='bbox 456 1376 703 1436; x_wconf 89' lang='lat' dir='ltr'>modum</span> <span class='ocrx_word' id='word_1_119' title='bbox 743 1378 999 1438; x_wconf 87' lang='lat' dir='ltr'>Iacobus</span> <span class='ocrx_word' id='word_1_120' title='bbox 1038 1376 1101 1436; x_wconf 92' lang='lat' dir='ltr'>in</span> <span class='ocrx_word' id='word_1_121' title='bbox 1139 1375 1391 1454; x_wconf 88' lang='lat' dir='ltr'>epistola</span> <span class='ocrx_word' id='word_1_122' title='bbox 1428 1387 1665 1454; x_wconf 89' lang='lat' dir='ltr'>monet,</span> <span class='ocrx_word' id='word_1_123' title='bbox 1708 1397 1839 1455; x_wconf 90' lang='lat' dir='ltr'>cap.</span> <span class='ocrx_word' id='word_1_124' title='bbox 1883 1399 1940 1450; x_wconf 90' lang='lat'>4.</span> <span class='ocrx_word' id='word_1_125' title='bbox 1979 1398 2036 1438; x_wconf 78' lang='lat' dir='ltr'>v.</span> <span class='ocrx_word' id='word_1_126' title='bbox 2085 1393 2174 1455; x_wconf 89' lang='lat'>15.</span> <span class='ocrx_word' id='word_1_127' title='bbox 2236 1381 2292 1438; x_wconf 72' lang='grc' dir='ltr'>δε</span> <span class='ocrx_word' id='word_1_128' title='bbox 2332 1381 2548 1441; x_wconf 88' lang='lat' dir='ltr'>Paulus</span> <span class='ocrx_word' id='word_1_129' title='bbox 2585 1382 2936 1444; x_wconf 89' lang='lat' dir='ltr'>nominatim</span> <span class='ocrx_word' id='word_1_130' title='bbox 2979 1385 3248 1463; x_wconf 81' lang='lat' dir='ltr'>exprimit</span> <span class='ocrx_word' id='word_1_131' title='bbox 3290 1389 3368 1448; x_wconf 88' lang='lat' dir='ltr'>ad</span> 
     </span>
     <span class='ocr_line' id='line_1_13' title="bbox 450 1455 3368 1542; baseline 0.004 -26"><span class='ocrx_word' id='word_1_132' title='bbox 450 1457 760 1518; x_wconf 67' lang='lat' dir='ltr'>Romanos</span> <span class='ocrx_word' id='word_1_133' title='bbox 820 1455 1083 1518; x_wconf 89' lang='lat' dir='ltr'>scribens</span> <span class='ocrx_word' id='word_1_134' title='bbox 1098 1503 1115 1535; x_wconf 94' lang='lat'>,</span> <span class='ocrx_word' id='word_1_135' title='bbox 1169 1476 1300 1534; x_wconf 90' lang='lat' dir='ltr'>cap.</span> <span class='ocrx_word' id='word_1_136' title='bbox 1360 1474 1451 1535; x_wconf 87' lang='lat'>15.</span> <span class='ocrx_word' id='word_1_137' title='bbox 1491 1477 1543 1520; x_wconf 87' lang='lat' dir='ltr'>v.</span> <span class='ocrx_word' id='word_1_138' title='bbox 1588 1477 1685 1533; x_wconf 84' lang='lat'>32.</span> <span class='ocrx_word' id='word_1_139' title='bbox 1744 1459 1944 1534; x_wconf 92' lang='lat' dir='ltr'>Atque</span> <span class='ocrx_word' id='word_1_140' title='bbox 1983 1457 2132 1518; x_wconf 90' lang='lat' dir='ltr'>haec</span> <span class='ocrx_word' id='word_1_141' title='bbox 2171 1477 2350 1520; x_wconf 88' lang='lat' dir='ltr'>causa</span> <span class='ocrx_word' id='word_1_142' title='bbox 2388 1470 2508 1539; x_wconf 88' lang='lat' dir='ltr'>est,</span> <span class='ocrx_word' id='word_1_143' title='bbox 2549 1478 2657 1521; x_wconf 92' lang='lat' dir='ltr'>cur</span> <span class='ocrx_word' id='word_1_144' title='bbox 2696 1464 2908 1524; x_wconf 87' lang='lat' dir='ltr'>Paulus</span> <span class='ocrx_word' id='word_1_145' title='bbox 2948 1464 3368 1542; x_wconf 87' lang='lat' dir='ltr'>promissiones</span> 
     </span>
     <span class='ocr_line' id='line_1_14' title="bbox 449 1535 3365 1621; baseline 0.004 -25"><span class='ocrx_word' id='word_1_146' title='bbox 449 1535 567 1596; x_wconf 89' lang='lat' dir='ltr'>Dei</span> <span class='ocrx_word' id='word_1_147' title='bbox 605 1535 667 1596; x_wconf 91' lang='lat' dir='ltr'>in</span> <span class='ocrx_word' id='word_1_148' title='bbox 708 1536 945 1598; x_wconf 87' lang='lat' dir='ltr'>Christo</span> <span class='ocrx_word' id='word_1_149' title='bbox 988 1538 1066 1597; x_wconf 93' lang='lat' dir='ltr'>ab</span> <span class='ocrx_word' id='word_1_150' title='bbox 1108 1535 1272 1597; x_wconf 91' lang='lat' dir='ltr'>omni</span> <span class='ocrx_word' id='word_1_151' title='bbox 1322 1537 1431 1598; x_wconf 88' lang='lat' dir='ltr'>ista</span> <span class='ocrx_word' id='word_1_152' title='bbox 1469 1535 1885 1598; x_wconf 89' lang='lat' dir='ltr'>incertitudine</span> <span class='ocrx_word' id='word_1_153' title='bbox 1923 1536 2186 1599; x_wconf 87' lang='lat' dir='ltr'>vindicat</span> <span class='ocrx_word' id='word_1_154' title='bbox 2225 1539 2680 1621; x_wconf 81' lang='lat' dir='ltr'>studiosissime3</span> <span class='ocrx_word' id='word_1_155' title='bbox 2727 1563 2782 1604; x_wconf 92' lang='lat'>2.</span> <span class='ocrx_word' id='word_1_156' title='bbox 2827 1545 3046 1606; x_wconf 82' lang='lat' dir='ltr'>Oorint.</span> <span class='ocrx_word' id='word_1_157' title='bbox 3075 1565 3124 1605; x_wconf 89' lang='lat'>1.</span> <span class='ocrx_word' id='word_1_158' title='bbox 3153 1563 3243 1620; x_wconf 87' lang='lat'>¹7·</span> <span class='ocrx_word' id='word_1_159' title='bbox 3272 1550 3365 1608; x_wconf 89' lang='lat'>18.</span> 
     </span>
     <span class='ocr_line' id='line_1_15' title="bbox 416 1616 3368 1700; baseline 0.004 -26"><span class='ocrx_word' id='word_1_160' title='bbox 416 1691 421 1696; x_wconf 21' lang='grc' dir='ltr'>Ι</span> <span class='ocrx_word' id='word_1_161' title='bbox 458 1636 549 1694; x_wconf 88' lang='lat'>19.</span> <span class='ocrx_word' id='word_1_162' title='bbox 594 1636 687 1676; x_wconf 87' lang='lat'>20.</span> <span class='ocrx_word' id='word_1_163' title='bbox 760 1619 837 1676; x_wconf 63' lang='grc' dir='ltr'>ὁ*</span> <span class='ocrx_word' id='word_1_164' title='bbox 878 1638 925 1679; x_wconf 90' lang='lat' dir='ltr'>c.</span> <span class='ocrx_word' id='word_1_165' title='bbox 966 1619 1252 1678; x_wconf 88' lang='lat' dir='ltr'>humanas</span> <span class='ocrx_word' id='word_1_166' title='bbox 1290 1621 1433 1678; x_wconf 80' lang='lat' dir='ltr'>vero</span> <span class='ocrx_word' id='word_1_167' title='bbox 1474 1620 1512 1676; x_wconf 78' lang='lat' dir='ltr'>a</span> <span class='ocrx_word' id='word_1_168' title='bbox 1548 1636 1612 1678; x_wconf 89' lang='lat' dir='ltr'>se</span> <span class='ocrx_word' id='word_1_169' title='bbox 1650 1618 1706 1676; x_wconf 72' lang='grc' dir='ltr'>δι</span> <span class='ocrx_word' id='word_1_170' title='bbox 1744 1616 1871 1678; x_wconf 85' lang='lat' dir='ltr'>aliis</span> <span class='ocrx_word' id='word_1_171' title='bbox 1912 1619 2096 1678; x_wconf 89' lang='lat' dir='ltr'>factas</span> <span class='ocrx_word' id='word_1_172' title='bbox 2137 1617 2501 1681; x_wconf 86' lang='lat' dir='ltr'>demonstrat</span> <span class='ocrx_word' id='word_1_173' title='bbox 2542 1639 2647 1681; x_wconf 86' lang='lat' dir='ltr'>sua</span> <span class='ocrx_word' id='word_1_174' title='bbox 2689 1641 2919 1700; x_wconf 85' lang='lat' dir='ltr'>semper</span> <span class='ocrx_word' id='word_1_175' title='bbox 2956 1623 3368 1688; x_wconf 87' lang='lat' dir='ltr'>incertitudine</span> 
     </span>
     <span class='ocr_line' id='line_1_16' title="bbox 451 1695 3369 1776; baseline 0.004 -21"><span class='ocrx_word' id='word_1_176' title='bbox 451 1695 799 1758; x_wconf 84' lang='lat' dir='ltr'>coniunctas</span> <span class='ocrx_word' id='word_1_177' title='bbox 860 1715 1016 1776; x_wconf 89' lang='lat' dir='ltr'>esse,</span> <span class='ocrx_word' id='word_1_178' title='bbox 1072 1713 1225 1775; x_wconf 89' lang='lat' dir='ltr'>quae</span> <span class='ocrx_word' id='word_1_179' title='bbox 1276 1699 1355 1758; x_wconf 89' lang='lat' dir='ltr'>ad</span> <span class='ocrx_word' id='word_1_180' title='bbox 1393 1696 1813 1776; x_wconf 87' lang='lat' dir='ltr'>promissiones</span> <span class='ocrx_word' id='word_1_181' title='bbox 1850 1697 1968 1758; x_wconf 89' lang='lat' dir='ltr'>Dei</span> <span class='ocrx_word' id='word_1_182' title='bbox 2005 1697 2150 1758; x_wconf 89' lang='lat' dir='ltr'>nihil</span> <span class='ocrx_word' id='word_1_183' title='bbox 2189 1699 2435 1762; x_wconf 89' lang='lat' dir='ltr'>omnino</span> <span class='ocrx_word' id='word_1_184' title='bbox 2477 1701 2739 1762; x_wconf 86' lang='lat' dir='ltr'>attineat.</span> <span class='ocrx_word' id='word_1_185' title='bbox 2799 1701 2896 1763; x_wconf 91' lang='lat' dir='ltr'>Sic</span> <span class='ocrx_word' id='word_1_186' title='bbox 2940 1703 3098 1764; x_wconf 90' lang='lat' dir='ltr'>enim</span> <span class='ocrx_word' id='word_1_187' title='bbox 3139 1703 3369 1768; x_wconf 90' lang='lat' dir='ltr'>disserit</span> 
     </span>
     <span class='ocr_line' id='line_1_17' title="bbox 454 1775 3364 1860; baseline 0.003 -24"><span class='ocrx_word' id='word_1_188' title='bbox 454 1795 527 1836; x_wconf 91' lang='lat' dir='ltr'>eo</span> <span class='ocrx_word' id='word_1_189' title='bbox 560 1775 619 1836; x_wconf 91' lang='lat' dir='ltr'>in</span> <span class='ocrx_word' id='word_1_190' title='bbox 651 1778 789 1838; x_wconf 92' lang='lat' dir='ltr'>loco</span> <span class='ocrx_word' id='word_1_191' title='bbox 804 1821 821 1851; x_wconf 87' lang='lat'>,</span> <span class='ocrx_word' id='word_1_192' title='bbox 862 1788 1241 1839; x_wconf 83' lang='lat' dir='ltr'>excusaturus</span> <span class='ocrx_word' id='word_1_193' title='bbox 1272 1780 1494 1838; x_wconf 88' lang='lat' dir='ltr'>factum</span> <span class='ocrx_word' id='word_1_194' title='bbox 1510 1823 1527 1857; x_wconf 90' lang='lat'>,</span> <span class='ocrx_word' id='word_1_195' title='bbox 1561 1779 1724 1855; x_wconf 81' lang='lat' dir='ltr'>quod</span> <span class='ocrx_word' id='word_1_196' title='bbox 1746 1795 1913 1856; x_wconf 91' lang='lat' dir='ltr'>spem</span> <span class='ocrx_word' id='word_1_197' title='bbox 1931 1778 2166 1840; x_wconf 84' lang='lat' dir='ltr'>fecisset</span> <span class='ocrx_word' id='word_1_198' title='bbox 2184 1781 2474 1841; x_wconf 91' lang='lat' dir='ltr'>aduentus</span> <span class='ocrx_word' id='word_1_199' title='bbox 2493 1779 2583 1842; x_wconf 89' lang='lat' dir='ltr'>sui</span> <span class='ocrx_word' id='word_1_200' title='bbox 2596 1827 2614 1860; x_wconf 90' lang='lat'>,</span> <span class='ocrx_word' id='word_1_201' title='bbox 2645 1800 2758 1843; x_wconf 90' lang='lat' dir='ltr'>nec</span> <span class='ocrx_word' id='word_1_202' title='bbox 2781 1791 2981 1844; x_wconf 87' lang='lat' dir='ltr'>tamen</span> <span class='ocrx_word' id='word_1_203' title='bbox 3001 1783 3364 1847; x_wconf 87' lang='lat' dir='ltr'>aduenisset:</span> 
     </span>
     <span class='ocr_line' id='line_1_18' title="bbox 453 1855 3364 1940; baseline 0.003 -23"><span class='ocrx_word' id='word_1_204' title='bbox 453 1855 747 1917; x_wconf 88' lang='lat' dir='ltr'>Gloriatio</span> <span class='ocrx_word' id='word_1_205' title='bbox 810 1868 1013 1919; x_wconf 88' lang='lat' dir='ltr'>nostra</span> <span class='ocrx_word' id='word_1_206' title='bbox 1065 1859 1213 1919; x_wconf 90' lang='lat' dir='ltr'>haec</span> <span class='ocrx_word' id='word_1_207' title='bbox 1252 1867 1342 1919; x_wconf 90' lang='lat' dir='ltr'>est</span> <span class='ocrx_word' id='word_1_208' title='bbox 1355 1904 1373 1931; x_wconf 88' lang='lat'>,</span> <span class='ocrx_word' id='word_1_209' title='bbox 1412 1856 1633 1938; x_wconf 90' lang='lat' dir='ltr'>inquit,</span> <span class='ocrx_word' id='word_1_210' title='bbox 1673 1856 2076 1918; x_wconf 89' lang='lat' dir='ltr'>testimonium</span> <span class='ocrx_word' id='word_1_211' title='bbox 2115 1859 2509 1922; x_wconf 88' lang='lat' dir='ltr'>conscientiae</span> <span class='ocrx_word' id='word_1_212' title='bbox 2547 1872 2812 1938; x_wconf 88' lang='lat' dir='ltr'>nostrae,</span> <span class='ocrx_word' id='word_1_213' title='bbox 2852 1863 3015 1940; x_wconf 82' lang='lat' dir='ltr'>quod</span> <span class='ocrx_word' id='word_1_214' title='bbox 3055 1882 3193 1924; x_wconf 90' lang='lat' dir='ltr'>cum</span> <span class='ocrx_word' id='word_1_215' title='bbox 3232 1865 3364 1926; x_wconf 91' lang='lat' dir='ltr'>sim-</span> 
     </span>
     <span class='ocr_line' id='line_1_19' title="bbox 450 1934 3368 2021; baseline 0.003 -25"><span class='ocrx_word' id='word_1_216' title='bbox 450 1934 713 2015; x_wconf 87' lang='lat' dir='ltr'>plicitate</span> <span class='ocrx_word' id='word_1_217' title='bbox 773 1939 829 1997; x_wconf 84' lang='lat'>&amp;</span> <span class='ocrx_word' id='word_1_218' title='bbox 890 1938 1222 1998; x_wconf 88' lang='lat' dir='ltr'>sinceritate</span> <span class='ocrx_word' id='word_1_219' title='bbox 1282 1937 1429 2017; x_wconf 88' lang='lat' dir='ltr'>Dei,</span> <span class='ocrx_word' id='word_1_220' title='bbox 1488 1956 1614 1998; x_wconf 90' lang='lat' dir='ltr'>non</span> <span class='ocrx_word' id='word_1_221' title='bbox 1659 1955 1797 1998; x_wconf 90' lang='lat' dir='ltr'>cum</span> <span class='ocrx_word' id='word_1_222' title='bbox 1836 1937 2122 2016; x_wconf 89' lang='lat' dir='ltr'>sapientia</span> <span class='ocrx_word' id='word_1_223' title='bbox 2159 1940 2406 2018; x_wconf 89' lang='lat' dir='ltr'>carnali,</span> <span class='ocrx_word' id='word_1_224' title='bbox 2449 1942 2554 2002; x_wconf 92' lang='lat' dir='ltr'>sed</span> <span class='ocrx_word' id='word_1_225' title='bbox 2596 1959 2734 2002; x_wconf 90' lang='lat' dir='ltr'>cum</span> <span class='ocrx_word' id='word_1_226' title='bbox 2777 1942 2962 2021; x_wconf 83' lang='lat' dir='ltr'>gratia</span> <span class='ocrx_word' id='word_1_227' title='bbox 2999 1943 3116 2004; x_wconf 92' lang='lat' dir='ltr'>Dei</span> <span class='ocrx_word' id='word_1_228' title='bbox 3151 1945 3368 2006; x_wconf 87' lang='lat' dir='ltr'>versati</span> 
     </span>
     <span class='ocr_line' id='line_1_20' title="bbox 448 2016 3363 2100; baseline 0.003 -24"><span class='ocrx_word' id='word_1_229' title='bbox 448 2033 651 2077; x_wconf 91' lang='lat' dir='ltr'>sumus</span> <span class='ocrx_word' id='word_1_230' title='bbox 692 2016 751 2076; x_wconf 93' lang='lat' dir='ltr'>in</span> <span class='ocrx_word' id='word_1_231' title='bbox 794 2019 1053 2096; x_wconf 87' lang='lat' dir='ltr'>mund0,</span> <span class='ocrx_word' id='word_1_232' title='bbox 1092 2017 1463 2096; x_wconf 77' lang='lat' dir='ltr'>potissimum</span> <span class='ocrx_word' id='word_1_233' title='bbox 1501 2027 1701 2078; x_wconf 90' lang='lat' dir='ltr'>autem</span> <span class='ocrx_word' id='word_1_234' title='bbox 1738 2018 1897 2097; x_wconf 88' lang='lat' dir='ltr'>apud</span> <span class='ocrx_word' id='word_1_235' title='bbox 1934 2037 2062 2079; x_wconf 85' lang='lat' dir='ltr'>vos.</span> <span class='ocrx_word' id='word_1_236' title='bbox 2103 2019 2370 2096; x_wconf 79' lang='lat' dir='ltr'>Deinde,</span> <span class='ocrx_word' id='word_1_237' title='bbox 2411 2020 2611 2098; x_wconf 89' lang='lat' dir='ltr'>itaque</span> <span class='ocrx_word' id='word_1_238' title='bbox 2649 2023 2762 2082; x_wconf 85' lang='lat' dir='ltr'>hac</span> <span class='ocrx_word' id='word_1_239' title='bbox 2783 2021 3000 2084; x_wconf 89' lang='lat' dir='ltr'>fiducia</span> <span class='ocrx_word' id='word_1_240' title='bbox 3021 2023 3181 2100; x_wconf 78' lang='lat' dir='ltr'>prius</span> <span class='ocrx_word' id='word_1_241' title='bbox 3199 2024 3363 2086; x_wconf 86' lang='lat' dir='ltr'>volui</span> 
     </span>
     <span class='ocr_line' id='line_1_21' title="bbox 449 2097 3364 2182; baseline 0.002 -25"><span class='ocrx_word' id='word_1_242' title='bbox 449 2099 650 2157; x_wconf 87' lang='lat' dir='ltr'>venire</span> <span class='ocrx_word' id='word_1_243' title='bbox 688 2097 767 2158; x_wconf 90' lang='lat' dir='ltr'>ad</span> <span class='ocrx_word' id='word_1_244' title='bbox 807 2117 917 2159; x_wconf 86' lang='lat' dir='ltr'>vos</span> <span class='ocrx_word' id='word_1_245' title='bbox 958 2101 1121 2175; x_wconf 90' lang='lat' dir='ltr'>(nam</span> <span class='ocrx_word' id='word_1_246' title='bbox 1160 2100 1313 2160; x_wconf 89' lang='lat' dir='ltr'>velle</span> <span class='ocrx_word' id='word_1_247' title='bbox 1352 2117 1415 2159; x_wconf 90' lang='lat' dir='ltr'>se</span> <span class='ocrx_word' id='word_1_248' title='bbox 1453 2097 1657 2158; x_wconf 87' lang='lat' dir='ltr'>litteris</span> <span class='ocrx_word' id='word_1_249' title='bbox 1698 2097 2008 2174; x_wconf 89' lang='lat' dir='ltr'>docuerat)</span> <span class='ocrx_word' id='word_1_250' title='bbox 2046 2108 2110 2157; x_wconf 83' lang='lat' dir='ltr'>vt</span> <span class='ocrx_word' id='word_1_251' title='bbox 2147 2100 2470 2160; x_wconf 88' lang='lat' dir='ltr'>secundam</span> <span class='ocrx_word' id='word_1_252' title='bbox 2511 2102 2759 2180; x_wconf 87' lang='lat' dir='ltr'>gratiam</span> <span class='ocrx_word' id='word_1_253' title='bbox 2799 2103 3120 2164; x_wconf 83' lang='lat' dir='ltr'>haberetis:</span> <span class='ocrx_word' id='word_1_254' title='bbox 3161 2106 3216 2163; x_wconf 70' lang='lat'>81</span> <span class='ocrx_word' id='word_1_255' title='bbox 3257 2124 3364 2182; x_wconf 92' lang='lat' dir='ltr'>per</span> 
     </span>
     <span class='ocr_line' id='line_1_22' title="bbox 446 2177 3360 2261; baseline 0.003 -24"><span class='ocrx_word' id='word_1_256' title='bbox 446 2196 557 2238; x_wconf 86' lang='lat' dir='ltr'>vos</span> <span class='ocrx_word' id='word_1_257' title='bbox 612 2177 858 2239; x_wconf 89' lang='lat' dir='ltr'>transire</span> <span class='ocrx_word' id='word_1_258' title='bbox 914 2177 977 2238; x_wconf 93' lang='lat' dir='ltr'>in</span> <span class='ocrx_word' id='word_1_259' title='bbox 1034 2177 1481 2256; x_wconf 86' lang='lat' dir='ltr'>Macedoniam,</span> <span class='ocrx_word' id='word_1_260' title='bbox 1546 2179 1601 2236; x_wconf 87' lang='lat'>&amp;</span> <span class='ocrx_word' id='word_1_261' title='bbox 1662 2194 1893 2239; x_wconf 89' lang='lat' dir='ltr'>rursum</span> <span class='ocrx_word' id='word_1_262' title='bbox 1950 2181 1988 2237; x_wconf 79' lang='lat' dir='ltr'>a</span> <span class='ocrx_word' id='word_1_263' title='bbox 2047 2179 2404 2240; x_wconf 87' lang='lat' dir='ltr'>Macedonia</span> <span class='ocrx_word' id='word_1_264' title='bbox 2457 2181 2658 2241; x_wconf 85' lang='lat' dir='ltr'>venire</span> <span class='ocrx_word' id='word_1_265' title='bbox 2713 2181 2790 2242; x_wconf 91' lang='lat' dir='ltr'>ad</span> <span class='ocrx_word' id='word_1_266' title='bbox 2827 2201 2938 2243; x_wconf 88' lang='lat' dir='ltr'>vos</span> <span class='ocrx_word' id='word_1_267' title='bbox 2952 2226 2971 2261; x_wconf 93' lang='lat'>,</span> <span class='ocrx_word' id='word_1_268' title='bbox 3015 2185 3069 2240; x_wconf 87' lang='lat'>&amp;</span> <span class='ocrx_word' id='word_1_269' title='bbox 3109 2186 3148 2242; x_wconf 81' lang='lat' dir='ltr'>a</span> <span class='ocrx_word' id='word_1_270' title='bbox 3185 2183 3360 2245; x_wconf 86' lang='lat' dir='ltr'>vobis</span> 
     </span>
     <span class='ocr_line' id='line_1_23' title="bbox 449 2256 3362 2342; baseline 0.003 -25"><span class='ocrx_word' id='word_1_271' title='bbox 449 2256 666 2317; x_wconf 89' lang='lat' dir='ltr'>deduci</span> <span class='ocrx_word' id='word_1_272' title='bbox 704 2257 767 2318; x_wconf 91' lang='lat' dir='ltr'>in</span> <span class='ocrx_word' id='word_1_273' title='bbox 807 2257 1104 2319; x_wconf 83' lang='lat' dir='ltr'>Iudaeam.</span> <span class='ocrx_word' id='word_1_274' title='bbox 1146 2261 1290 2320; x_wconf 92' lang='lat' dir='ltr'>Hoc</span> <span class='ocrx_word' id='word_1_275' title='bbox 1327 2257 1501 2337; x_wconf 88' lang='lat' dir='ltr'>igitur</span> <span class='ocrx_word' id='word_1_276' title='bbox 1530 2273 1713 2334; x_wconf 90' lang='lat' dir='ltr'>quum</span> <span class='ocrx_word' id='word_1_277' title='bbox 1734 2257 2154 2334; x_wconf 88' lang='lat' dir='ltr'>deliberarem,</span> <span class='ocrx_word' id='word_1_278' title='bbox 2190 2259 2477 2337; x_wconf 88' lang='lat' dir='ltr'>numquid</span> <span class='ocrx_word' id='word_1_279' title='bbox 2499 2259 2738 2321; x_wconf 86' lang='lat' dir='ltr'>leuitate</span> <span class='ocrx_word' id='word_1_280' title='bbox 2757 2277 2890 2322; x_wconf 88' lang='lat' dir='ltr'>sum</span> <span class='ocrx_word' id='word_1_281' title='bbox 2911 2257 3088 2324; x_wconf 84' lang='lat' dir='ltr'>vsus?</span> <span class='ocrx_word' id='word_1_282' title='bbox 3124 2266 3362 2342; x_wconf 90' lang='lat' dir='ltr'>(nempe</span> 
     </span>
     <span class='ocr_line' id='line_1_24' title="bbox 444 2336 3362 2419; baseline 0.002 -21"><span class='ocrx_word' id='word_1_283' title='bbox 444 2347 570 2398; x_wconf 90' lang='lat' dir='ltr'>tum</span> <span class='ocrx_word' id='word_1_284' title='bbox 607 2354 793 2415; x_wconf 89' lang='lat' dir='ltr'>quum</span> <span class='ocrx_word' id='word_1_285' title='bbox 833 2338 1241 2416; x_wconf 90' lang='lat' dir='ltr'>promitterem</span> <span class='ocrx_word' id='word_1_286' title='bbox 1256 2385 1273 2419; x_wconf 90' lang='lat'>,</span> <span class='ocrx_word' id='word_1_287' title='bbox 1324 2336 1756 2398; x_wconf 74' lang='lat' dir='ltr'>inconsiderate</span> <span class='ocrx_word' id='word_1_288' title='bbox 1795 2337 2164 2416; x_wconf 89' lang='lat' dir='ltr'>promittens)</span> <span class='ocrx_word' id='word_1_289' title='bbox 2207 2350 2309 2400; x_wconf 91' lang='lat' dir='ltr'>aut</span> <span class='ocrx_word' id='word_1_290' title='bbox 2350 2357 2492 2400; x_wconf 89' lang='lat' dir='ltr'>num</span> <span class='ocrx_word' id='word_1_291' title='bbox 2506 2385 2524 2419; x_wconf 92' lang='lat'>,</span> <span class='ocrx_word' id='word_1_292' title='bbox 2563 2359 2718 2417; x_wconf 89' lang='lat' dir='ltr'>quae</span> <span class='ocrx_word' id='word_1_293' title='bbox 2755 2339 3021 2402; x_wconf 90' lang='lat' dir='ltr'>delibero</span> <span class='ocrx_word' id='word_1_294' title='bbox 3063 2341 3362 2417; x_wconf 88' lang='lat' dir='ltr'>(nimirum</span> 
     </span>
     <span class='ocr_line' id='line_1_25' title="bbox 443 2416 3363 2501; baseline 0.003 -24"><span class='ocrx_word' id='word_1_295' title='bbox 443 2417 562 2478; x_wconf 92' lang='lat' dir='ltr'>hoc</span> <span class='ocrx_word' id='word_1_296' title='bbox 602 2416 733 2497; x_wconf 89' lang='lat' dir='ltr'>ipso</span> <span class='ocrx_word' id='word_1_297' title='bbox 771 2427 1044 2497; x_wconf 90' lang='lat' dir='ltr'>tempore</span> <span class='ocrx_word' id='word_1_298' title='bbox 1058 2466 1075 2493; x_wconf 84' lang='lat'>,</span> <span class='ocrx_word' id='word_1_299' title='bbox 1114 2437 1236 2497; x_wconf 91' lang='lat' dir='ltr'>quo</span> <span class='ocrx_word' id='word_1_300' title='bbox 1281 2416 1591 2480; x_wconf 87' lang='lat' dir='ltr'>consilium</span> <span class='ocrx_word' id='word_1_301' title='bbox 1632 2417 1792 2479; x_wconf 90' lang='lat' dir='ltr'>aliud</span> <span class='ocrx_word' id='word_1_302' title='bbox 1832 2417 1993 2496; x_wconf 87' lang='lat' dir='ltr'>ineo)</span> <span class='ocrx_word' id='word_1_303' title='bbox 2031 2418 2356 2481; x_wconf 71' lang='lat' dir='ltr'>secundum</span> <span class='ocrx_word' id='word_1_304' title='bbox 2397 2440 2637 2481; x_wconf 89' lang='lat' dir='ltr'>carnem</span> <span class='ocrx_word' id='word_1_305' title='bbox 2674 2421 2965 2494; x_wconf 71' lang='lat' dir='ltr'>dehbero,</span> <span class='ocrx_word' id='word_1_306' title='bbox 3001 2431 3064 2482; x_wconf 87' lang='lat' dir='ltr'>vt</span> <span class='ocrx_word' id='word_1_307' title='bbox 3094 2421 3168 2483; x_wconf 90' lang='lat' dir='ltr'>sit</span> <span class='ocrx_word' id='word_1_308' title='bbox 3202 2423 3363 2501; x_wconf 88' lang='lat' dir='ltr'>apud</span> 
     </span>
     <span class='ocr_line' id='line_1_26' title="bbox 445 2497 3361 2577; baseline 0.002 -20"><span class='ocrx_word' id='word_1_309' title='bbox 445 2517 541 2557; x_wconf 89' lang='lat' dir='ltr'>me</span> <span class='ocrx_word' id='word_1_310' title='bbox 595 2498 773 2560; x_wconf 86' lang='lat' dir='ltr'>etiam</span> <span class='ocrx_word' id='word_1_311' title='bbox 828 2501 885 2558; x_wconf 73' lang='grc' dir='ltr'>δε</span> <span class='ocrx_word' id='word_1_312' title='bbox 921 2497 1080 2560; x_wconf 86' lang='lat' dir='ltr'>non?</span> <span class='ocrx_word' id='word_1_313' title='bbox 1118 2499 1181 2560; x_wconf 92' lang='lat' dir='ltr'>id</span> <span class='ocrx_word' id='word_1_314' title='bbox 1221 2509 1310 2560; x_wconf 90' lang='lat' dir='ltr'>est</span> <span class='ocrx_word' id='word_1_315' title='bbox 1349 2497 1684 2559; x_wconf 88' lang='lat' dir='ltr'>summatim</span> <span class='ocrx_word' id='word_1_316' title='bbox 1702 2543 1719 2577; x_wconf 92' lang='lat'>,</span> <span class='ocrx_word' id='word_1_317' title='bbox 1764 2518 1837 2559; x_wconf 90' lang='lat' dir='ltr'>an</span> <span class='ocrx_word' id='word_1_318' title='bbox 1880 2509 2008 2559; x_wconf 89' lang='lat' dir='ltr'>tum</span> <span class='ocrx_word' id='word_1_319' title='bbox 2050 2500 2134 2559; x_wconf 84' lang='lat' dir='ltr'>fui</span> <span class='ocrx_word' id='word_1_320' title='bbox 2171 2500 2350 2575; x_wconf 89' lang='lat' dir='ltr'>leuis,</span> <span class='ocrx_word' id='word_1_321' title='bbox 2391 2509 2492 2561; x_wconf 90' lang='lat' dir='ltr'>aut</span> <span class='ocrx_word' id='word_1_322' title='bbox 2532 2500 2706 2561; x_wconf 91' lang='lat' dir='ltr'>etiam</span> <span class='ocrx_word' id='word_1_323' title='bbox 2745 2519 2905 2562; x_wconf 90' lang='lat' dir='ltr'>nunc</span> <span class='ocrx_word' id='word_1_324' title='bbox 2942 2501 3088 2562; x_wconf 89' lang='lat' dir='ltr'>leuis</span> <span class='ocrx_word' id='word_1_325' title='bbox 3127 2520 3260 2562; x_wconf 90' lang='lat' dir='ltr'>sum</span> <span class='ocrx_word' id='word_1_326' title='bbox 3299 2503 3361 2563; x_wconf 91' lang='lat' dir='ltr'>in</span> 
     </span>
     <span class='ocr_line' id='line_1_27' title="bbox 443 2577 3362 2659; baseline 0.001 -21"><span class='ocrx_word' id='word_1_327' title='bbox 443 2579 563 2638; x_wconf 90' lang='lat' dir='ltr'>hoc</span> <span class='ocrx_word' id='word_1_328' title='bbox 603 2577 908 2657; x_wconf 87' lang='lat' dir='ltr'>tempore?</span> <span class='ocrx_word' id='word_1_329' title='bbox 948 2580 1299 2657; x_wconf 79' lang='lat' dir='ltr'>respondet:</span> <span class='ocrx_word' id='word_1_330' title='bbox 1340 2578 1463 2640; x_wconf 79' lang='lat' dir='ltr'>imo</span> <span class='ocrx_word' id='word_1_331' title='bbox 1502 2577 1691 2639; x_wconf 87' lang='lat' dir='ltr'>fidelis</span> <span class='ocrx_word' id='word_1_332' title='bbox 1731 2582 1893 2639; x_wconf 88' lang='lat' dir='ltr'>Deus</span> <span class='ocrx_word' id='word_1_333' title='bbox 1934 2579 2080 2639; x_wconf 90' lang='lat' dir='ltr'>mihi</span> <span class='ocrx_word' id='word_1_334' title='bbox 2118 2581 2301 2641; x_wconf 89' lang='lat' dir='ltr'>fidem</span> <span class='ocrx_word' id='word_1_335' title='bbox 2341 2579 2483 2641; x_wconf 86' lang='lat' dir='ltr'>facit</span> <span class='ocrx_word' id='word_1_336' title='bbox 2521 2598 2856 2642; x_wconf 90' lang='lat' dir='ltr'>sermonem</span> <span class='ocrx_word' id='word_1_337' title='bbox 2893 2592 3164 2641; x_wconf 89' lang='lat' dir='ltr'>nostrum</span> <span class='ocrx_word' id='word_1_338' title='bbox 3201 2582 3362 2659; x_wconf 88' lang='lat' dir='ltr'>apud</span> 
     </span>
     <span class='ocr_line' id='line_1_28' title="bbox 443 2656 3363 2738; baseline 0.001 -20"><span class='ocrx_word' id='word_1_339' title='bbox 443 2677 552 2719; x_wconf 86' lang='lat' dir='ltr'>vos</span> <span class='ocrx_word' id='word_1_340' title='bbox 590 2677 714 2719; x_wconf 90' lang='lat' dir='ltr'>non</span> <span class='ocrx_word' id='word_1_341' title='bbox 754 2660 931 2721; x_wconf 87' lang='lat' dir='ltr'>fuisse</span> <span class='ocrx_word' id='word_1_342' title='bbox 970 2660 1148 2721; x_wconf 90' lang='lat' dir='ltr'>etiam</span> <span class='ocrx_word' id='word_1_343' title='bbox 1188 2662 1243 2721; x_wconf 85' lang='lat'>&amp;</span> <span class='ocrx_word' id='word_1_344' title='bbox 1282 2678 1437 2738; x_wconf 90' lang='lat' dir='ltr'>non,</span> <span class='ocrx_word' id='word_1_345' title='bbox 1476 2656 1540 2719; x_wconf 94' lang='lat' dir='ltr'>id</span> <span class='ocrx_word' id='word_1_346' title='bbox 1580 2669 1703 2738; x_wconf 88' lang='lat' dir='ltr'>est,</span> <span class='ocrx_word' id='word_1_347' title='bbox 1742 2680 1839 2721; x_wconf 90' lang='lat' dir='ltr'>me</span> <span class='ocrx_word' id='word_1_348' title='bbox 1878 2678 2114 2737; x_wconf 90' lang='lat' dir='ltr'>semper</span> <span class='ocrx_word' id='word_1_349' title='bbox 2153 2659 2214 2719; x_wconf 91' lang='lat' dir='ltr'>in</span> <span class='ocrx_word' id='word_1_350' title='bbox 2253 2659 2626 2721; x_wconf 87' lang='lat' dir='ltr'>sermonibus</span> <span class='ocrx_word' id='word_1_351' title='bbox 2649 2660 2793 2721; x_wconf 89' lang='lat' dir='ltr'>mihi</span> <span class='ocrx_word' id='word_1_352' title='bbox 2813 2660 3161 2723; x_wconf 88' lang='lat' dir='ltr'>constitisse.</span> <span class='ocrx_word' id='word_1_353' title='bbox 3203 2660 3363 2737; x_wconf 84' lang='lat' dir='ltr'>Quia</span> 
     </span>
     <span class='ocr_line' id='line_1_29' title="bbox 440 2740 3360 2819; baseline 0.002 -22"><span class='ocrx_word' id='word_1_354' title='bbox 440 2741 585 2798; x_wconf 78' lang='lat' dir='ltr'>vero</span> <span class='ocrx_word' id='word_1_355' title='bbox 647 2740 769 2800; x_wconf 91' lang='lat' dir='ltr'>duo</span> <span class='ocrx_word' id='word_1_356' title='bbox 819 2750 957 2801; x_wconf 90' lang='lat' dir='ltr'>sunt</span> <span class='ocrx_word' id='word_1_357' title='bbox 1003 2740 1081 2800; x_wconf 92' lang='lat' dir='ltr'>ab</span> <span class='ocrx_word' id='word_1_358' title='bbox 1134 2741 1434 2818; x_wconf 92' lang='lat' dir='ltr'>Apostolo</span> <span class='ocrx_word' id='word_1_359' title='bbox 1474 2755 1817 2800; x_wconf 88' lang='lat' dir='ltr'>sermonum</span> <span class='ocrx_word' id='word_1_360' title='bbox 1856 2758 2106 2818; x_wconf 88' lang='lat' dir='ltr'>genera,</span> <span class='ocrx_word' id='word_1_361' title='bbox 2147 2744 2266 2817; x_wconf 76' lang='lat' dir='ltr'>qua</span> <span class='ocrx_word' id='word_1_362' title='bbox 2306 2743 2532 2819; x_wconf 86' lang='lat' dir='ltr'>legatus</span> <span class='ocrx_word' id='word_1_363' title='bbox 2573 2740 2714 2815; x_wconf 86' lang='lat' dir='ltr'>Dei,</span> <span class='ocrx_word' id='word_1_364' title='bbox 2757 2744 2812 2801; x_wconf 86' lang='lat'>&amp;</span> <span class='ocrx_word' id='word_1_365' title='bbox 2853 2744 2972 2819; x_wconf 76' lang='lat' dir='ltr'>qua</span> <span class='ocrx_word' id='word_1_366' title='bbox 3009 2741 3193 2800; x_wconf 90' lang='lat' dir='ltr'>homo</span> <span class='ocrx_word' id='word_1_367' title='bbox 3235 2740 3360 2802; x_wconf 90' lang='lat' dir='ltr'>sine</span> 
     </span>
     <span class='ocr_line' id='line_1_30' title="bbox 445 2818 3358 2899; baseline 0.001 -21"><span class='ocrx_word' id='word_1_368' title='bbox 445 2828 611 2879; x_wconf 83' lang='lat' dir='ltr'>certo</span> <span class='ocrx_word' id='word_1_369' title='bbox 670 2829 1069 2897; x_wconf 82' lang='lat' dir='ltr'>expressoque</span> <span class='ocrx_word' id='word_1_370' title='bbox 1129 2820 1246 2881; x_wconf 91' lang='lat' dir='ltr'>Dei</span> <span class='ocrx_word' id='word_1_371' title='bbox 1304 2819 1584 2880; x_wconf 87' lang='lat' dir='ltr'>mandato</span> <span class='ocrx_word' id='word_1_372' title='bbox 1623 2820 1877 2897; x_wconf 90' lang='lat' dir='ltr'>loquens</span> <span class='ocrx_word' id='word_1_373' title='bbox 1916 2818 2283 2899; x_wconf 87' lang='lat' dir='ltr'>humanitus;</span> <span class='ocrx_word' id='word_1_374' title='bbox 2322 2823 2638 2899; x_wconf 78' lang='lat' dir='ltr'>propterea</span> <span class='ocrx_word' id='word_1_375' title='bbox 2677 2820 2753 2881; x_wconf 92' lang='lat' dir='ltr'>de</span> <span class='ocrx_word' id='word_1_376' title='bbox 2791 2830 3043 2898; x_wconf 85' lang='lat' dir='ltr'>vtroque</span> <span class='ocrx_word' id='word_1_377' title='bbox 3085 2818 3358 2881; x_wconf 79' lang='lat' dir='ltr'>distincte</span> 
     </span>
     <span class='ocr_line' id='line_1_31' title="bbox 442 2896 3360 2979; baseline 0.001 -22"><span class='ocrx_word' id='word_1_378' title='bbox 442 2896 699 2960; x_wconf 88' lang='lat' dir='ltr'>subiicit.</span> <span class='ocrx_word' id='word_1_379' title='bbox 736 2899 997 2961; x_wconf 79' lang='lat' dir='ltr'>Primum</span> <span class='ocrx_word' id='word_1_380' title='bbox 1039 2898 1197 2960; x_wconf 89' lang='lat' dir='ltr'>enim</span> <span class='ocrx_word' id='word_1_381' title='bbox 1237 2900 1313 2960; x_wconf 90' lang='lat' dir='ltr'>de</span> <span class='ocrx_word' id='word_1_382' title='bbox 1352 2917 1627 2960; x_wconf 89' lang='lat' dir='ltr'>sermone</span> <span class='ocrx_word' id='word_1_383' title='bbox 1662 2897 2037 2967; x_wconf 71' lang='lat' dir='ltr'>ministeriali</span> <span class='ocrx_word' id='word_1_384' title='bbox 2065 2901 2448 2977; x_wconf 90' lang='lat' dir='ltr'>Apostolatus</span> <span class='ocrx_word' id='word_1_385' title='bbox 2487 2900 2576 2961; x_wconf 91' lang='lat' dir='ltr'>sui</span> <span class='ocrx_word' id='word_1_386' title='bbox 2595 2898 2906 2979; x_wconf 80' lang='lat' dir='ltr'>magnifice</span> <span class='ocrx_word' id='word_1_387' title='bbox 2926 2898 3203 2960; x_wconf 90' lang='lat' dir='ltr'>enunciat</span> <span class='ocrx_word' id='word_1_388' title='bbox 3220 2898 3360 2959; x_wconf 89' lang='lat' dir='ltr'>ista:</span> 
     </span>
     <span class='ocr_line' id='line_1_32' title="bbox 442 2976 3360 3071; baseline 0.001 -34"><span class='ocrx_word' id='word_1_389' title='bbox 442 2997 584 3037; x_wconf 90' lang='lat' dir='ltr'>nam</span> <span class='ocrx_word' id='word_1_390' title='bbox 623 2977 737 3039; x_wconf 91' lang='lat' dir='ltr'>Dei</span> <span class='ocrx_word' id='word_1_391' title='bbox 777 2980 929 3041; x_wconf 90' lang='lat' dir='ltr'>filius</span> <span class='ocrx_word' id='word_1_392' title='bbox 971 2983 1135 3040; x_wconf 88' lang='lat' dir='ltr'>Iesus</span> <span class='ocrx_word' id='word_1_393' title='bbox 1175 2978 1472 3059; x_wconf 69' lang='lat' dir='ltr'>Christus»,</span> <span class='ocrx_word' id='word_1_394' title='bbox 1513 2976 1614 3057; x_wconf 90' lang='lat' dir='ltr'>qui</span> <span class='ocrx_word' id='word_1_395' title='bbox 1652 2976 1805 3040; x_wconf 88' lang='lat' dir='ltr'>inter</span> <span class='ocrx_word' id='word_1_396' title='bbox 1842 2998 1953 3039; x_wconf 89' lang='lat' dir='ltr'>vos</span> <span class='ocrx_word' id='word_1_397' title='bbox 1993 2997 2100 3057; x_wconf 90' lang='lat' dir='ltr'>per</span> <span class='ocrx_word' id='word_1_398' title='bbox 2139 2998 2251 3041; x_wconf 84' lang='lat' dir='ltr'>nos</span> <span class='ocrx_word' id='word_1_399' title='bbox 2287 2979 2659 3071; x_wconf 85' lang='lat' dir='ltr'>praedicatus</span> <span class='ocrx_word' id='word_1_400' title='bbox 2701 2990 2789 3041; x_wconf 89' lang='lat' dir='ltr'>est</span> <span class='ocrx_word' id='word_1_401' title='bbox 2819 2999 2926 3058; x_wconf 90' lang='lat' dir='ltr'>per</span> <span class='ocrx_word' id='word_1_402' title='bbox 2965 2998 3089 3055; x_wconf 91' lang='lat' dir='ltr'>me,</span> <span class='ocrx_word' id='word_1_403' title='bbox 3127 2981 3182 3039; x_wconf 88' lang='lat'>&amp;</span> <span class='ocrx_word' id='word_1_404' title='bbox 3216 2979 3360 3039; x_wconf 91' lang='lat' dir='ltr'>Silu-</span> 
     </span>
     <span class='ocr_line' id='line_1_33' title="bbox 442 3057 3360 3138; baseline 0.001 -21"><span class='ocrx_word' id='word_1_405' title='bbox 442 3074 657 3137; x_wconf 88' lang='lat' dir='ltr'>anum,</span> <span class='ocrx_word' id='word_1_406' title='bbox 698 3062 754 3119; x_wconf 87' lang='lat'>&amp;</span> <span class='ocrx_word' id='word_1_407' title='bbox 794 3059 1209 3138; x_wconf 90' lang='lat' dir='ltr'>Timotheum,</span> <span class='ocrx_word' id='word_1_408' title='bbox 1247 3079 1369 3121; x_wconf 92' lang='lat' dir='ltr'>non</span> <span class='ocrx_word' id='word_1_409' title='bbox 1410 3058 1523 3119; x_wconf 89' lang='lat' dir='ltr'>fuit</span> <span class='ocrx_word' id='word_1_410' title='bbox 1561 3057 1738 3119; x_wconf 87' lang='lat' dir='ltr'>etiam</span> <span class='ocrx_word' id='word_1_411' title='bbox 1779 3060 1835 3118; x_wconf 72' lang='grc' dir='ltr'>δι</span> <span class='ocrx_word' id='word_1_412' title='bbox 1874 3076 1998 3119; x_wconf 93' lang='lat' dir='ltr'>non</span> <span class='ocrx_word' id='word_1_413' title='bbox 2015 3104 2033 3138; x_wconf 91' lang='lat'>,</span> <span class='ocrx_word' id='word_1_414' title='bbox 2073 3060 2181 3120; x_wconf 90' lang='lat' dir='ltr'>sed</span> <span class='ocrx_word' id='word_1_415' title='bbox 2221 3061 2329 3120; x_wconf 72' lang='lat' dir='ltr'>fult</span> <span class='ocrx_word' id='word_1_416' title='bbox 2370 3058 2546 3120; x_wconf 90' lang='lat' dir='ltr'>etiam</span> <span class='ocrx_word' id='word_1_417' title='bbox 2585 3059 2646 3119; x_wconf 93' lang='lat' dir='ltr'>in</span> <span class='ocrx_word' id='word_1_418' title='bbox 2685 3059 2836 3138; x_wconf 86' lang='lat' dir='ltr'>ipsc.</span> <span class='ocrx_word' id='word_1_419' title='bbox 2889 3062 3068 3119; x_wconf 87' lang='lat' dir='ltr'>Hanc</span> <span class='ocrx_word' id='word_1_420' title='bbox 3107 3060 3360 3119; x_wconf 86' lang='lat' dir='ltr'>affirma·</span> 
     </span>
     <span class='ocr_line' id='line_1_34' title="bbox 444 3137 3359 3218; baseline 0.001 -21"><span class='ocrx_word' id='word_1_421' title='bbox 444 3137 672 3198; x_wconf 87' lang='lat' dir='ltr'>tionem</span> <span class='ocrx_word' id='word_1_422' title='bbox 730 3142 947 3217; x_wconf 86' lang='lat' dir='ltr'>probat</span> <span class='ocrx_word' id='word_1_423' title='bbox 1003 3140 1316 3201; x_wconf 89' lang='lat' dir='ltr'>vniuersali</span> <span class='ocrx_word' id='word_1_424' title='bbox 1368 3137 1683 3201; x_wconf 89' lang='lat' dir='ltr'>enunciato</span> <span class='ocrx_word' id='word_1_425' title='bbox 1698 3184 1715 3217; x_wconf 88' lang='lat'>,</span> <span class='ocrx_word' id='word_1_426' title='bbox 1765 3137 1970 3199; x_wconf 90' lang='lat' dir='ltr'>dicens</span> <span class='ocrx_word' id='word_1_427' title='bbox 1985 3184 2002 3213; x_wconf 93' lang='lat'>,</span> <span class='ocrx_word' id='word_1_428' title='bbox 2046 3148 2340 3216; x_wconf 86' lang='lat' dir='ltr'>quotquot</span> <span class='ocrx_word' id='word_1_429' title='bbox 2378 3138 2536 3200; x_wconf 90' lang='lat' dir='ltr'>enim</span> <span class='ocrx_word' id='word_1_430' title='bbox 2579 3149 2716 3199; x_wconf 88' lang='lat' dir='ltr'>sunt</span> <span class='ocrx_word' id='word_1_431' title='bbox 2753 3138 3176 3218; x_wconf 88' lang='lat' dir='ltr'>promissiones</span> <span class='ocrx_word' id='word_1_432' title='bbox 3214 3138 3359 3218; x_wconf 84' lang='lat' dir='ltr'>Dei,</span> 
     </span>
     <span class='ocr_line' id='line_1_35' title="bbox 445 3216 3358 3298; baseline 0.001 -21"><span class='ocrx_word' id='word_1_433' title='bbox 445 3216 507 3277; x_wconf 91' lang='lat' dir='ltr'>in</span> <span class='ocrx_word' id='word_1_434' title='bbox 548 3217 679 3296; x_wconf 89' lang='lat' dir='ltr'>ipso</span> <span class='ocrx_word' id='word_1_435' title='bbox 718 3231 855 3281; x_wconf 90' lang='lat' dir='ltr'>sunt</span> <span class='ocrx_word' id='word_1_436' title='bbox 893 3219 1069 3281; x_wconf 89' lang='lat' dir='ltr'>etiam</span> <span class='ocrx_word' id='word_1_437' title='bbox 1111 3223 1167 3281; x_wconf 72' lang='grc' dir='ltr'>δι</span> <span class='ocrx_word' id='word_1_438' title='bbox 1208 3219 1271 3279; x_wconf 93' lang='lat' dir='ltr'>in</span> <span class='ocrx_word' id='word_1_439' title='bbox 1308 3219 1439 3298; x_wconf 92' lang='lat' dir='ltr'>ipso</span> <span class='ocrx_word' id='word_1_440' title='bbox 1480 3222 1675 3280; x_wconf 84' lang='lat' dir='ltr'>Amen</span> <span class='ocrx_word' id='word_1_441' title='bbox 1692 3264 1709 3297; x_wconf 90' lang='lat'>,</span> <span class='ocrx_word' id='word_1_442' title='bbox 1748 3219 1826 3278; x_wconf 88' lang='lat' dir='ltr'>ad</span> <span class='ocrx_word' id='word_1_443' title='bbox 1865 3218 2118 3297; x_wconf 89' lang='lat' dir='ltr'>gloriam</span> <span class='ocrx_word' id='word_1_444' title='bbox 2155 3220 2290 3279; x_wconf 91' lang='lat' dir='ltr'>Deo</span> <span class='ocrx_word' id='word_1_445' title='bbox 2331 3238 2438 3296; x_wconf 92' lang='lat' dir='ltr'>per</span> <span class='ocrx_word' id='word_1_446' title='bbox 2468 3237 2581 3280; x_wconf 90' lang='lat' dir='ltr'>nos</span> <span class='ocrx_word' id='word_1_447' title='bbox 2609 3218 3002 3279; x_wconf 87' lang='lat' dir='ltr'>tribuendam.</span> <span class='ocrx_word' id='word_1_448' title='bbox 3043 3218 3358 3281; x_wconf 90' lang='lat' dir='ltr'>Subiicitur</span> 
     </span>
     <span class='ocr_line' id='line_1_36' title="bbox 446 3297 3360 3379; baseline 0 -21"><span class='ocrx_word' id='word_1_449' title='bbox 446 3299 817 3361; x_wconf 89' lang='lat' dir='ltr'>confirmatio</span> <span class='ocrx_word' id='word_1_450' title='bbox 860 3300 1109 3379; x_wconf 85' lang='lat' dir='ltr'>duplex:</span> <span class='ocrx_word' id='word_1_451' title='bbox 1152 3319 1297 3375; x_wconf 87' lang='lat' dir='ltr'>vna,</span> <span class='ocrx_word' id='word_1_452' title='bbox 1339 3299 1440 3378; x_wconf 92' lang='lat' dir='ltr'>qui</span> <span class='ocrx_word' id='word_1_453' title='bbox 1478 3308 1675 3361; x_wconf 89' lang='lat' dir='ltr'>autem</span> <span class='ocrx_word' id='word_1_454' title='bbox 1716 3318 1829 3360; x_wconf 84' lang='lat' dir='ltr'>nos</span> <span class='ocrx_word' id='word_1_455' title='bbox 1867 3300 2182 3359; x_wconf 89' lang='lat' dir='ltr'>confirmat</span> <span class='ocrx_word' id='word_1_456' title='bbox 2219 3298 2532 3359; x_wconf 88' lang='lat' dir='ltr'>vobiscum</span> <span class='ocrx_word' id='word_1_457' title='bbox 2572 3298 2634 3358; x_wconf 91' lang='lat' dir='ltr'>in</span> <span class='ocrx_word' id='word_1_458' title='bbox 2674 3298 2976 3361; x_wconf 87' lang='lat' dir='ltr'>Christum</span> <span class='ocrx_word' id='word_1_459' title='bbox 2990 3344 3008 3373; x_wconf 94' lang='lat'>,</span> <span class='ocrx_word' id='word_1_460' title='bbox 3047 3300 3102 3359; x_wconf 87' lang='lat'>&amp;</span> <span class='ocrx_word' id='word_1_461' title='bbox 3142 3297 3245 3375; x_wconf 89' lang='lat' dir='ltr'>qui</span> <span class='ocrx_word' id='word_1_462' title='bbox 3264 3320 3360 3360; x_wconf 82' lang='lat' dir='ltr'>ve-</span> 
     </span>
     <span class='ocr_line' id='line_1_37' title="bbox 442 3376 3362 3458; baseline 0.001 -21"><span class='ocrx_word' id='word_1_463' title='bbox 442 3376 529 3437; x_wconf 82' lang='lat' dir='ltr'>xit</span> <span class='ocrx_word' id='word_1_464' title='bbox 585 3397 729 3458; x_wconf 78' lang='lat' dir='ltr'>nOS,</span> <span class='ocrx_word' id='word_1_465' title='bbox 789 3381 953 3441; x_wconf 91' lang='lat' dir='ltr'>Deus</span> <span class='ocrx_word' id='word_1_466' title='bbox 1014 3390 1131 3441; x_wconf 88' lang='lat' dir='ltr'>est:</span> <span class='ocrx_word' id='word_1_467' title='bbox 1193 3382 1427 3458; x_wconf 89' lang='lat' dir='ltr'>Altera,</span> <span class='ocrx_word' id='word_1_468' title='bbox 1489 3378 1589 3458; x_wconf 91' lang='lat' dir='ltr'>qui</span> <span class='ocrx_word' id='word_1_469' title='bbox 1642 3378 1819 3440; x_wconf 89' lang='lat' dir='ltr'>etiam</span> <span class='ocrx_word' id='word_1_470' title='bbox 1870 3377 2209 3458; x_wconf 85' lang='lat' dir='ltr'>obsignauit</span> <span class='ocrx_word' id='word_1_471' title='bbox 2261 3398 2372 3439; x_wconf 91' lang='lat' dir='ltr'>nos</span> <span class='ocrx_word' id='word_1_472' title='bbox 2388 3424 2407 3458; x_wconf 94' lang='lat'>,</span> <span class='ocrx_word' id='word_1_473' title='bbox 2456 3378 2784 3456; x_wconf 76' lang='lat' dir='ltr'>indidstque</span> <span class='ocrx_word' id='word_1_474' title='bbox 2823 3378 3108 3440; x_wconf 89' lang='lat' dir='ltr'>cordibus</span> <span class='ocrx_word' id='word_1_475' title='bbox 3145 3378 3362 3440; x_wconf 88' lang='lat' dir='ltr'>nostris</span> 
     </span>
     <span class='ocr_line' id='line_1_38' title="bbox 440 3458 3360 3539; baseline 0 -22"><span class='ocrx_word' id='word_1_476' title='bbox 440 3458 836 3521; x_wconf 88' lang='lat' dir='ltr'>arrhabonem</span> <span class='ocrx_word' id='word_1_477' title='bbox 876 3459 1129 3539; x_wconf 89' lang='lat' dir='ltr'>spiritus.</span> <span class='ocrx_word' id='word_1_478' title='bbox 1170 3462 1379 3521; x_wconf 76' lang='lat' dir='ltr'>Postea</span> <span class='ocrx_word' id='word_1_479' title='bbox 1416 3460 1495 3520; x_wconf 88' lang='lat' dir='ltr'>ad</span> <span class='ocrx_word' id='word_1_480' title='bbox 1534 3462 1785 3520; x_wconf 88' lang='lat' dir='ltr'>alterum</span> <span class='ocrx_word' id='word_1_481' title='bbox 1818 3476 2004 3538; x_wconf 89' lang='lat' dir='ltr'>genus</span> <span class='ocrx_word' id='word_1_482' title='bbox 2036 3476 2378 3520; x_wconf 89' lang='lat' dir='ltr'>sermonum</span> <span class='ocrx_word' id='word_1_483' title='bbox 2399 3458 2686 3521; x_wconf 87' lang='lat' dir='ltr'>transiens</span> <span class='ocrx_word' id='word_1_484' title='bbox 2699 3504 2718 3539; x_wconf 92' lang='lat'>,</span> <span class='ocrx_word' id='word_1_485' title='bbox 2737 3458 3010 3537; x_wconf 87' lang='lat' dir='ltr'>religiosa</span> <span class='ocrx_word' id='word_1_486' title='bbox 3029 3458 3143 3520; x_wconf 93' lang='lat' dir='ltr'>Dei</span> <span class='ocrx_word' id='word_1_487' title='bbox 3163 3461 3360 3536; x_wconf 87' lang='lat' dir='ltr'>appel-</span> 
     </span>
     <span class='ocr_line' id='line_1_39' title="bbox 442 3536 3360 3619; baseline 0.001 -22"><span class='ocrx_word' id='word_1_488' title='bbox 442 3536 661 3599; x_wconf 90' lang='lat' dir='ltr'>latione</span> <span class='ocrx_word' id='word_1_489' title='bbox 720 3558 783 3600; x_wconf 91' lang='lat' dir='ltr'>se</span> <span class='ocrx_word' id='word_1_490' title='bbox 844 3550 1055 3619; x_wconf 86' lang='lat' dir='ltr'>purgat</span> <span class='ocrx_word' id='word_1_491' title='bbox 1069 3584 1086 3615; x_wconf 88' lang='lat'>,</span> <span class='ocrx_word' id='word_1_492' title='bbox 1146 3539 1377 3601; x_wconf 90' lang='lat' dir='ltr'>dicens:</span> <span class='ocrx_word' id='word_1_493' title='bbox 1437 3542 1570 3618; x_wconf 91' lang='lat' dir='ltr'>Ego</span> <span class='ocrx_word' id='word_1_494' title='bbox 1632 3544 1774 3602; x_wconf 77' lang='lat' dir='ltr'>vero</span> <span class='ocrx_word' id='word_1_495' title='bbox 1822 3550 2032 3600; x_wconf 85' lang='lat' dir='ltr'>testem</span> <span class='ocrx_word' id='word_1_496' title='bbox 2089 3541 2284 3600; x_wconf 89' lang='lat' dir='ltr'>Deum</span> <span class='ocrx_word' id='word_1_497' title='bbox 2333 3538 2554 3600; x_wconf 91' lang='lat' dir='ltr'>inuoco</span> <span class='ocrx_word' id='word_1_498' title='bbox 2593 3538 2656 3599; x_wconf 93' lang='lat' dir='ltr'>in</span> <span class='ocrx_word' id='word_1_499' title='bbox 2693 3538 2954 3599; x_wconf 90' lang='lat' dir='ltr'>animam</span> <span class='ocrx_word' id='word_1_500' title='bbox 2995 3558 3188 3599; x_wconf 66' lang='lat' dir='ltr'>meam</span> <span class='ocrx_word' id='word_1_501' title='bbox 3204 3584 3221 3613; x_wconf 93' lang='lat'>,</span> <span class='ocrx_word' id='word_1_502' title='bbox 3263 3558 3360 3599; x_wconf 88' lang='lat' dir='ltr'>me</span> 
     </span>
     <span class='ocr_line' id='line_1_40' title="bbox 444 3616 3359 3699; baseline 0.001 -22"><span class='ocrx_word' id='word_1_503' title='bbox 444 3618 715 3678; x_wconf 90' lang='lat' dir='ltr'>nondum</span> <span class='ocrx_word' id='word_1_504' title='bbox 774 3619 1005 3681; x_wconf 90' lang='lat' dir='ltr'>venisse</span> <span class='ocrx_word' id='word_1_505' title='bbox 1066 3619 1451 3699; x_wconf 91' lang='lat' dir='ltr'>Corinthum,</span> <span class='ocrx_word' id='word_1_506' title='bbox 1512 3628 1577 3679; x_wconf 85' lang='lat' dir='ltr'>vt</span> <span class='ocrx_word' id='word_1_507' title='bbox 1624 3618 1799 3680; x_wconf 82' lang='lat' dir='ltr'>vobis</span> <span class='ocrx_word' id='word_1_508' title='bbox 1848 3638 2122 3697; x_wconf 84' lang='lat' dir='ltr'>parcam:</span> <span class='ocrx_word' id='word_1_509' title='bbox 2165 3621 2220 3680; x_wconf 87' lang='lat'>&amp;</span> <span class='ocrx_word' id='word_1_510' title='bbox 2261 3636 2413 3697; x_wconf 89' lang='lat' dir='ltr'>quae</span> <span class='ocrx_word' id='word_1_511' title='bbox 2452 3628 2776 3697; x_wconf 90' lang='lat' dir='ltr'>sequuntur</span> <span class='ocrx_word' id='word_1_512' title='bbox 2814 3618 3030 3680; x_wconf 93' lang='lat' dir='ltr'>eodem</span> <span class='ocrx_word' id='word_1_513' title='bbox 3069 3616 3262 3696; x_wconf 90' lang='lat' dir='ltr'>capite</span> <span class='ocrx_word' id='word_1_514' title='bbox 3304 3621 3359 3679; x_wconf 72' lang='grc' dir='ltr'>δι</span> 
     </span>
     <span class='ocr_line' id='line_1_41' title="bbox 444 3696 3361 3778; baseline 0.001 -21"><span class='ocrx_word' id='word_1_515' title='bbox 444 3698 692 3758; x_wconf 89' lang='lat' dir='ltr'>secundi</span> <span class='ocrx_word' id='word_1_516' title='bbox 734 3710 918 3778; x_wconf 88' lang='lat' dir='ltr'>parte.</span> <span class='ocrx_word' id='word_1_517' title='bbox 982 3701 1153 3775; x_wconf 89' lang='lat' dir='ltr'>Quae</span> <span class='ocrx_word' id='word_1_518' title='bbox 1193 3701 1330 3760; x_wconf 73' lang='lat' dir='ltr'>cum</span> <span class='ocrx_word' id='word_1_519' title='bbox 1370 3698 1452 3760; x_wconf 82' lang='lat' dir='ltr'>ita</span> <span class='ocrx_word' id='word_1_520' title='bbox 1490 3698 1637 3769; x_wconf 77' lang='lat' dir='ltr'>sint,</span> <span class='ocrx_word' id='word_1_521' title='bbox 1678 3699 1925 3760; x_wconf 90' lang='lat' dir='ltr'>omnino</span> <span class='ocrx_word' id='word_1_522' title='bbox 1965 3698 2247 3759; x_wconf 88' lang='lat' dir='ltr'>stauimus</span> <span class='ocrx_word' id='word_1_523' title='bbox 2285 3700 2614 3777; x_wconf 75' lang='lat' dir='ltr'>Apostolos</span> <span class='ocrx_word' id='word_1_524' title='bbox 2651 3698 2733 3758; x_wconf 89' lang='lat' dir='ltr'>ita</span> <span class='ocrx_word' id='word_1_525' title='bbox 2771 3698 2946 3759; x_wconf 88' lang='lat' dir='ltr'>fuisse</span> <span class='ocrx_word' id='word_1_526' title='bbox 2985 3696 3361 3759; x_wconf 82' lang='lat' dir='ltr'>administros</span> 
     </span>
     <span class='ocr_line' id='line_1_42' title="bbox 445 3775 3364 3869; baseline 0 -32"><span class='ocrx_word' id='word_1_527' title='bbox 445 3775 712 3839; x_wconf 86' lang='lat' dir='ltr'>caelestis</span> <span class='ocrx_word' id='word_1_528' title='bbox 771 3777 936 3841; x_wconf 89' lang='lat' dir='ltr'>istius</span> <span class='ocrx_word' id='word_1_529' title='bbox 996 3779 1343 3858; x_wconf 86' lang='lat' dir='ltr'>sapientiae,</span> <span class='ocrx_word' id='word_1_530' title='bbox 1398 3789 1463 3840; x_wconf 83' lang='lat' dir='ltr'>vt</span> <span class='ocrx_word' id='word_1_531' title='bbox 1513 3797 1646 3840; x_wconf 80' lang='lat' dir='ltr'>eam</span> <span class='ocrx_word' id='word_1_532' title='bbox 1687 3781 1945 3857; x_wconf 80' lang='lat' dir='ltr'>perfecte</span> <span class='ocrx_word' id='word_1_533' title='bbox 1983 3776 2286 3841; x_wconf 85' lang='lat' dir='ltr'>Ecclesiae</span> <span class='ocrx_word' id='word_1_534' title='bbox 2323 3779 2441 3839; x_wconf 94' lang='lat' dir='ltr'>Dei</span> <span class='ocrx_word' id='word_1_535' title='bbox 2481 3777 2857 3858; x_wconf 86' lang='lat' dir='ltr'>tradiderint3</span> <span class='ocrx_word' id='word_1_536' title='bbox 2895 3795 3010 3838; x_wconf 91' lang='lat' dir='ltr'>nec</span> <span class='ocrx_word' id='word_1_537' title='bbox 3049 3782 3364 3869; x_wconf 73' lang='lat' dir='ltr'>propterea</span> 
     </span>
     <span class='ocr_line' id='line_1_43' title="bbox 444 3855 3360 3937; baseline 0.001 -21"><span class='ocrx_word' id='word_1_538' title='bbox 444 3855 761 3935; x_wconf 91' lang='lat' dir='ltr'>impeditos</span> <span class='ocrx_word' id='word_1_539' title='bbox 822 3858 1027 3935; x_wconf 88' lang='lat' dir='ltr'>fuisse,</span> <span class='ocrx_word' id='word_1_540' title='bbox 1086 3859 1230 3937; x_wconf 93' lang='lat' dir='ltr'>quin</span> <span class='ocrx_word' id='word_1_541' title='bbox 1289 3858 1626 3921; x_wconf 86' lang='lat' dir='ltr'>humanitus</span> <span class='ocrx_word' id='word_1_542' title='bbox 1678 3858 1925 3920; x_wconf 86' lang='lat' dir='ltr'>consilia</span> <span class='ocrx_word' id='word_1_543' title='bbox 1976 3864 2051 3921; x_wconf 80' lang='lat' dir='ltr'>eo</span> <span class='ocrx_word' id='word_1_544' title='bbox 2094 3861 2162 3937; x_wconf 89' lang='lat' dir='ltr'>(f.</span> <span class='ocrx_word' id='word_1_545' title='bbox 2209 3862 2404 3937; x_wconf 84' lang='lat'>1422.)</span> <span class='ocrx_word' id='word_1_546' title='bbox 2444 3858 2794 3937; x_wconf 85' lang='lat' dir='ltr'>spectantia,</span> <span class='ocrx_word' id='word_1_547' title='bbox 2834 3874 3101 3935; x_wconf 74' lang='lat' dir='ltr'>quamuis</span> <span class='ocrx_word' id='word_1_548' title='bbox 3143 3867 3360 3918; x_wconf 88' lang='lat' dir='ltr'>euentu</span> 
     </span>
     <span class='ocr_line' id='line_1_44' title="bbox 444 3935 3359 4017; baseline 0.001 -20"><span class='ocrx_word' id='word_1_549' title='bbox 444 3936 562 3997; x_wconf 87' lang='lat' dir='ltr'>alio</span> <span class='ocrx_word' id='word_1_550' title='bbox 579 3983 596 4016; x_wconf 91' lang='lat'>,</span> <span class='ocrx_word' id='word_1_551' title='bbox 638 3958 713 3998; x_wconf 81' lang='lat' dir='ltr'>ex</span> <span class='ocrx_word' id='word_1_552' title='bbox 751 3938 1045 4001; x_wconf 89' lang='lat' dir='ltr'>charitatis</span> <span class='ocrx_word' id='word_1_553' title='bbox 1086 3937 1287 4000; x_wconf 87' lang='lat' dir='ltr'>officio</span> <span class='ocrx_word' id='word_1_554' title='bbox 1329 3937 1713 4000; x_wconf 90' lang='lat' dir='ltr'>enunciarent</span> <span class='ocrx_word' id='word_1_555' title='bbox 1752 3939 2222 4017; x_wconf 87' lang='lat' dir='ltr'>scriberentque:</span> <span class='ocrx_word' id='word_1_556' title='bbox 2263 3958 2375 4001; x_wconf 91' lang='lat' dir='ltr'>nec</span> <span class='ocrx_word' id='word_1_557' title='bbox 2413 3948 2610 3999; x_wconf 88' lang='lat' dir='ltr'>tamen</span> <span class='ocrx_word' id='word_1_558' title='bbox 2649 3937 2792 3998; x_wconf 88' lang='lat' dir='ltr'>vitio</span> <span class='ocrx_word' id='word_1_559' title='bbox 2833 3936 2946 3999; x_wconf 90' lang='lat' dir='ltr'>illis</span> <span class='ocrx_word' id='word_1_560' title='bbox 2979 3935 3129 3998; x_wconf 87' lang='lat' dir='ltr'>verti</span> <span class='ocrx_word' id='word_1_561' title='bbox 3151 3956 3326 4015; x_wconf 90' lang='lat' dir='ltr'>posse</span> <span class='ocrx_word' id='word_1_562' title='bbox 3341 3983 3359 4017; x_wconf 91' lang='lat'>,</span> 
     </span>
     <span class='ocr_line' id='line_1_45' title="bbox 446 4015 3362 4111; baseline -0 -34"><span class='ocrx_word' id='word_1_563' title='bbox 446 4015 495 4077; x_wconf 92' lang='lat' dir='ltr'>si</span> <span class='ocrx_word' id='word_1_564' title='bbox 532 4036 653 4079; x_wconf 90' lang='lat' dir='ltr'>non</span> <span class='ocrx_word' id='word_1_565' title='bbox 699 4018 901 4081; x_wconf 90' lang='lat' dir='ltr'>omnia</span> <span class='ocrx_word' id='word_1_566' title='bbox 939 4017 1219 4081; x_wconf 88' lang='lat' dir='ltr'>sciuerint</span> <span class='ocrx_word' id='word_1_567' title='bbox 1260 4036 1415 4097; x_wconf 88' lang='lat' dir='ltr'>quae</span> <span class='ocrx_word' id='word_1_568' title='bbox 1454 4018 1565 4081; x_wconf 88' lang='lat' dir='ltr'>scit</span> <span class='ocrx_word' id='word_1_569' title='bbox 1604 4022 1798 4099; x_wconf 86' lang='lat' dir='ltr'>Deus,</span> <span class='ocrx_word' id='word_1_570' title='bbox 1841 4030 1941 4080; x_wconf 91' lang='lat' dir='ltr'>aut</span> <span class='ocrx_word' id='word_1_571' title='bbox 1979 4018 2322 4111; x_wconf 87' lang='lat' dir='ltr'>simpliciter</span> <span class='ocrx_word' id='word_1_572' title='bbox 2359 4018 2652 4079; x_wconf 88' lang='lat' dir='ltr'>voluerint</span> <span class='ocrx_word' id='word_1_573' title='bbox 2694 4034 2849 4095; x_wconf 89' lang='lat' dir='ltr'>quae</span> <span class='ocrx_word' id='word_1_574' title='bbox 2867 4035 2993 4078; x_wconf 91' lang='lat' dir='ltr'>non</span> <span class='ocrx_word' id='word_1_575' title='bbox 3011 4019 3138 4079; x_wconf 87' lang='lat' dir='ltr'>vult</span> <span class='ocrx_word' id='word_1_576' title='bbox 3159 4018 3362 4077; x_wconf 88' lang='lat' dir='ltr'>volun-</span> 
     </span>
     <span class='ocr_line' id='line_1_46' title="bbox 443 4096 3362 4177; baseline 0.001 -20"><span class='ocrx_word' id='word_1_577' title='bbox 443 4106 562 4157; x_wconf 88' lang='lat' dir='ltr'>tate</span> <span class='ocrx_word' id='word_1_578' title='bbox 610 4098 881 4161; x_wconf 88' lang='lat' dir='ltr'>absoluta</span> <span class='ocrx_word' id='word_1_579' title='bbox 932 4102 1120 4161; x_wconf 89' lang='lat' dir='ltr'>Deus:</span> <span class='ocrx_word' id='word_1_580' title='bbox 1163 4098 1303 4177; x_wconf 88' lang='lat' dir='ltr'>quia</span> <span class='ocrx_word' id='word_1_581' title='bbox 1341 4098 1405 4159; x_wconf 93' lang='lat' dir='ltr'>id</span> <span class='ocrx_word' id='word_1_582' title='bbox 1440 4097 1591 4161; x_wconf 87' lang='lat' dir='ltr'>scire</span> <span class='ocrx_word' id='word_1_583' title='bbox 1632 4101 1687 4159; x_wconf 88' lang='lat'>&amp;</span> <span class='ocrx_word' id='word_1_584' title='bbox 1728 4100 1879 4161; x_wconf 87' lang='lat' dir='ltr'>velle</span> <span class='ocrx_word' id='word_1_585' title='bbox 1920 4096 2240 4162; x_wconf 82' lang='lat' dir='ltr'>diuimtatis</span> <span class='ocrx_word' id='word_1_586' title='bbox 2279 4109 2397 4159; x_wconf 83' lang='lat' dir='ltr'>est:</span> <span class='ocrx_word' id='word_1_587' title='bbox 2457 4096 2835 4159; x_wconf 87' lang='lat' dir='ltr'>humanitatis</span> <span class='ocrx_word' id='word_1_588' title='bbox 2848 4142 2866 4176; x_wconf 96' lang='lat'>,</span> <span class='ocrx_word' id='word_1_589' title='bbox 2927 4116 3052 4158; x_wconf 91' lang='lat' dir='ltr'>non</span> <span class='ocrx_word' id='word_1_590' title='bbox 3109 4097 3362 4175; x_wconf 73' lang='lat' dir='ltr'>amplius</span> 
     </span>
     <span class='ocr_line' id='line_1_47' title="bbox 444 4175 3361 4259; baseline 0.001 -23"><span class='ocrx_word' id='word_1_591' title='bbox 444 4176 520 4237; x_wconf 91' lang='lat' dir='ltr'>de</span> <span class='ocrx_word' id='word_1_592' title='bbox 561 4175 647 4238; x_wconf 89' lang='lat' dir='ltr'>eis</span> <span class='ocrx_word' id='word_1_593' title='bbox 687 4178 837 4243; x_wconf 86' lang='lat' dir='ltr'>scire</span> <span class='ocrx_word' id='word_1_594' title='bbox 879 4188 983 4241; x_wconf 87' lang='lat' dir='ltr'>aut</span> <span class='ocrx_word' id='word_1_595' title='bbox 1018 4182 1325 4241; x_wconf 89' lang='lat' dir='ltr'>voluntate</span> <span class='ocrx_word' id='word_1_596' title='bbox 1364 4178 1607 4241; x_wconf 86' lang='lat' dir='ltr'>definita</span> <span class='ocrx_word' id='word_1_597' title='bbox 1645 4180 1797 4241; x_wconf 80' lang='lat' dir='ltr'>velle</span> <span class='ocrx_word' id='word_1_598' title='bbox 1811 4224 1831 4259; x_wconf 89' lang='lat'>,</span> <span class='ocrx_word' id='word_1_599' title='bbox 1879 4182 2058 4257; x_wconf 72' lang='lat' dir='ltr'>quam</span> <span class='ocrx_word' id='word_1_600' title='bbox 2098 4186 2276 4258; x_wconf 90' lang='lat' dir='ltr'>prout</span> <span class='ocrx_word' id='word_1_601' title='bbox 2313 4176 2454 4256; x_wconf 84' lang='lat' dir='ltr'>ipsis</span> <span class='ocrx_word' id='word_1_602' title='bbox 2496 4182 2534 4238; x_wconf 79' lang='lat' dir='ltr'>a</span> <span class='ocrx_word' id='word_1_603' title='bbox 2571 4180 2707 4239; x_wconf 88' lang='lat' dir='ltr'>Deo</span> <span class='ocrx_word' id='word_1_604' title='bbox 2747 4196 2855 4257; x_wconf 91' lang='lat' dir='ltr'>per</span> <span class='ocrx_word' id='word_1_605' title='bbox 2893 4175 3197 4257; x_wconf 42' lang='lat' dir='ltr'>,Spiritum</span> <span class='ocrx_word' id='word_1_606' title='bbox 3235 4178 3361 4239; x_wconf 90' lang='lat' dir='ltr'>eius</span> 
     </span>
     <span class='ocr_line' id='line_1_48' title="bbox 443 4255 3359 4399; baseline 0.002 -83"><span class='ocrx_word' id='word_1_607' title='bbox 443 4255 620 4317; x_wconf 88' lang='lat' dir='ltr'>fuerit</span> <span class='ocrx_word' id='word_1_608' title='bbox 660 4260 985 4321; x_wconf 86' lang='lat' dir='ltr'>reuelatum</span> <span class='ocrx_word' id='word_1_609' title='bbox 1025 4261 1102 4322; x_wconf 91' lang='lat' dir='ltr'>ad</span> <span class='ocrx_word' id='word_1_610' title='bbox 1142 4258 1394 4339; x_wconf 89' lang='lat' dir='ltr'>gloriam</span> <span class='ocrx_word' id='word_1_611' title='bbox 1444 4276 1631 4321; x_wconf 87' lang='lat' dir='ltr'>suam.</span> <span class='ocrx_word' id='word_1_612' title='bbox 3003 4338 3056 4399; x_wconf 78' lang='lat' dir='ltr'>C</span> <span class='ocrx_word' id='word_1_613' title='bbox 3078 4340 3134 4399; x_wconf 76' lang='lat' dir='ltr'>A</span> <span class='ocrx_word' id='word_1_614' title='bbox 3155 4337 3204 4397; x_wconf 70' lang='lat' dir='ltr'>P</span> <span class='ocrx_word' id='word_1_615' title='bbox 3223 4297 3281 4399; x_wconf 40' lang='grc' dir='ltr'>ζα</span> <span class='ocrx_word' id='word_1_616' title='bbox 3302 4340 3359 4397; x_wconf 61' lang='grc' dir='ltr'>Τ</span> 
     </span>
    </p>
   </div>
  </div>
 </body>
</html>
