3923 4875
628 333 739 410 138
1556 351 1885 396 ‘russas
1946 349 2595 398 ratonooicar..

618 507 893 570 homines
956 510 1333 588 reprobaret:
1374 509 1557 572 iustus
1598 511 1757 573 enim
1802 521 1892 572 est
1928 513 2093 572 Deus
2109 557 2127 590 ,
2167 513 2223 572 δι
2263 531 2386 572 non
2425 531 2630 572 amans
2671 509 3056 589 iniquitatem.
3115 511 3316 588 Quare
3353 512 3539 575 homo

620 590 927 650 voluntata
968 607 1077 650 sua
1112 588 1297 650 libera
1334 592 1551 652 author
1590 603 1680 652 est
1722 591 1982 670 peccati,
2023 611 2146 652 non
2185 594 2350 653 Deus
2387 593 2733 671 reprobans.

702 685 798 746 55.
880 669 1269 746 Consequens
1326 671 1577 732 alterum
1634 669 2070 750 reprobationis
2130 671 2384 732 dicimus
2423 691 2554 733 esse
2591 690 2844 751 poenas,
2887 669 3026 750 quia
3065 670 3231 732 Deus
3271 673 3374 752 qui
3415 693 3538 734 non

618 758 815 825 potest
872 767 1001 810 esse
1061 768 1181 811 non
1226 748 1409 811 iustus
1422 797 1439 830 ,
1480 751 1629 812 iuste
1644 797 1661 831 ,
1702 761 1945 830 propter
1985 762 2296 829 peccatum
2311 798 2328 828 ,
2369 753 2536 830 quod
2573 753 2652 813 ab
2689 761 2934 813 aeterno
2973 750 3311 831 praeuidet,
3351 754 3537 816 homi·

616 847 755 888 nem
816 839 1225 909 peccatorem,
1278 831 1359 892 ab
1398 841 1640 892 aeterno
1682 831 2100 910 praedamnat:
2143 831 2199 890 δι
2237 829 2434 910 τείρεα
2472 843 2715 910 propter
2751 841 3095 910 peccatum,
3135 829 3194 890 in
3235 842 3536 912 tempore,

617 908 985 970 damnationi
1023 921 1299 972 aeternae
1336 909 1593 988 addicit,
1632 912 1795 989 quod
1836 912 2140 972 decretum
2181 910 2752 990 praedamnationis,
2791 911 3010 991 magna
3049 927 3185 971 cum
3225 913 3538 992 Religione

613 989 651 1046 a
694 989 937 1050 decreto
978 989 1412 1068 reprobationis
1454 989 1937 1070 distinguendum
1977 1000 2084 1052 est.

698 1071 792 1130 56.
872 1069 1164 1130 Doctrina
1223 1071 1301 1130 de
1360 1070 1655 1132 electione
1694 1071 1751 1130 δι
1790 1069 2240 1149 reprobatione,
2279 1069 2552 1147 quamuis
2591 1069 2878 1132 aduersus
2917 1089 3049 1132 eam
3090 1070 3240 1132 ratio
3279 1073 3537 1134 humana

612 1147 895 1210 audacter
932 1149 1229 1230 insurgat,
1274 1169 1397 1212 non
1436 1153 1629 1211 solum
1668 1150 1864 1211 doctis
1903 1151 2294 1229 proponenda
2307 1195 2324 1225 ,
2366 1151 2473 1210 sed
2513 1153 2570 1211 δι
2589 1153 2814 1229 populo
2835 1149 3012 1210 etiam
3033 1149 3093 1210 in
3115 1151 3537 1234 concionibus,

613 1244 753 1288 cum
792 1229 1188 1308 explicatione
1230 1249 1303 1290 ex
1342 1229 1483 1308 ipsis
1524 1233 1737 1291 Sacrae
1778 1229 2116 1308 Scripturae
2147 1229 2411 1290 fontibus
2429 1230 2762 1309 desumpta.
2803 1229 2960 1306 Quia
2975 1229 3242 1292 Christus
3261 1231 3323 1291 id
3341 1234 3538 1294 facere

610 1325 733 1370 non
775 1321 865 1372 est
904 1309 1125 1370 veritus
1164 1309 1225 1370 in
1266 1310 1658 1371 concionibus
1703 1309 1823 1371 suis
1844 1311 1923 1371 ad
1943 1311 2253 1388 populum.
2293 1311 2423 1372 [ola.
2447 1313 2504 1370 6.
2525 1330 2624 1386 43.
2645 1327 2744 1388 45.
2783 1309 2941 1384 Quia
2959 1311 3238 1387 Apostoli
3257 1311 3535 1390 epistolas

611 1387 671 1446 in
714 1389 931 1468 quibus
970 1388 1520 1468 praedestinationis
1559 1389 1783 1452 mentio
1823 1389 1923 1468 sit,
1965 1390 2043 1450 ad
2085 1391 2248 1450 solos
2288 1389 2502 1451 doctos
2541 1409 2666 1450 non
2707 1389 3084 1467 scripserunt.
3123 1392 3296 1452 Rom.
3337 1412 3396 1469 9.

694 1489 789 1549 57.
870 1470 1097 1531 Verum
1137 1469 1396 1549 proponi
1436 1470 1619 1532 debet
1658 1469 1890 1549 sobrie,
1924 1470 2274 1548 prudenter,
2308 1470 2364 1529 ὅτ
2385 1471 2463 1530 ad
2483 1469 2975 1530 aedificationem.
3017 1469 3371 1532 Prudentiae
3391 1473 3534 1531 vero

612 1553 667 1612 &
730 1549 1065 1612 sobrietatis
1126 1553 1333 1628 regula
1390 1561 1479 1612 est
1493 1595 1510 1629 ,
1568 1549 1618 1611 si
1677 1552 1812 1611 Deo
1872 1568 1944 1610 os
1984 1566 2157 1610 suum
2195 1549 2256 1609 in
2297 1551 2481 1610 Sacra
2519 1567 2628 1610 sua
2669 1547 2970 1627 Scriptura
3007 1549 3320 1627 aperienti,
3365 1567 3536 1610 aures

611 1640 843 1692 nostras
881 1631 1273 1710 praebeamus
1288 1673 1305 1706 ,
1347 1646 1483 1691 eum
1524 1639 1807 1708 tanquam
1848 1631 2037 1692 verbo
2077 1640 2462 1707 praeeuntem
2505 1645 2823 1706 sequamur
2837 1673 2854 1706 ,
2896 1635 3088 1706 eoque
3115 1640 3350 1691 tacente
3369 1628 3535 1707 loqui

612 1709 983 1790 desinamus,
1024 1728 1243 1770 arcana
1281 1709 1398 1771 Dei
1437 1709 1839 1771 inscrutabilia
1880 1729 1957 1770 ne
1997 1708 2245 1770 scrutari
2265 1709 2512 1771 velimus
2527 1753 2546 1788 ,
2579 1709 2686 1770 sed
2706 1707 2904 1786 potius
2925 1729 3024 1786 ea,
3056 1708 3276 1786 conscij
3299 1721 3536 1770 nostrae

614 1789 1069 1869 imbecillitatiS,
1108 1799 1199 1849 ter
1237 1791 1294 1849 δι
1334 1798 1545 1868 quater
1584 1789 1895 1868 miremur,
1936 1791 2273 1851 adoremus.

703 1874 799 1949 58.
880 1871 1023 1929 Hoc
1061 1868 1111 1928 si
1148 1869 1279 1947 fiat,
1321 1871 1552 1930 tantum
1589 1870 1761 1930 abest
1800 1881 1864 1930 vt
1900 1868 2174 1930 doctrina
2209 1869 2289 1930 de
2325 1865 2867 1930 Praedestinatione
2891 1868 2966 1928 sit
2984 1867 3158 1928 saluti
3175 1867 3535 1946 perniciosa,

617 1948 801 2012 veluti
842 1947 1116 2010 homines
1154 1958 1257 2010 aut
1298 1949 1363 2010 in
1403 1948 1875 2026 desperationem
1916 1947 2270 2026 conijciens,
2311 1960 2414 2010 aut
2453 1947 2516 2008 in
2558 1947 2766 2010 salutis
2803 1946 3122 2026 incuriam,
3163 1947 3305 2025 quin
3340 1947 3534 2026 potius

624 2029 926 2109 salutaris,
966 2031 1300 2108 fructuosa,
1341 2030 1397 2089 δι
1436 2027 1866 2090 consolationis
1906 2031 2084 2107 plena
2123 2029 2320 2089 sutura
2362 2037 2470 2090 est.

702 2127 798 2188 59.
877 2111 1016 2170 Hac
1058 2107 1217 2170 enim
1255 2109 1335 2169 ad
1374 2127 1615 2190 preces,
1654 2110 1734 2169 ad
1774 2110 1937 2169 bona
1974 2129 2158 2188 opera
2195 2108 2398 2170 omnia
2435 2107 2850 2182 accendimur,
2893 2106 3033 2186 quia
3071 2105 3287 2168 scimus
3315 2127 3388 2168 ea
3407 2125 3536 2170 esse

620 2189 847 2268 media,
888 2207 998 2282 per
1038 2205 1191 2266 quae
1230 2189 1355 2250 vult
1393 2190 1559 2250 Deus
1598 2207 1713 2249 nos
1750 2188 1828 2250 ad
1866 2189 2048 2250 finem
2088 2189 2417 2266 deducere,
2457 2189 2514 2248 δι
2555 2198 2618 2248 vt
2655 2189 2732 2248 ad
2775 2189 2956 2248 finem
2993 2185 3079 2247 sic
3113 2187 3189 2248 ad
3210 2187 3403 2248 media
3423 2205 3534 2246 nos

620 2271 1109 2346 praedestinasse.
1168 2269 1307 2329 Hac
1321 2313 1338 2348 ,
1402 2287 1477 2329 ex
1536 2268 1747 2329 mediis
1806 2267 2031 2330 diaboli
2079 2267 2502 2330 tentationibus
2541 2268 2800 2328 victores
2841 2266 3147 2328 euadimus
3161 2312 3178 2345 ,
3219 2267 3295 2328 de
3335 2277 3536 2328 nostra

620 2348 913 2410 electione
972 2349 1146 2428 plene
1208 2348 1491 2427 persuasi.
1551 2347 1828 2426 Denique
1882 2348 2181 2412 discimus,
2227 2367 2427 2409 veram
2477 2347 2866 2409 humilitatem
2904 2347 3166 2426 profiteri
3180 2391 3198 2426 ,
3237 2347 3294 2406 δι
3332 2345 3536 2407 omnia

620 2448 771 2506 quae
808 2429 885 2491 ad
931 2431 1177 2491 salutem
1220 2442 1481 2491 nostram
1522 2427 1819 2508 pertinent
1854 2429 1968 2491 soli
2006 2429 2138 2491 Deo
2178 2427 2464 2507 tribuere,
2503 2429 2560 2488 ὅτ
2597 2439 2844 2508 accepta
2883 2430 3052 2490 ferre.

1890 2714 2276 2726 οὴ--ι-ῌ

1088 2964 1199 3025 XI.
1282 2964 1415 3023 DE
1475 2964 1869 3024 DIVINA
1924 2962 3060 3025 PRAEDESTINATIONE.

704 3176 755 3218 1.
835 3156 1281 3217 Praedestinare
1296 3202 1315 3237 ,
1382 3162 1714 3238 προοριζσιν
1771 3168 1861 3221 est
1916 3158 2140 3237 aliquid
2197 3159 2276 3221 ad
2339 3170 2566 3219 certum
2606 3159 2784 3218 finem
2825 3162 3116 3234 vsumque
3152 3156 3438 3234 deputare
3478 3156 3534 3215 &

623 3234 917 3295 ordinare.
977 3236 1151 3296 Rom.
1212 3239 1268 3297 8.
1332 3257 1425 3314 ²9·
1484 3239 1747 3298 Aeterna
1802 3238 1981 3317 igitur
2019 3238 2482 3301 Praedestinatio
2523 3237 2663 3316 Dei,
2701 3235 3025 3315 generatim
3065 3236 3368 3314 loquendo
3384 3282 3402 3311 ,
3446 3247 3534 3296 est

623 3314 929 3375 decretum
968 3314 1085 3375 Dei
1122 3326 1427 3377 aeternum
1441 3361 1460 3396 ,
1512 3334 1635 3393 quo
1673 3318 1877 3379 omnia
1912 3320 1992 3379 ab
2033 3330 2274 3380 aeterno
2311 3320 2472 3396 apud
2513 3338 2579 3379 se
2619 3316 3059 3395 praeordinauit
3096 3315 3174 3377 ad
3215 3334 3318 3377 eos
3359 3317 3532 3391 fines,

621 3412 727 3472 per
768 3411 920 3471 quos
960 3392 1404 3473 glorificaretur.
1462 3398 1594 3457 Act.
1638 3416 1695 3470 4.
1741 3401 1835 3458 28.
1901 3418 1952 3460 1.
2003 3399 2094 3460 Ti.
2138 3416 2194 3477 5.
2237 3418 2331 3459 21.
2396 3398 2486 3457 Ea
2525 3398 2744 3474 duplex
2785 3407 2890 3458 est.
2939 3416 2989 3457 1.
3030 3398 3274 3457 Rerum.
3318 3416 3374 3455 2.
3397 3397 3531 3455 Per-

620 3491 919 3535 sonarum.
980 3474 1135 3534 cum
1194 3494 1245 3535 a.
1307 3477 1421 3536 hae
1458 3494 1748 3553 personae
1788 3480 1877 3553 (vt
1914 3495 2110 3539 rerum
2151 3476 2745 3557 praedestinationem
2785 3476 3024 3537 missam
3067 3476 3372 3549 faciamus)
3414 3474 3532 3535 sint

622 3553 839 3631 Angeli
878 3556 935 3614 &
972 3553 1275 3633 homines,
1315 3572 1429 3615 nos
1468 3556 1543 3615 de
1583 3556 2124 3619 Praedestinatione
2163 3558 2474 3619 hominum
2512 3556 2882 3635 potissimum
2921 3556 3274 3617 instituimus
3313 3553 3534 3615 dicere.

704 3654 759 3693 2.
838 3634 1305 3694 Praedestinatio
1342 3633 1519 3714 igitur
1555 3635 1866 3696 hominum
1904 3646 1996 3697 est
2031 3649 2369 3718 aeternum,
2413 3636 2665 3715 simplex
2707 3640 2762 3697 δι
2801 3638 3170 3713 absolutum,
3211 3636 3445 3694 firmum
3475 3634 3531 3692 δε

618 3711 1016 3790 immutabile,
1060 3712 1291 3792 sapiens
1330 3717 1385 3775 δι
1423 3712 1677 3776 liberum
1715 3714 1831 3777 Dei
1868 3716 2204 3795 decretum,
2243 3735 2366 3796 quo
2405 3716 2568 3796 apud
2605 3717 2986 3793 semetipsum
3025 3717 3104 3776 ab
3123 3726 3366 3775 aeterno
3390 3732 3532 3774 con·

620 3792 832 3871 stituit,
894 3791 1037 3868 quid
1076 3794 1154 3853 de
1193 3812 1555 3872 vnoquoque
1593 3812 1801 3856 eorum
1840 3796 1970 3857 fieri
2009 3799 2211 3875 vellet,
2254 3798 2420 3875 quod
2455 3798 2536 3857 ad
2573 3796 3176 3857 communicationem
3213 3793 3436 3871 gratiae
3473 3796 3528 3855 δι

620 3872 843 3948 gloriae
891 3872 1091 3950 ipsius.
1133 3874 1351 3933 Partes
1389 3885 1525 3935 sunt
1562 3884 1681 3936 tres
1696 3920 1713 3953 ,
1754 3875 2066 3937 destinatio
2108 3877 2376 3969 principij
2393 3920 2412 3955 ,
2451 3874 2783 3938 mediorum
2799 3922 2818 3953 ,
2858 3875 3010 3936 finis.
3071 3874 3297 3954 Species
3337 3874 3492 3934 duae
3510 3917 3529 3950 ,

619 3950 833 4011 electio
898 3954 953 4011 δι
1012 3952 1386 4033 reprobatio,
1426 3952 1475 4014 si
1514 3955 1591 4014 ad
1633 3972 1930 4016 summum
1975 3958 2097 4018 eius
2137 3955 2491 4034 principium
2529 3956 2884 4035 respexeris:
2923 3953 3137 4033 quibus
3175 3955 3359 4013 multa
3396 3962 3530 4011 sunt

622 4032 980 4120 com-munia.
1020 4034 1177 4093 Nam
1218 4033 1517 4110 vtriusque
1558 4036 1768 4096 eadem
1808 4046 1895 4096 est
1927 4056 2110 4096 causa
2141 4036 2431 4115 dficiens,
2465 4037 2653 4098 Deus:
2689 4037 2745 4096 ὅτ
2767 4035 2976 4096 eadem
2997 4050 3174 4093 causa
3191 4034 3529 4111 inspulsiua,

620 4107 901 4197 placitum
960 4111 1097 4173 Dei:
1160 4122 1407 4191 vtraque
1466 4116 1623 4175 sacta
1682 4126 1769 4175 est
1826 4116 1903 4176 ad
1964 4114 2216 4195 gloriam
2277 4115 2392 4175 Dei
2450 4119 2507 4177 δι
2564 4118 2755 4192 salust.
2824 4117 3138 4188 1622.)tem
3185 4114 3528 4174 electorum.

618 4186 937 4279 Vtriusque
976 4193 1282 4251 subiectum
1322 4204 1413 4254 est
1449 4213 1635 4270 genus
1674 4196 2036 4274 humanum,
2079 4206 2369 4272 quatenus
2407 4214 2513 4271 per
2551 4197 2780 4273 lapsum
2818 4195 3080 4254 futurum
3121 4203 3248 4253 erat
3288 4209 3528 4269 corrup·

619 4274 746 4323 tum
762 4310 779 4341 ,
813 4267 867 4324 δι
902 4284 961 4327 m
998 4281 1249 4331 mortem
1282 4283 1579 4333 aeternam
1615 4272 1855 4352 propria
1881 4277 2058 4353 culpa
2091 4274 2554 4353 praecipitatum.
2594 4277 2861 4353 Vtraque
2879 4274 3034 4333 sacta
3053 4284 3142 4333 est
3159 4274 3236 4333 ab
3255 4282 3497 4332 aeterno
3511 4317 3528 4344 ,

621 4355 867 4421 vtraque
906 4348 1104 4425 firma,
1149 4349 1529 4412 immutabilis
1570 4355 1623 4411 &
1664 4352 2040 4414 inuariabilis.
2086 4356 2378 4416 Adiuncta
2417 4353 2558 4414 item
2597 4353 2937 4414 communia
2969 4352 3172 4414 electis
3189 4352 3242 4411 δι
3261 4352 3531 4442 reprobis

3155 4448 3526 4491 communia:
