3923 4875
1387 362 1798 414 rnancrscr
1849 364 2061 423 Jtmn
2120 364 2325 411 vra-A.
3194 368 3267 428 31

371 528 607 588 vincula
669 532 1116 607 perrumpebat:
1179 532 1435 610 denique
1493 532 1574 591 ita
1631 550 1694 591 se
1752 531 2022 608 gerebat,
2082 540 2145 590 vt
2183 530 2457 590 omnibus
2494 545 2834 606 persuasum
2878 536 3029 587 esset
3066 546 3199 587 eam
3234 531 3273 586 a

369 608 666 668 daemone
707 609 1048 686 grauissime
1088 610 1310 689 agitari.
1352 612 1556 687 Quum
1593 622 1790 671 autem
1829 629 2075 687 vespere
2118 612 2383 688 quodam
2425 608 2535 669 viri
2568 608 2795 685 aliquot
2834 606 2979 665 boni
3012 624 3087 665 ex
3126 608 3272 665 Ver-

369 686 614 748 veriano
653 688 790 748 vico
830 688 1218 769 Limburgum
1257 690 1489 752 venturi
1525 690 1846 751 foeminam
1885 688 2169 750 vidissent
2196 688 2519 750 latitantem
2534 734 2553 767 ,
2572 689 2871 766 appellant
2888 705 3019 747 eam
3040 686 3273 745 blandis

371 766 568 828 verbis
582 811 601 846 ,
640 767 697 826 &
735 767 816 828 ita
853 770 1192 831 demulcent
1231 772 1551 832 commode
1564 815 1583 850 ,
1621 780 1688 830 vt
1724 790 1788 831 se
1826 769 1905 829 ad
1944 789 2041 831 me
2080 768 2298 830 adduci
2315 777 2630 847 pateretur.
2670 766 2945 828 Admissa
2958 810 2977 843 ,
3016 765 3273 843 primum

369 850 669 909 mussabat
726 850 1010 929 fremens,
1067 852 1113 909 δι
1150 850 1295 911 mihi
1333 852 1412 911 ad
1451 852 1745 929 postulata
1783 868 1909 911 non
1951 850 2353 941 respondebat
2392 848 2745 927 quicquam3
2783 846 2889 906 sed
2928 844 2991 905 in
3030 863 3135 905 eos
3173 844 3275 922 qui

367 926 678 987 adstabant
739 928 1196 991 circumiiciebat
1254 932 1460 992 oculos
1517 930 1768 991 silentio.
1829 930 1902 990 Id
1959 932 2065 990 vbi
2122 930 2531 990 obseruassem
2547 973 2565 1008 ,
2608 944 2926 1005 exsurgens
2967 924 3173 984 monui
3210 924 3273 983 in

368 1024 572 1068 aurem
607 1024 790 1067 vnum
829 1018 934 1069 aut
969 1010 1216 1070 alterum
1257 1010 1572 1073 astantium
1589 1055 1606 1089 ,
1645 1028 1743 1069 me
1781 1008 1928 1069 nihil
1972 1030 2045 1070 ex
2084 1008 2341 1069 foemina
2380 1028 2584 1069 coram
2622 1006 2867 1067 testibus
2902 1004 3055 1065 adeo
3076 1003 3273 1064 multis

369 1096 746 1148 exoraturum
806 1107 962 1150 esse:
1025 1109 1237 1169 rogare
1295 1090 1490 1169 itaque
1549 1101 1614 1150 vt
1672 1088 1766 1164 alij
1825 1100 1966 1167 post
2006 1088 2154 1151 alios
2193 1088 2501 1149 discedant
2540 1088 2618 1148 de
2654 1088 2793 1148 loco
2806 1132 2825 1159 ‚
2886 1094 3023 1162 post
3060 1085 3271 1143 horam

365 1185 546 1227 vnam
598 1177 698 1228 aut
748 1170 992 1229 alteram
1042 1168 1252 1231 iterum
1291 1172 1370 1232 ad
1407 1188 1520 1231 nos
1557 1168 1866 1231 reuersun‘.
1927 1169 2200 1248 Dictum,
2262 1171 2501 1229 factmn.
2561 1170 2719 1228 Tum
2758 1166 2859 1226 illa
2896 1182 3035 1223 cum
3078 1162 3269 1240 spatio

368 1246 630 1309 animum
670 1247 956 1327 colligens
997 1250 1302 1341 quaerenti
1331 1250 1649 1328 respondet
1685 1268 1751 1311 se
1777 1247 1896 1309 iam
1929 1268 2119 1309 annos
2138 1247 2389 1327 amplius
2407 1246 2694 1309 tredecim
2715 1245 2797 1307 ita
2814 1243 3093 1305 afflictam
3115 1262 3273 1304 esse:

365 1326 427 1385 in
497 1344 675 1389 causa
737 1328 914 1389 fuisse
973 1329 1299 1391 vrcinarum
1359 1328 1969 1407 circumstrepentium
2029 1345 2360 1407 sermoneS,
2422 1346 2575 1406 quae
2637 1326 2827 1405 ipsam
2884 1323 3273 1400 increpabant

366 1405 510 1467 olim
528 1453 544 1482 ,
584 1408 640 1467 &
680 1407 1018 1469 damnatam
1059 1428 1188 1471 esse
1229 1411 1660 1472 confirmabant
1675 1456 1692 1488 ,
1733 1425 1917 1487 quum
1957 1408 2059 1470 illa
2098 1428 2303 1469 recens
2341 1406 2580 1469 viduata
2618 1406 2745 1467 viro
2786 1405 2846 1465 in
2866 1402 3114 1463 nouenis
3154 1403 3273 1463 suis

365 1485 568 1547 liberis
628 1488 934 1567 curandis,
999 1488 1187 1567 iisque
1249 1490 1528 1551 omnibus
1589 1489 1876 1569 paruulis,
1935 1488 2021 1549 sic
2062 1488 2466 1568 distineretur,
2515 1498 2580 1547 vt
2616 1505 2743 1547 non
2779 1492 3015 1546 vacaret
3056 1482 3274 1543 seruire

367 1567 536 1628 Deo:
597 1566 662 1628 id
697 1578 894 1629 autem
934 1578 1023 1629 est
1062 1569 1282 1647 (aiebat
1319 1570 1441 1647 illa)
1483 1568 1682 1633 officio
1725 1568 1944 1631 Missae
1957 1614 1975 1647 ,
2016 1579 2081 1629 vt
2120 1578 2337 1630 vocant
2351 1612 2370 1647 ,
2410 1566 2707 1630 interesse.
2746 1567 2841 1626 De
2877 1562 3075 1624 liberis
3115 1563 3275 1622 idem

369 1648 404 1705 a
444 1666 508 1707 se
549 1664 790 1727 quoque
829 1646 1110 1709 iudicium
1151 1649 1304 1710 fieri:
1347 1670 1486 1711 nam
1529 1669 1602 1711 ex
1643 1648 2013 1727 serpentibus
2052 1658 2353 1727 serpentes
2400 1646 2697 1726 generari:
2739 1645 2995 1721 ideoque
3036 1642 3278 1702 horrere

371 1743 436 1786 se
495 1728 574 1787 ab
611 1738 852 1806 aspectu
889 1728 1144 1789 illorum.
1185 1728 1310 1791 Hic
1348 1749 1461 1809 ego
1504 1748 1570 1790 re
1609 1729 1879 1809 cognita,
1943 1730 2000 1788 &
2040 1738 2265 1790 tentata
2302 1739 2367 1788 vt
2407 1726 2577 1805 potui
2615 1722 3055 1806 diligentissime
3072 1766 3089 1795 9
3150 1723 3274 1782 foe·

369 1803 588 1867 minam
628 1805 848 1868 institui
886 1808 1115 1886 paucis:
1159 1827 1285 1869 non
1331 1809 1478 1872 illud
1517 1808 1634 1869 Dei
1671 1808 1971 1871 seruitium
2012 1811 2099 1884 (vt
2130 1810 2475 1887 loquuntur)
2516 1826 2643 1867 esse
2684 1805 2851 1885 quod
2878 1804 3013 1864 illae
3045 1800 3275 1861 vicinae

366 1894 746 1967 putauerant3
783 1888 893 1949 sed
929 1887 1119 1965 ipsam
1160 1892 1298 1949 vere
1341 1891 1475 1951 Deo
1515 1899 1693 1967 atque
1731 1908 1805 1949 ex
1841 1890 2147 1950 voluntate
2188 1888 2340 1949 illius
2380 1886 2690 1948 seruiuisse
2729 1884 2890 1963 piam
2910 1882 3275 1957 seruitutem,

366 1981 550 2042 quum
589 1984 730 2027 suos
770 1968 1072 2046 orphanos
1109 1968 1430 2031 curauisset
1471 1978 1688 2048 mater,
1731 1978 1912 2047 prout
1948 1988 2152 2029 veram
2192 1968 2539 2046 religionem
2578 1967 2833 2028 Iacobus
2866 1961 3280 2039 descripserat.

365 2045 680 2124 Aequieuit
737 2046 837 2107 illa
885 2048 1081 2127 breui,
1135 2050 1468 2126 eodemque
1508 2067 1755 2127 vespere
1793 2048 1994 2109 animo
2036 2048 2415 2126 tranquillato
2454 2052 2493 2107 a
2531 2046 2707 2108 nobis
2747 2043 2893 2105 abiit
2908 2088 2926 2123 ,
2965 2044 3100 2102 Deo
3142 2060 3269 2119 gra-

362 2123 472 2186 tias
528 2124 835 2205 agentibus
893 2129 950 2187 &
1011 2128 1434 2191 admirantibus
1491 2128 1751 2207 singulis.
1791 2132 1992 2207 Atque
2029 2147 2103 2189 ex
2140 2147 2214 2189 eo
2254 2139 2523 2205 tempore
2565 2128 2753 2187 verbo
2793 2123 2909 2184 Dei
2948 2120 3275 2182 reuerentia

363 2204 555 2266 maior
591 2205 654 2266 in
693 2216 882 2267 tractu
921 2206 1148 2287 habita,
1188 2217 1423 2288 auctaq.
1464 2207 1769 2269 Ecclesiae
1809 2208 2149 2287 celebritas3
2208 2207 2361 2269 adeo
2400 2218 2465 2267 vt
2504 2206 2673 2267 multi
2711 2204 2789 2266 ad
2828 2222 2926 2263 me
2943 2248 2961 2281 ,
3001 2201 3274 2279 quamuis

361 2294 572 2346 eontra
631 2287 948 2348 docentem
1007 2298 1130 2367 atq.
1183 2288 1596 2367 obiurgantem
1645 2288 1989 2349 inscientiae
2041 2286 2282 2350 nomine
2298 2332 2315 2367 ,
2370 2287 2667 2347 sanandos
2708 2292 2983 2363 aegrotos
3021 2282 3275 2342 adduce-

361 2375 493 2426 rent
533 2384 752 2447 magno
787 2368 996 2428 dolore
1035 2386 1194 2429 meo.
1235 2370 1374 2430 Duo
1415 2367 1559 2429 mihi
1604 2386 1710 2447 per
1748 2367 1894 2428 illud
1933 2377 2167 2447 tempus
2207 2366 2623 2446 impedimenta
2662 2362 3017 2426 remorantia
3036 2378 3274 2421 cursum

361 2447 758 2526 Euangelicae
815 2447 1284 2526 praedicationes
1343 2449 1682 2528 obtigerunt
1695 2495 1711 2524 ,
1775 2449 2204 2526 Anabaptistae
2255 2449 2312 2506 &
2352 2447 2664 2523 Pontificij.
2715 2441 3131 2520 Anabaptistas
3170 2441 3275 2501 im·

364 2527 705 2603 prudenteis
745 2526 968 2589 accessi
1013 2527 1353 2608 aliquoties,
1391 2529 1448 2588 &
1488 2527 1677 2591 amice
1719 2545 1856 2588 cum
1895 2528 1981 2588 eis
2022 2527 2273 2590 contuli:
2312 2544 2433 2604 qua
2469 2526 2701 2588 ratione
2732 2533 2969 2603 optatos
3009 2522 3275 2599 ipsorum

359 2605 416 2664 δι
455 2605 692 2668 iamiam
747 2617 944 2668 certos
995 2625 1311 2700 progessus
1351 2606 1604 2669 inhibuit
1642 2610 1808 2668 Deus
1823 2653 1840 2687 ‚
1879 2608 2150 2670 minuens
2186 2623 2528 2686 numerum,
2569 2605 2978 2666 auctoritatem
2992 2645 3009 2680 ,
3051 2602 3107 2661 &
3144 2620 3275 2678 gra-

357 2683 500 2746 tiam
533 2686 820 2764 ipsorum.
862 2689 920 2746 A
958 2687 1282 2750 Pontificiis
1327 2687 1582 2766 primum
1621 2705 1812 2748 vanae
1851 2687 1913 2747 in
1957 2690 2263 2750 absentem
2296 2685 2747 2747 vociferationes
2760 2732 2777 2766 ,
2818 2688 2955 2763 post
2974 2679 3277 2759 speciosae

361 2766 766 2856 aggressiones
827 2765 1160 2828 extiterunt.
1220 2765 1760 2828 vociferationibus
1816 2770 2041 2846 templa
2100 2767 2261 2828 vrbis
2298 2765 2644 2828 Leodiensis
2684 2761 3113 2843 personabant:
3171 2761 3277 2851 sed

361 2844 578 2923 quibus
617 2846 805 2925 magis
845 2845 1166 2908 excitarent
1206 2851 1386 2925 quam
1429 2847 1758 2908 minuerent
1797 2845 2151 2908 auditorium
2192 2862 2411 2908 meum.
2472 2847 2639 2906 Vnus
2669 2841 3099 2906 Franciscanus
3114 2883 3131 2917 ,
3173 2856 3278 2916 qui

363 2925 526 3002 apud
583 2926 980 2988 Veruerianos
1041 2927 1534 3007 concionabatur,
1593 2937 1932 2988 nostrorum
1994 2925 2439 3006 importunitate
2478 2925 2797 3004 adductus,
2849 2919 3073 2998 recepit
3113 2937 3177 2979 se
3217 2918 3279 2978 in

365 3004 712 3066 condictum
773 3008 978 3067 locum
1039 3007 1118 3067 ad
1177 3005 1636 3086 disputationem
1693 3005 1932 3084 publice
1991 3018 2301 3068 venturum
2342 3023 2504 3066 esse:
2567 3009 2886 3084 postquam
2924 3003 3068 3062 vero
3112 3017 3176 3059 se
3215 3017 3277 3058 m
3323 3053 3343 3064 .

361 3081 476 3143 iter
517 3085 792 3166 dederat,
831 3086 1137 3146 excusauit
1177 3105 1240 3148 se
1279 3085 1525 3148 alicuius
1563 3085 1650 3146 rei
1689 3085 1996 3147 obliuione
2009 3133 2026 3166 ,
2067 3087 2401 3166 pedemque
2431 3085 2627 3146 retulit
2646 3085 2914 3145 domum.
2934 3077 3277 3140 Ridiculum

363 3173 450 3224 est
506 3166 673 3244 quod
713 3165 938 3244 dicam3
977 3167 1084 3228 sed
1123 3177 1324 3228 tamen
1362 3165 1647 3226 indicium
1685 3167 1900 3227 horum
1943 3165 2331 3245 simplicitatis
2346 3211 2363 3244 ,
2406 3166 2461 3224 &
2508 3163 2997 3224 mendacissimae
3038 3157 3275 3219 illorum

365 3241 783 3334 impudentiae.
823 3246 1029 3321 Quum
1067 3245 1130 3306 in
1168 3265 1384 3326 campo
1425 3263 1683 3308 essemus
1697 3291 1715 3325 ,
1755 3246 2131 3307 Franciscani
2168 3245 2327 3308 iIlius
2368 3245 2689 3305 adventum
2718 3247 3153 3330 exspectan-tta,
3186 3237 3275 3297 vir

365 3323 610 3400 quidam
654 3343 836 3386 senex
875 3325 1270 3403 frequentiam
1311 3327 1471 3387 illam
1509 3325 1828 3386 maximam
1868 3343 2025 3404 quae
2066 3337 2191 3387 tum
2232 3327 2439 3386 aderat
2456 3341 2843 3402 perrumpens
2859 3368 2875 3401 ,
2896 3337 3133 3396 copiam
3162 3317 3277 3378 slbl

363 3401 491 3462 fieri
523 3403 766 3466 videndi
805 3404 926 3465 mei
955 3406 1296 3482 postulauit.
1355 3405 1582 3467 Audito
1629 3404 1874 3483 strepitu
1913 3408 2201 3485 rogabam
2214 3453 2231 3486 ,
2275 3404 2424 3485 quid
2457 3403 2540 3465 rei
2574 3413 2747 3465 esset.
2788 3400 3049 3480 Cognito
3084 3395 3272 3458 homi·

361 3499 500 3542 nem
553 3501 680 3545 esse
731 3485 849 3546 mei
901 3483 1139 3545 videndi
1194 3486 1564 3564 cupientem,
1619 3484 1827 3546 monui
1877 3494 1942 3545 vt
2004 3488 2238 3547 daretur
2288 3483 2514 3546 homini
2564 3485 2644 3545 ad
2684 3482 3045 3544 veniendum
3086 3480 3273 3538 locus,

359 3561 518 3622 Tum
557 3562 656 3624 ille
695 3564 956 3625 demisso
987 3565 1153 3624 vultu
1193 3565 1332 3627 inde
1373 3567 1411 3626 a
1450 3563 1700 3644 pedibus
1740 3565 1818 3625 ad
1859 3565 2141 3626 verticem
2170 3584 2301 3643 vsq.
2323 3567 2647 3626 obseruans
2666 3558 3110 3642 diligentissime
3134 3575 3273 3616 con·

355 3639 718 3705 stitutionem
759 3663 952 3705 meam
967 3687 986 3722 ,
1027 3643 1217 3721 erupit
1253 3643 1314 3704 in
1353 3646 1504 3706 haec
1542 3645 1753 3706 verba:
1796 3645 1911 3706 eho
1926 3689 1944 3724 ,
1982 3645 2220 3707 iamiam
2263 3644 2438 3706 video
2458 3661 2583 3704 non
2605 3663 2735 3705 esse
2756 3643 2819 3703 id
2840 3657 3045 3702 verum
3054 3682 3080 3727 ,⁹
3102 3637 3271 3715 quod

358 3719 503 3782 mihi
543 3723 620 3783 de
659 3733 719 3784 te
757 3726 944 3785 fuerat
985 3724 1380 3785 enunciatum.
1439 3727 1542 3784 Me
1582 3733 1780 3785 autem
1821 3723 2055 3786 dicente
2070 3771 2088 3805 ,
2149 3725 2295 3805 quid
2333 3743 2476 3802 ergo
2516 3723 2664 3784 illud
2704 3718 2828 3784 est?
2870 3718 3011 3797 tibi,
3050 3715 3273 3795 lnquit,

356 3800 540 3876 pedes
577 3803 749 3864 fissos
789 3822 935 3865 esse.
976 3804 1300 3882 Postquam
1339 3809 1483 3866 vero
1525 3804 1742 3865 infecta
1780 3823 1845 3864 re
1885 3825 1958 3866 ex
1996 3808 2133 3867 loco
2168 3805 2523 3865 excessimus
2536 3849 2553 3878 ,
2576 3805 2823 3864 alterum
2844 3815 3030 3880 quoq.
3051 3795 3271 3855 ridicu-

357 3879 481 3939 lum
520 3882 742 3943 factum
781 3895 871 3944 est
908 3886 946 3943 a
984 3883 1249 3959 quodam
1291 3883 1696 3962 superstitioso
1729 3884 1971 3944 homine
1991 3895 2401 3962 consecutum,
2424 3883 2590 3974 quod
2610 3882 2895 3960 cespitem
2913 3894 3018 3939 seu
3034 3876 3271 3953 glebam

357 3958 564 4050 effodit
601 3961 755 4024 illius
793 3962 905 4024 soli
925 4007 944 4041 ,
985 3962 1046 4022 in
1085 3979 1208 4041 quo
1251 3963 1434 4042 pedes
1476 3964 1594 4025 mei
1633 3963 2091 4025 Franciscanum
2133 3972 2493 4042 expectantrs
2528 3963 2607 4022 ad
2648 3958 3106 4040 disputationem
3130 3973 3275 4015 con-

353 4047 636 4102 stiterant.
679 4043 797 4104 Sed
837 4043 940 4104 vbi
981 4043 1188 4120 perdiu
1223 4043 1576 4122 longinquas
1615 4042 1743 4103 illas
1773 4043 2225 4105 vociferationes
2260 4061 2393 4104 suas
2412 4039 2557 4101 nihil
2578 4043 2814 4102 efficere
2832 4045 3271 4118 cognouerunt,

353 4125 480 4178 tum
522 4131 686 4182 certo
725 4122 936 4183 ordine
976 4121 1099 4182 duo
1140 4141 1234 4182 me
1275 4143 1347 4184 ex
1389 4121 1714 4184 Pontificiis
1749 4123 2009 4201 aggressi
2048 4134 2209 4200 sunt,
2244 4119 2589 4215 praesertim
2621 4138 2759 4182 cum
2780 4119 3052 4182 audirent
3073 4115 3273 4175 Sacra-

355 4209 619 4261 mentum
659 4201 898 4263 Coenae
938 4200 1184 4262 Domini
1222 4213 1360 4280 post
1398 4203 1524 4264 dies
1563 4204 1850 4282 pauculos
1869 4203 2261 4264 administrari
2292 4201 2353 4262 in
2375 4199 2789 4279 Limburgensi
2810 4197 3076 4260 Ecclesia
3088 4213 3271 4286 ‘opor-

354 4285 505 4338 tere:
545 4281 968 4344 Franciscanus
1007 4297 1158 4342 vnus
1172 4327 1190 4358 ,
1229 4284 1284 4342 δι
1323 4283 1469 4344 alter
1508 4281 1738 4344 Iesuita.
1779 4281 1865 4341 Hi
1902 4281 2351 4344 communicatis
2390 4279 2650 4342 consiliis
2670 4282 2728 4343 ἃς
2746 4279 3023 4342 condicta
3042 4275 3139 4334 die
3160 4275 3271 4333 sub

355 4375 662 4434 vesperam
699 4361 1086 4439 Limburgum
1125 4363 1521 4442 aduenerant,
1562 4371 1627 4423 vt
1666 4381 1764 4422 me
1803 4363 2093 4438 postridie
2130 4363 2211 4424 ad
2250 4359 2712 4440 disputationem
2754 4359 2875 4422 suis
2916 4351 3273 4491 conditripgi-

3249 4473 3268 4509 2
