<?xml version="1.0" encoding="UTF-8"?>
<!DOCTYPE html PUBLIC "-//W3C//DTD XHTML 1.0 Transitional//EN"
    "http://www.w3.org/TR/xhtml1/DTD/xhtml1-transitional.dtd">
<html xmlns="http://www.w3.org/1999/xhtml" xml:lang="en" lang="en">
 <head>
  <title>
</title>
<meta http-equiv="Content-Type" content="text/html;charset=utf-8" />
  <meta name='ocr-system' content='tesseract 3.04.00' />
  <meta name='ocr-capabilities' content='ocr_page ocr_carea ocr_par ocr_line ocrx_word'/>
</head>
<body>
  <div class='ocr_page' id='page_1' title='image "./dfranciscijunii00junigoog_0044.png"; bbox 0 0 3923 4875; ppageno 0'>
   <div class='ocr_carea' id='block_1_1' title="bbox 1522 387 3442 452">
    <p class='ocr_par' dir='ltr' id='par_1_1' title="bbox 1522 387 3442 452">
     <span class='ocr_line' id='line_1_1' title="bbox 1522 387 3442 452; baseline -0.003 -24"><span class='ocrx_word' id='word_1_1' title='bbox 1522 387 1936 431; x_wconf 68' lang='lat' dir='ltr'><strong>FRAnclscl</strong></span> <span class='ocrx_word' id='word_1_2' title='bbox 1993 388 2210 440; x_wconf 84' lang='lat' dir='ltr'>JUNII</span> <span class='ocrx_word' id='word_1_3' title='bbox 2273 387 2466 428; x_wconf 75' lang='lat' dir='ltr'><strong>VITA.</strong></span> <span class='ocrx_word' id='word_1_4' title='bbox 3371 396 3442 452; x_wconf 88' lang='lat'><strong>19</strong></span> 
     </span>
    </p>
   </div>
   <div class='ocr_carea' id='block_1_2' title="bbox 522 546 3444 4386">
    <p class='ocr_par' dir='ltr' id='par_1_2' title="bbox 522 546 3444 4386">
     <span class='ocr_line' id='line_1_2' title="bbox 541 546 3440 630; baseline 0.001 -22"><span class='ocrx_word' id='word_1_5' title='bbox 541 546 699 609; x_wconf 90' lang='lat' dir='ltr'><strong>diem</strong></span> <span class='ocrx_word' id='word_1_6' title='bbox 758 550 1016 608; x_wconf 83' lang='lat' dir='ltr'><strong>futurum</strong></span> <span class='ocrx_word' id='word_1_7' title='bbox 1074 547 1309 626; x_wconf 79' lang='lat' dir='ltr'><strong>dicenS,</strong></span> <span class='ocrx_word' id='word_1_8' title='bbox 1367 559 1432 609; x_wconf 88' lang='lat' dir='ltr'><strong>vt</strong></span> <span class='ocrx_word' id='word_1_9' title='bbox 1484 550 1733 610; x_wconf 90' lang='lat' dir='ltr'><strong>domum</strong></span> <span class='ocrx_word' id='word_1_10' title='bbox 1785 567 2051 613; x_wconf 88' lang='lat' dir='ltr'><strong>reuersus</strong></span> <span class='ocrx_word' id='word_1_11' title='bbox 2103 561 2270 630; x_wconf 91' lang='lat' dir='ltr'><strong>pater</strong></span> <span class='ocrx_word' id='word_1_12' title='bbox 2309 555 2536 610; x_wconf 88' lang='lat' dir='ltr'><strong>tantum</strong></span> <span class='ocrx_word' id='word_1_13' title='bbox 2575 547 2654 608; x_wconf 90' lang='lat' dir='ltr'><strong>ad</strong></span> <span class='ocrx_word' id='word_1_14' title='bbox 2692 566 2786 608; x_wconf 91' lang='lat' dir='ltr'><strong>me</strong></span> <span class='ocrx_word' id='word_1_15' title='bbox 2826 548 3112 626; x_wconf 90' lang='lat' dir='ltr'><strong>pecuniae</strong></span> <span class='ocrx_word' id='word_1_16' title='bbox 3153 553 3440 613; x_wconf 88' lang='lat' dir='ltr'><strong>transmit·</strong></span> 
     </span>
     <span class='ocr_line' id='line_1_3' title="bbox 542 627 3442 720; baseline 0.001 -32"><span class='ocrx_word' id='word_1_17' title='bbox 542 637 688 688; x_wconf 87' lang='lat' dir='ltr'><strong>teret</strong></span> <span class='ocrx_word' id='word_1_18' title='bbox 740 633 1025 705; x_wconf 86' lang='lat' dir='ltr'><strong>quantum</strong></span> <span class='ocrx_word' id='word_1_19' title='bbox 1067 646 1141 688; x_wconf 86' lang='lat' dir='ltr'><strong>ex</strong></span> <span class='ocrx_word' id='word_1_20' title='bbox 1192 645 1303 688; x_wconf 88' lang='lat' dir='ltr'><strong>vsu</strong></span> <span class='ocrx_word' id='word_1_21' title='bbox 1353 627 1467 707; x_wconf 90' lang='lat' dir='ltr'><strong>ipsi</strong></span> <span class='ocrx_word' id='word_1_22' title='bbox 1506 628 1821 690; x_wconf 84' lang='lat' dir='ltr'><strong>videretur.</strong></span> <span class='ocrx_word' id='word_1_23' title='bbox 1879 633 1964 692; x_wconf 91' lang='lat' dir='ltr'><strong>Vt</strong></span> <span class='ocrx_word' id='word_1_24' title='bbox 2003 643 2198 693; x_wconf 91' lang='lat' dir='ltr'><strong>autem</strong></span> <span class='ocrx_word' id='word_1_25' title='bbox 2236 629 2490 707; x_wconf 89' lang='lat' dir='ltr'><strong>primum</strong></span> <span class='ocrx_word' id='word_1_26' title='bbox 2528 628 2886 720; x_wconf 81' lang='lat' dir='ltr'><strong>Lugdunum</strong></span> <span class='ocrx_word' id='word_1_27' title='bbox 2930 627 3092 706; x_wconf 89' lang='lat' dir='ltr'><strong>veni,</strong></span> <span class='ocrx_word' id='word_1_28' title='bbox 3133 629 3248 690; x_wconf 91' lang='lat' dir='ltr'><strong>iam</strong></span> <span class='ocrx_word' id='word_1_29' title='bbox 3289 631 3442 709; x_wconf 85' lang='lat' dir='ltr'><strong>typis</strong></span> 
     </span>
     <span class='ocr_line' id='line_1_4' title="bbox 542 705 3444 789; baseline 0.001 -21"><span class='ocrx_word' id='word_1_30' title='bbox 542 726 878 786; x_wconf 83' lang='lat' dir='ltr'><strong>expressam</strong></span> <span class='ocrx_word' id='word_1_31' title='bbox 930 705 1153 768; x_wconf 84' lang='lat' dir='ltr'><strong>offendi</strong></span> <span class='ocrx_word' id='word_1_32' title='bbox 1199 707 1453 786; x_wconf 84' lang='lat' dir='ltr'><strong>primam</strong></span> <span class='ocrx_word' id='word_1_33' title='bbox 1494 709 1976 786; x_wconf 85' lang='lat' dir='ltr'><strong>protestationem</strong></span> <span class='ocrx_word' id='word_1_34' title='bbox 2011 709 2296 789; x_wconf 90' lang='lat' dir='ltr'><strong>Principis</strong></span> <span class='ocrx_word' id='word_1_35' title='bbox 2339 709 2670 771; x_wconf 78' lang='lat' dir='ltr'><strong>Condensis</strong></span> <span class='ocrx_word' id='word_1_36' title='bbox 2706 709 3261 786; x_wconf 78' lang='lat' dir='ltr'><strong>foederatorumque</strong></span> <span class='ocrx_word' id='word_1_37' title='bbox 3295 711 3444 772; x_wconf 88' lang='lat' dir='ltr'><strong>illius</strong></span> 
     </span>
     <span class='ocr_line' id='line_1_5' title="bbox 542 786 3444 867; baseline 0.001 -19"><span class='ocrx_word' id='word_1_38' title='bbox 542 806 721 848; x_wconf 86' lang='lat' dir='ltr'><strong>arma·</strong></span> <span class='ocrx_word' id='word_1_39' title='bbox 760 787 1283 866; x_wconf 82' lang='lat' dir='ltr'><strong>conclamantium,</strong></span> <span class='ocrx_word' id='word_1_40' title='bbox 1342 789 1397 848; x_wconf 87' lang='lat'>&amp;</span> <span class='ocrx_word' id='word_1_41' title='bbox 1456 788 1533 850; x_wconf 90' lang='lat' dir='ltr'><strong>de</strong></span> <span class='ocrx_word' id='word_1_42' title='bbox 1586 789 1799 850; x_wconf 87' lang='lat' dir='ltr'><strong>iniusta</strong></span> <span class='ocrx_word' id='word_1_43' title='bbox 1837 791 1895 852; x_wconf 84' lang='lat' dir='ltr'><strong>vi</strong></span> <span class='ocrx_word' id='word_1_44' title='bbox 1946 802 2174 852; x_wconf 86' lang='lat' dir='ltr'><strong>armata</strong></span> <span class='ocrx_word' id='word_1_45' title='bbox 2225 789 2626 864; x_wconf 82' lang='lat' dir='ltr'><strong>caedibusque</strong></span> <span class='ocrx_word' id='word_1_46' title='bbox 2663 786 3040 849; x_wconf 87' lang='lat' dir='ltr'><strong>atrocissimis</strong></span> <span class='ocrx_word' id='word_1_47' title='bbox 3061 835 3079 867; x_wconf 92' lang='lat'><strong>,</strong></span> <span class='ocrx_word' id='word_1_48' title='bbox 3119 805 3262 867; x_wconf 88' lang='lat' dir='ltr'><strong>quas</strong></span> <span class='ocrx_word' id='word_1_49' title='bbox 3303 791 3444 852; x_wconf 89' lang='lat' dir='ltr'><strong>Gui-</strong></span> 
     </span>
     <span class='ocr_line' id='line_1_6' title="bbox 540 866 3443 949; baseline 0.001 -20"><span class='ocrx_word' id='word_1_50' title='bbox 540 867 705 929; x_wconf 87' lang='lat' dir='ltr'><strong>siana</strong></span> <span class='ocrx_word' id='word_1_51' title='bbox 741 866 921 928; x_wconf 83' lang='lat' dir='ltr'><strong>factio</strong></span> <span class='ocrx_word' id='word_1_52' title='bbox 961 866 1199 944; x_wconf 88' lang='lat' dir='ltr'><strong>iamque</strong></span> <span class='ocrx_word' id='word_1_53' title='bbox 1238 879 1571 946; x_wconf 90' lang='lat' dir='ltr'><strong>patrauerat</strong></span> <span class='ocrx_word' id='word_1_54' title='bbox 1585 915 1602 949; x_wconf 89' lang='lat'><strong>,</strong></span> <span class='ocrx_word' id='word_1_55' title='bbox 1633 871 2124 946; x_wconf 86' lang='lat' dir='ltr'><strong>conquerentium</strong></span> <span class='ocrx_word' id='word_1_56' title='bbox 2143 866 2672 946; x_wconf 76' lang='lat' dir='ltr'><strong>vehementissime.</strong></span> <span class='ocrx_word' id='word_1_57' title='bbox 2713 869 2884 943; x_wconf 86' lang='lat' dir='ltr'><strong>Quae</strong></span> <span class='ocrx_word' id='word_1_58' title='bbox 2909 887 3002 929; x_wconf 91' lang='lat' dir='ltr'><strong>res</strong></span> <span class='ocrx_word' id='word_1_59' title='bbox 3032 868 3443 948; x_wconf 85' lang='lat' dir='ltr'><strong>aliquantisper</strong></span> 
     </span>
     <span class='ocr_line' id='line_1_7' title="bbox 538 945 3439 1028; baseline 0.001 -21"><span class='ocrx_word' id='word_1_60' title='bbox 538 945 619 1008; x_wconf 91' lang='lat' dir='ltr'><strong>ita</strong></span> <span class='ocrx_word' id='word_1_61' title='bbox 677 966 771 1008; x_wconf 89' lang='lat' dir='ltr'><strong>me</strong></span> <span class='ocrx_word' id='word_1_62' title='bbox 830 947 1187 1024; x_wconf 90' lang='lat' dir='ltr'><strong>commouit,</strong></span> <span class='ocrx_word' id='word_1_63' title='bbox 1244 957 1309 1008; x_wconf 90' lang='lat' dir='ltr'><strong>vt</strong></span> <span class='ocrx_word' id='word_1_64' title='bbox 1359 965 1568 1026; x_wconf 88' lang='lat' dir='ltr'><strong>parum</strong></span> <span class='ocrx_word' id='word_1_65' title='bbox 1628 950 1879 1011; x_wconf 86' lang='lat' dir='ltr'><strong>abfuerit</strong></span> <span class='ocrx_word' id='word_1_66' title='bbox 1931 951 2074 1028; x_wconf 89' lang='lat' dir='ltr'><strong>quin</strong></span> <span class='ocrx_word' id='word_1_67' title='bbox 2127 952 2206 1012; x_wconf 91' lang='lat' dir='ltr'><strong>ab</strong></span> <span class='ocrx_word' id='word_1_68' title='bbox 2253 949 2516 1010; x_wconf 86' lang='lat' dir='ltr'><strong>instituta</strong></span> <span class='ocrx_word' id='word_1_69' title='bbox 2553 946 2922 1025; x_wconf 82' lang='lat' dir='ltr'><strong>profectione</strong></span> <span class='ocrx_word' id='word_1_70' title='bbox 2963 947 3062 1008; x_wconf 88' lang='lat' dir='ltr'><strong>illa</strong></span> <span class='ocrx_word' id='word_1_71' title='bbox 3101 951 3439 1012; x_wconf 87' lang='lat' dir='ltr'><strong>retraheret.</strong></span> 
     </span>
     <span class='ocr_line' id='line_1_8' title="bbox 539 1025 3438 1110; baseline 0.001 -24"><span class='ocrx_word' id='word_1_72' title='bbox 539 1025 775 1087; x_wconf 79' lang='lat' dir='ltr'><strong>Pei-rexi</strong></span> <span class='ocrx_word' id='word_1_73' title='bbox 814 1037 1014 1087; x_wconf 84' lang='lat' dir='ltr'><strong>tamen</strong></span> <span class='ocrx_word' id='word_1_74' title='bbox 1053 1036 1297 1088; x_wconf 90' lang='lat' dir='ltr'><strong>auctore</strong></span> <span class='ocrx_word' id='word_1_75' title='bbox 1336 1029 1392 1087; x_wconf 69' lang='grc' dir='ltr'><strong>δε</strong></span> <span class='ocrx_word' id='word_1_76' title='bbox 1428 1029 1583 1089; x_wconf 91' lang='lat' dir='ltr'><strong>duce</strong></span> <span class='ocrx_word' id='word_1_77' title='bbox 1606 1028 1906 1110; x_wconf 90' lang='lat' dir='ltr'><strong>Domino,</strong></span> <span class='ocrx_word' id='word_1_78' title='bbox 1947 1033 2003 1090; x_wconf 87' lang='lat'>&amp;</span> <span class='ocrx_word' id='word_1_79' title='bbox 2043 1030 2140 1091; x_wconf 92' lang='lat' dir='ltr'><strong>die</strong></span> <span class='ocrx_word' id='word_1_80' title='bbox 2177 1047 2328 1090; x_wconf 85' lang='lat' dir='ltr'><strong>xvn.</strong></span> <span class='ocrx_word' id='word_1_81' title='bbox 2369 1027 2566 1103; x_wconf 75' lang='lat' dir='ltr'><strong>Martii</strong></span> <span class='ocrx_word' id='word_1_82' title='bbox 2603 1025 2742 1087; x_wconf 90' lang='lat' dir='ltr'><strong>veni</strong></span> <span class='ocrx_word' id='word_1_83' title='bbox 2771 1027 3082 1088; x_wconf 89' lang='lat' dir='ltr'><strong>Geneuam</strong></span> <span class='ocrx_word' id='word_1_84' title='bbox 3107 1026 3438 1090; x_wconf 86' lang='lat' dir='ltr'><strong>incolumis.</strong></span> 
     </span>
     <span class='ocr_line' id='line_1_9' title="bbox 537 1105 3432 1189; baseline 0.001 -23"><span class='ocrx_word' id='word_1_85' title='bbox 537 1107 632 1166; x_wconf 93' lang='lat' dir='ltr'><strong>De</strong></span> <span class='ocrx_word' id='word_1_86' title='bbox 691 1105 949 1185; x_wconf 88' lang='lat' dir='ltr'><strong>hospitio</strong></span> <span class='ocrx_word' id='word_1_87' title='bbox 1012 1108 1067 1166; x_wconf 67' lang='grc' dir='ltr'><strong>ὅτ</strong></span> <span class='ocrx_word' id='word_1_88' title='bbox 1127 1107 1286 1167; x_wconf 88' lang='lat' dir='ltr'><strong>victu</strong></span> <span class='ocrx_word' id='word_1_89' title='bbox 1345 1124 1527 1188; x_wconf 72' lang='lat' dir='ltr'><strong>quum</strong></span> <span class='ocrx_word' id='word_1_90' title='bbox 1590 1108 1735 1169; x_wconf 91' lang='lat' dir='ltr'><strong>mihi</strong></span> <span class='ocrx_word' id='word_1_91' title='bbox 1782 1121 2162 1188; x_wconf 89' lang='lat' dir='ltr'><strong>prospectum</strong></span> <span class='ocrx_word' id='word_1_92' title='bbox 2223 1120 2407 1189; x_wconf 89' lang='lat' dir='ltr'><strong>esset,</strong></span> <span class='ocrx_word' id='word_1_93' title='bbox 2463 1109 2647 1169; x_wconf 91' lang='lat' dir='ltr'><strong>libros</strong></span> <span class='ocrx_word' id='word_1_94' title='bbox 2705 1107 2765 1167; x_wconf 93' lang='lat' dir='ltr'><strong>in</strong></span> <span class='ocrx_word' id='word_1_95' title='bbox 2807 1108 3141 1168; x_wconf 89' lang='lat' dir='ltr'><strong>vniuersum</strong></span> <span class='ocrx_word' id='word_1_96' title='bbox 3181 1120 3432 1186; x_wconf 88' lang='lat' dir='ltr'><strong>quatuor</strong></span> 
     </span>
     <span class='ocr_line' id='line_1_10' title="bbox 537 1184 3428 1269; baseline 0.001 -23"><span class='ocrx_word' id='word_1_97' title='bbox 537 1184 681 1246; x_wconf 88' lang='lat' dir='ltr'><strong>mihi</strong></span> <span class='ocrx_word' id='word_1_98' title='bbox 718 1185 1059 1264; x_wconf 83' lang='lat' dir='ltr'><strong>comparaui</strong></span> <span class='ocrx_word' id='word_1_99' title='bbox 1098 1188 1321 1266; x_wconf 88' lang='lat' dir='ltr'><strong>(plures</strong></span> <span class='ocrx_word' id='word_1_100' title='bbox 1360 1187 1518 1248; x_wconf 87' lang='lat' dir='ltr'><strong>enim</strong></span> <span class='ocrx_word' id='word_1_101' title='bbox 1555 1198 1683 1248; x_wconf 90' lang='lat' dir='ltr'><strong>tum</strong></span> <span class='ocrx_word' id='word_1_102' title='bbox 1721 1207 1847 1250; x_wconf 89' lang='lat' dir='ltr'><strong>non</strong></span> <span class='ocrx_word' id='word_1_103' title='bbox 1884 1199 2181 1269; x_wconf 90' lang='lat' dir='ltr'><strong>poteram,</strong></span> <span class='ocrx_word' id='word_1_104' title='bbox 2215 1187 2532 1268; x_wconf 74' lang='lat' dir='ltr'><strong>impeditus</strong></span> <span class='ocrx_word' id='word_1_105' title='bbox 2570 1186 2921 1266; x_wconf 89' lang='lat' dir='ltr'><strong>pecuniolae</strong></span> <span class='ocrx_word' id='word_1_106' title='bbox 2951 1205 3120 1248; x_wconf 90' lang='lat' dir='ltr'><strong>meae</strong></span> <span class='ocrx_word' id='word_1_107' title='bbox 3140 1189 3428 1266; x_wconf 86' lang='lat' dir='ltr'><strong>angustia)</strong></span> 
     </span>
     <span class='ocr_line' id='line_1_11' title="bbox 536 1264 3428 1349; baseline 0.001 -23"><span class='ocrx_word' id='word_1_108' title='bbox 536 1267 614 1326; x_wconf 92' lang='lat' dir='ltr'><strong>de</strong></span> <span class='ocrx_word' id='word_1_109' title='bbox 672 1264 799 1327; x_wconf 88' lang='lat' dir='ltr'><strong>aliis</strong></span> <span class='ocrx_word' id='word_1_110' title='bbox 850 1264 1117 1327; x_wconf 86' lang='lat' dir='ltr'><strong>emendis</strong></span> <span class='ocrx_word' id='word_1_111' title='bbox 1166 1266 1404 1345; x_wconf 89' lang='lat' dir='ltr'><strong>insuper</strong></span> <span class='ocrx_word' id='word_1_112' title='bbox 1450 1277 1577 1328; x_wconf 88' lang='lat' dir='ltr'><strong>tum</strong></span> <span class='ocrx_word' id='word_1_113' title='bbox 1622 1268 1864 1330; x_wconf 89' lang='lat' dir='ltr'><strong>demum</strong></span> <span class='ocrx_word' id='word_1_114' title='bbox 1904 1271 2110 1349; x_wconf 87' lang='lat' dir='ltr'><strong>statui,</strong></span> <span class='ocrx_word' id='word_1_115' title='bbox 2149 1282 2333 1348; x_wconf 87' lang='lat' dir='ltr'><strong>quum</strong></span> <span class='ocrx_word' id='word_1_116' title='bbox 2370 1285 2666 1348; x_wconf 85' lang='lat' dir='ltr'><strong>regressus</strong></span> <span class='ocrx_word' id='word_1_117' title='bbox 2706 1267 2951 1328; x_wconf 89' lang='lat' dir='ltr'><strong>domum</strong></span> <span class='ocrx_word' id='word_1_118' title='bbox 2989 1267 3222 1328; x_wconf 88' lang='lat' dir='ltr'><strong>Lutetia</strong></span> <span class='ocrx_word' id='word_1_119' title='bbox 3258 1279 3428 1345; x_wconf 78' lang='lat' dir='ltr'><strong>pater</strong></span> 
     </span>
     <span class='ocr_line' id='line_1_12' title="bbox 536 1345 3428 1426; baseline 0.001 -21"><span class='ocrx_word' id='word_1_120' title='bbox 536 1345 749 1406; x_wconf 84' lang='lat' dir='ltr'><strong>iustam</strong></span> <span class='ocrx_word' id='word_1_121' title='bbox 797 1345 1110 1424; x_wconf 90' lang='lat' dir='ltr'><strong>pecuniam</strong></span> <span class='ocrx_word' id='word_1_122' title='bbox 1168 1347 1248 1408; x_wconf 89' lang='lat' dir='ltr'><strong>ad</strong></span> <span class='ocrx_word' id='word_1_123' title='bbox 1308 1367 1405 1408; x_wconf 91' lang='lat' dir='ltr'><strong>me</strong></span> <span class='ocrx_word' id='word_1_124' title='bbox 1454 1347 1885 1411; x_wconf 84' lang='lat' dir='ltr'><strong>transmisisset.</strong></span> <span class='ocrx_word' id='word_1_125' title='bbox 1944 1352 2093 1411; x_wconf 93' lang='lat' dir='ltr'><strong>Hoc</strong></span> <span class='ocrx_word' id='word_1_126' title='bbox 2147 1359 2346 1411; x_wconf 89' lang='lat' dir='ltr'><strong>autem</strong></span> <span class='ocrx_word' id='word_1_127' title='bbox 2385 1351 2547 1410; x_wconf 89' lang='lat' dir='ltr'><strong>Deus</strong></span> <span class='ocrx_word' id='word_1_128' title='bbox 2587 1347 2684 1409; x_wconf 91' lang='lat' dir='ltr'><strong>ille</strong></span> <span class='ocrx_word' id='word_1_129' title='bbox 2723 1356 2849 1426; x_wconf 91' lang='lat' dir='ltr'><strong>opt.</strong></span> <span class='ocrx_word' id='word_1_130' title='bbox 2889 1367 3043 1408; x_wconf 85' lang='lat' dir='ltr'><strong>max.</strong></span> <span class='ocrx_word' id='word_1_131' title='bbox 3085 1349 3141 1407; x_wconf 73' lang='grc' dir='ltr'><strong>δι</strong></span> <span class='ocrx_word' id='word_1_132' title='bbox 3201 1348 3428 1426; x_wconf 88' lang='lat' dir='ltr'><strong>sapien-</strong></span> 
     </span>
     <span class='ocr_line' id='line_1_13' title="bbox 536 1423 3430 1508; baseline 0.001 -22"><span class='ocrx_word' id='word_1_133' title='bbox 536 1423 791 1487; x_wconf 90' lang='lat' dir='ltr'><strong>tissimus</strong></span> <span class='ocrx_word' id='word_1_134' title='bbox 842 1436 1010 1504; x_wconf 89' lang='lat' dir='ltr'><strong>pater</strong></span> <span class='ocrx_word' id='word_1_135' title='bbox 1058 1427 1138 1488; x_wconf 90' lang='lat' dir='ltr'><strong>ad</strong></span> <span class='ocrx_word' id='word_1_136' title='bbox 1196 1444 1393 1488; x_wconf 90' lang='lat' dir='ltr'><strong>meum</strong></span> <span class='ocrx_word' id='word_1_137' title='bbox 1462 1428 1850 1490; x_wconf 89' lang='lat' dir='ltr'><strong>commodum</strong></span> <span class='ocrx_word' id='word_1_138' title='bbox 1924 1428 2299 1492; x_wconf 84' lang='lat' dir='ltr'><strong>ordinauerat</strong></span> <span class='ocrx_word' id='word_1_139' title='bbox 2357 1427 2729 1508; x_wconf 88' lang='lat' dir='ltr'><strong>prouidentia</strong></span> <span class='ocrx_word' id='word_1_140' title='bbox 2779 1427 3004 1488; x_wconf 90' lang='lat' dir='ltr'><strong>infinita</strong></span> <span class='ocrx_word' id='word_1_141' title='bbox 3051 1444 3185 1489; x_wconf 87' lang='lat' dir='ltr'><strong>sua:</strong></span> <span class='ocrx_word' id='word_1_142' title='bbox 3228 1429 3330 1505; x_wconf 89' lang='lat' dir='ltr'><strong>qui</strong></span> <span class='ocrx_word' id='word_1_143' title='bbox 3367 1427 3430 1488; x_wconf 91' lang='lat' dir='ltr'><strong>in</strong></span> 
     </span>
     <span class='ocr_line' id='line_1_14' title="bbox 538 1505 3427 1588; baseline 0 -21"><span class='ocrx_word' id='word_1_144' title='bbox 538 1505 828 1567; x_wconf 87' lang='lat' dir='ltr'><strong>librorum</strong></span> <span class='ocrx_word' id='word_1_145' title='bbox 894 1505 1068 1583; x_wconf 89' lang='lat' dir='ltr'><strong>copia</strong></span> <span class='ocrx_word' id='word_1_146' title='bbox 1133 1506 1372 1568; x_wconf 89' lang='lat' dir='ltr'><strong>fuissem</strong></span> <span class='ocrx_word' id='word_1_147' title='bbox 1440 1518 1789 1586; x_wconf 86' lang='lat' dir='ltr'><strong>euagaturus</strong></span> <span class='ocrx_word' id='word_1_148' title='bbox 1858 1510 2225 1588; x_wconf 76' lang='lat' dir='ltr'><strong>promiscue,</strong></span> <span class='ocrx_word' id='word_1_149' title='bbox 2293 1509 2355 1570; x_wconf 91' lang='lat' dir='ltr'><strong>in</strong></span> <span class='ocrx_word' id='word_1_150' title='bbox 2424 1508 2600 1586; x_wconf 86' lang='lat' dir='ltr'><strong>eopia</strong></span> <span class='ocrx_word' id='word_1_151' title='bbox 2657 1517 2853 1568; x_wconf 84' lang='lat' dir='ltr'><strong>autem</strong></span> <span class='ocrx_word' id='word_1_152' title='bbox 2911 1507 3195 1585; x_wconf 85' lang='lat' dir='ltr'><strong>pecuniae</strong></span> <span class='ocrx_word' id='word_1_153' title='bbox 3253 1507 3427 1568; x_wconf 89' lang='lat' dir='ltr'><strong>etiam</strong></span> 
     </span>
     <span class='ocr_line' id='line_1_15' title="bbox 531 1584 3434 1667; baseline 0 -21"><span class='ocrx_word' id='word_1_154' title='bbox 531 1584 820 1646; x_wconf 82' lang='lat' dir='ltr'><strong>h&#39;brorum</strong></span> <span class='ocrx_word' id='word_1_155' title='bbox 858 1585 1093 1663; x_wconf 87' lang='lat' dir='ltr'><strong>copiam</strong></span> <span class='ocrx_word' id='word_1_156' title='bbox 1132 1586 1257 1648; x_wconf 90' lang='lat' dir='ltr'><strong>sine</strong></span> <span class='ocrx_word' id='word_1_157' title='bbox 1295 1585 1515 1649; x_wconf 89' lang='lat' dir='ltr'><strong>iudicio</strong></span> <span class='ocrx_word' id='word_1_158' title='bbox 1549 1598 1713 1650; x_wconf 87' lang='lat' dir='ltr'><strong>certo</strong></span> <span class='ocrx_word' id='word_1_159' title='bbox 1752 1607 2190 1667; x_wconf 89' lang='lat' dir='ltr'><strong>procurassem:</strong></span> <span class='ocrx_word' id='word_1_160' title='bbox 2232 1588 2372 1650; x_wconf 87' lang='lat' dir='ltr'><strong>fecit</strong></span> <span class='ocrx_word' id='word_1_161' title='bbox 2406 1599 2604 1650; x_wconf 86' lang='lat' dir='ltr'><strong>autem</strong></span> <span class='ocrx_word' id='word_1_162' title='bbox 2643 1587 2925 1666; x_wconf 87' lang='lat' dir='ltr'><strong>pecuniae</strong></span> <span class='ocrx_word' id='word_1_163' title='bbox 2962 1586 3192 1666; x_wconf 87' lang='lat' dir='ltr'><strong>inopia,</strong></span> <span class='ocrx_word' id='word_1_164' title='bbox 3227 1597 3291 1647; x_wconf 89' lang='lat' dir='ltr'><strong>vt</strong></span> <span class='ocrx_word' id='word_1_165' title='bbox 3320 1587 3434 1648; x_wconf 91' lang='lat' dir='ltr'><strong>illis</strong></span> 
     </span>
     <span class='ocr_line' id='line_1_16' title="bbox 536 1664 3430 1750; baseline 0.001 -24"><span class='ocrx_word' id='word_1_166' title='bbox 536 1667 730 1726; x_wconf 89' lang='lat' dir='ltr'><strong>solum</strong></span> <span class='ocrx_word' id='word_1_167' title='bbox 788 1674 1042 1742; x_wconf 89' lang='lat' dir='ltr'><strong>quatuor</strong></span> <span class='ocrx_word' id='word_1_168' title='bbox 1078 1664 1271 1745; x_wconf 88' lang='lat' dir='ltr'><strong>libris,</strong></span> <span class='ocrx_word' id='word_1_169' title='bbox 1331 1685 1405 1728; x_wconf 92' lang='lat' dir='ltr'><strong>ac</strong></span> <span class='ocrx_word' id='word_1_170' title='bbox 1440 1685 1565 1728; x_wconf 92' lang='lat' dir='ltr'><strong>non</strong></span> <span class='ocrx_word' id='word_1_171' title='bbox 1603 1669 1721 1729; x_wconf 90' lang='lat' dir='ltr'><strong>alio</strong></span> <span class='ocrx_word' id='word_1_172' title='bbox 1761 1670 1883 1730; x_wconf 87' lang='lat' dir='ltr'><strong>vllo</strong></span> <span class='ocrx_word' id='word_1_173' title='bbox 1898 1715 1917 1750; x_wconf 87' lang='lat'><strong>,</strong></span> <span class='ocrx_word' id='word_1_174' title='bbox 1979 1670 2227 1748; x_wconf 89' lang='lat' dir='ltr'><strong>amplius</strong></span> <span class='ocrx_word' id='word_1_175' title='bbox 2265 1686 2489 1731; x_wconf 89' lang='lat' dir='ltr'><strong>annum</strong></span> <span class='ocrx_word' id='word_1_176' title='bbox 2527 1678 2718 1730; x_wconf 88' lang='lat' dir='ltr'><strong>vterer</strong></span> <span class='ocrx_word' id='word_1_177' title='bbox 2755 1666 3211 1746; x_wconf 79' lang='lat' dir='ltr'><strong>diligentissime.</strong></span> <span class='ocrx_word' id='word_1_178' title='bbox 3272 1670 3430 1728; x_wconf 89' lang='lat' dir='ltr'><strong>Tum</strong></span> 
     </span>
     <span class='ocr_line' id='line_1_17' title="bbox 538 1745 3433 1829; baseline 0.001 -25"><span class='ocrx_word' id='word_1_179' title='bbox 538 1754 843 1806; x_wconf 88' lang='lat' dir='ltr'><strong>momento</strong></span> <span class='ocrx_word' id='word_1_180' title='bbox 884 1763 1004 1804; x_wconf 85' lang='lat' dir='ltr'><strong>vno</strong></span> <span class='ocrx_word' id='word_1_181' title='bbox 1040 1745 1239 1806; x_wconf 89' lang='lat' dir='ltr'><strong>bellici</strong></span> <span class='ocrx_word' id='word_1_182' title='bbox 1274 1748 1499 1808; x_wconf 77' lang='lat' dir='ltr'><strong>furores</strong></span> <span class='ocrx_word' id='word_1_183' title='bbox 1539 1747 1733 1809; x_wconf 88' lang='lat' dir='ltr'><strong>Gallia</strong></span> <span class='ocrx_word' id='word_1_184' title='bbox 1770 1758 1897 1810; x_wconf 90' lang='lat' dir='ltr'><strong>tota</strong></span> <span class='ocrx_word' id='word_1_185' title='bbox 1926 1749 2280 1829; x_wconf 85' lang='lat' dir='ltr'><strong>inarserunt,</strong></span> <span class='ocrx_word' id='word_1_186' title='bbox 2322 1758 2646 1826; x_wconf 86' lang='lat' dir='ltr'><strong>occupatae</strong></span> <span class='ocrx_word' id='word_1_187' title='bbox 2675 1749 2883 1821; x_wconf 77' lang='lat' dir='ltr'><strong>vrbes,</strong></span> <span class='ocrx_word' id='word_1_188' title='bbox 2923 1748 3166 1808; x_wconf 88' lang='lat' dir='ltr'><strong>obsessa</strong></span> <span class='ocrx_word' id='word_1_189' title='bbox 3195 1746 3433 1824; x_wconf 85' lang='lat' dir='ltr'><strong>itinera,</strong></span> 
     </span>
     <span class='ocr_line' id='line_1_18' title="bbox 536 1823 3434 1908; baseline 0.001 -24"><span class='ocrx_word' id='word_1_190' title='bbox 536 1825 737 1902; x_wconf 84' lang='lat' dir='ltr'><strong>nuncij</strong></span> <span class='ocrx_word' id='word_1_191' title='bbox 776 1823 1085 1903; x_wconf 88' lang='lat' dir='ltr'><strong>intercepti</strong></span> <span class='ocrx_word' id='word_1_192' title='bbox 1099 1872 1117 1904; x_wconf 93' lang='lat'><strong>,</strong></span> <span class='ocrx_word' id='word_1_193' title='bbox 1172 1836 1437 1904; x_wconf 88' lang='lat' dir='ltr'><strong>patratae</strong></span> <span class='ocrx_word' id='word_1_194' title='bbox 1478 1829 1692 1889; x_wconf 90' lang='lat' dir='ltr'><strong>caedes</strong></span> <span class='ocrx_word' id='word_1_195' title='bbox 1706 1875 1722 1906; x_wconf 93' lang='lat'><strong>,</strong></span> <span class='ocrx_word' id='word_1_196' title='bbox 1780 1829 1993 1890; x_wconf 87' lang='lat' dir='ltr'><strong>vastati</strong></span> <span class='ocrx_word' id='word_1_197' title='bbox 2029 1829 2183 1908; x_wconf 88' lang='lat' dir='ltr'><strong>agri,</strong></span> <span class='ocrx_word' id='word_1_198' title='bbox 2243 1839 2546 1890; x_wconf 88' lang='lat' dir='ltr'><strong>cruentata</strong></span> <span class='ocrx_word' id='word_1_199' title='bbox 2585 1827 2800 1889; x_wconf 89' lang='lat' dir='ltr'><strong>omnia.</strong></span> <span class='ocrx_word' id='word_1_200' title='bbox 2843 1828 3248 1903; x_wconf 85' lang='lat' dir='ltr'><strong>Quamobrem</strong></span> <span class='ocrx_word' id='word_1_201' title='bbox 3289 1826 3434 1888; x_wconf 89' lang='lat' dir='ltr'><strong>noui</strong></span> 
     </span>
     <span class='ocr_line' id='line_1_19' title="bbox 538 1904 3437 1987; baseline 0.001 -23"><span class='ocrx_word' id='word_1_202' title='bbox 538 1904 781 1983; x_wconf 89' lang='lat' dir='ltr'><strong>quidem</strong></span> <span class='ocrx_word' id='word_1_203' title='bbox 820 1922 1088 1967; x_wconf 88' lang='lat' dir='ltr'><strong>rumores</strong></span> <span class='ocrx_word' id='word_1_204' title='bbox 1128 1907 1437 1967; x_wconf 87' lang='lat' dir='ltr'><strong>Geneuam</strong></span> <span class='ocrx_word' id='word_1_205' title='bbox 1476 1907 1741 1985; x_wconf 90' lang='lat' dir='ltr'><strong>quotidie</strong></span> <span class='ocrx_word' id='word_1_206' title='bbox 1780 1909 2194 1972; x_wconf 86' lang='lat' dir='ltr'><strong>adferebantur</strong></span> <span class='ocrx_word' id='word_1_207' title='bbox 2208 1955 2224 1982; x_wconf 87' lang='lat'><strong>,</strong></span> <span class='ocrx_word' id='word_1_208' title='bbox 2265 1909 2371 1970; x_wconf 91' lang='lat' dir='ltr'><strong>sed</strong></span> <span class='ocrx_word' id='word_1_209' title='bbox 2408 1907 2743 1987; x_wconf 88' lang='lat' dir='ltr'><strong>paucissimi</strong></span> <span class='ocrx_word' id='word_1_210' title='bbox 2783 1927 2857 1968; x_wconf 83' lang='lat' dir='ltr'><strong>ex</strong></span> <span class='ocrx_word' id='word_1_211' title='bbox 2886 1906 2970 1968; x_wconf 89' lang='lat' dir='ltr'><strong>eis</strong></span> <span class='ocrx_word' id='word_1_212' title='bbox 2989 1907 3136 1969; x_wconf 86' lang='lat' dir='ltr'><strong>certi</strong></span> <span class='ocrx_word' id='word_1_213' title='bbox 3151 1954 3167 1987; x_wconf 90' lang='lat'><strong>,</strong></span> <span class='ocrx_word' id='word_1_214' title='bbox 3187 1906 3437 1986; x_wconf 90' lang='lat' dir='ltr'><strong>pecunia</strong></span> 
     </span>
     <span class='ocr_line' id='line_1_20' title="bbox 536 1986 3436 2068; baseline 0 -22"><span class='ocrx_word' id='word_1_215' title='bbox 536 1986 712 2062; x_wconf 77' lang='lat' dir='ltr'><strong>plane</strong></span> <span class='ocrx_word' id='word_1_216' title='bbox 770 1986 957 2045; x_wconf 87' lang='lat' dir='ltr'><strong>nulla:</strong></span> <span class='ocrx_word' id='word_1_217' title='bbox 1018 2003 1091 2045; x_wconf 91' lang='lat' dir='ltr'><strong>ac</strong></span> <span class='ocrx_word' id='word_1_218' title='bbox 1148 2005 1227 2046; x_wconf 90' lang='lat' dir='ltr'><strong>ne</strong></span> <span class='ocrx_word' id='word_1_219' title='bbox 1285 1987 1565 2048; x_wconf 86' lang='lat' dir='ltr'><strong>mandata</strong></span> <span class='ocrx_word' id='word_1_220' title='bbox 1623 1988 1866 2066; x_wconf 90' lang='lat' dir='ltr'><strong>quidem</strong></span> <span class='ocrx_word' id='word_1_221' title='bbox 1902 1994 1939 2049; x_wconf 77' lang='lat' dir='ltr'><strong>a</strong></span> <span class='ocrx_word' id='word_1_222' title='bbox 1977 1990 2318 2068; x_wconf 87' lang='lat' dir='ltr'><strong>parentibus</strong></span> <span class='ocrx_word' id='word_1_223' title='bbox 2357 2000 2458 2050; x_wconf 84' lang='lat' dir='ltr'><strong>aut</strong></span> <span class='ocrx_word' id='word_1_224' title='bbox 2494 1987 2698 2049; x_wconf 84' lang='lat' dir='ltr'><strong>amicis</strong></span> <span class='ocrx_word' id='word_1_225' title='bbox 2736 1988 2852 2047; x_wconf 90' lang='lat' dir='ltr'><strong>vlla</strong></span> <span class='ocrx_word' id='word_1_226' title='bbox 2867 2032 2884 2064; x_wconf 94' lang='lat'><strong>,</strong></span> <span class='ocrx_word' id='word_1_227' title='bbox 2934 1986 3148 2064; x_wconf 86' lang='lat' dir='ltr'><strong>quibus</strong></span> <span class='ocrx_word' id='word_1_228' title='bbox 3185 1987 3436 2065; x_wconf 90' lang='lat' dir='ltr'><strong>pecunia</strong></span> 
     </span>
     <span class='ocr_line' id='line_1_21' title="bbox 538 2063 3435 2146; baseline 0.001 -22"><span class='ocrx_word' id='word_1_229' title='bbox 538 2063 687 2125; x_wconf 89' lang='lat' dir='ltr'><strong>mihi</strong></span> <span class='ocrx_word' id='word_1_230' title='bbox 723 2075 1042 2126; x_wconf 77' lang='lat' dir='ltr'><strong>ctuaretur.</strong></span> <span class='ocrx_word' id='word_1_231' title='bbox 1082 2067 1223 2126; x_wconf 91' lang='lat' dir='ltr'><strong>Hoc</strong></span> <span class='ocrx_word' id='word_1_232' title='bbox 1262 2077 1441 2145; x_wconf 91' lang='lat' dir='ltr'><strong>pacto</strong></span> <span class='ocrx_word' id='word_1_233' title='bbox 1480 2086 1577 2128; x_wconf 90' lang='lat' dir='ltr'><strong>me</strong></span> <span class='ocrx_word' id='word_1_234' title='bbox 1616 2067 1695 2128; x_wconf 87' lang='lat' dir='ltr'><strong>ad</strong></span> <span class='ocrx_word' id='word_1_235' title='bbox 1732 2066 2028 2132; x_wconf 81' lang='lat' dir='ltr'><strong>sinistram</strong></span> <span class='ocrx_word' id='word_1_236' title='bbox 2064 2068 2311 2131; x_wconf 90' lang='lat' dir='ltr'><strong>tentatio</strong></span> <span class='ocrx_word' id='word_1_237' title='bbox 2351 2067 2651 2146; x_wconf 89' lang='lat' dir='ltr'><strong>pergrauis</strong></span> <span class='ocrx_word' id='word_1_238' title='bbox 2666 2113 2683 2144; x_wconf 94' lang='lat'><strong>,</strong></span> <span class='ocrx_word' id='word_1_239' title='bbox 2724 2085 2936 2145; x_wconf 84' lang='lat' dir='ltr'><strong>vrgens</strong></span> <span class='ocrx_word' id='word_1_240' title='bbox 2977 2067 3136 2128; x_wconf 89' lang='lat' dir='ltr'><strong>duris</strong></span> <span class='ocrx_word' id='word_1_241' title='bbox 3175 2067 3236 2126; x_wconf 91' lang='lat' dir='ltr'><strong>in</strong></span> <span class='ocrx_word' id='word_1_242' title='bbox 3257 2069 3435 2128; x_wconf 87' lang='lat' dir='ltr'><strong>rebus</strong></span> 
     </span>
     <span class='ocr_line' id='line_1_22' title="bbox 537 2145 3435 2225; baseline 0 -20"><span class='ocrx_word' id='word_1_243' title='bbox 537 2153 791 2224; x_wconf 83' lang='lat' dir='ltr'><strong>egestas,</strong></span> <span class='ocrx_word' id='word_1_244' title='bbox 829 2163 1103 2224; x_wconf 85' lang='lat' dir='ltr'><strong>aggressa</strong></span> <span class='ocrx_word' id='word_1_245' title='bbox 1142 2155 1257 2216; x_wconf 74' lang='lat' dir='ltr'><strong>est,</strong></span> <span class='ocrx_word' id='word_1_246' title='bbox 1296 2157 1613 2225; x_wconf 87' lang='lat' dir='ltr'><strong>postquam</strong></span> <span class='ocrx_word' id='word_1_247' title='bbox 1653 2149 2025 2211; x_wconf 79' lang='lat' dir='ltr'><strong>dextrorsum</strong></span> <span class='ocrx_word' id='word_1_248' title='bbox 2065 2161 2186 2211; x_wconf 89' lang='lat' dir='ltr'><strong>tam</strong></span> <span class='ocrx_word' id='word_1_249' title='bbox 2215 2148 2410 2211; x_wconf 84' lang='lat' dir='ltr'><strong>variae</strong></span> <span class='ocrx_word' id='word_1_250' title='bbox 2428 2147 2780 2209; x_wconf 85' lang='lat' dir='ltr'><strong>tentationes</strong></span> <span class='ocrx_word' id='word_1_251' title='bbox 2795 2191 2814 2224; x_wconf 93' lang='lat'><strong>,</strong></span> <span class='ocrx_word' id='word_1_252' title='bbox 2851 2163 2996 2224; x_wconf 87' lang='lat' dir='ltr'><strong>quas</strong></span> <span class='ocrx_word' id='word_1_253' title='bbox 3014 2151 3151 2207; x_wconf 80' lang='lat' dir='ltr'><strong>ante</strong></span> <span class='ocrx_word' id='word_1_254' title='bbox 3171 2145 3435 2225; x_wconf 81' lang='lat' dir='ltr'><strong>exposui,</strong></span> 
     </span>
     <span class='ocr_line' id='line_1_23' title="bbox 538 2224 3433 2308; baseline 0.001 -24"><span class='ocrx_word' id='word_1_255' title='bbox 538 2224 855 2285; x_wconf 88' lang='lat' dir='ltr'><strong>irruissent.</strong></span> <span class='ocrx_word' id='word_1_256' title='bbox 897 2227 1078 2286; x_wconf 90' lang='lat' dir='ltr'><strong>Hanc</strong></span> <span class='ocrx_word' id='word_1_257' title='bbox 1116 2236 1438 2304; x_wconf 87' lang='lat' dir='ltr'><strong>egestatem</strong></span> <span class='ocrx_word' id='word_1_258' title='bbox 1474 2246 1670 2288; x_wconf 89' lang='lat' dir='ltr'><strong>meam</strong></span> <span class='ocrx_word' id='word_1_259' title='bbox 1710 2231 1827 2290; x_wconf 89' lang='lat' dir='ltr'><strong>duo</strong></span> <span class='ocrx_word' id='word_1_260' title='bbox 1868 2229 2228 2308; x_wconf 85' lang='lat' dir='ltr'><strong>imprudenti</strong></span> <span class='ocrx_word' id='word_1_261' title='bbox 2255 2239 2539 2289; x_wconf 84' lang='lat' dir='ltr'><strong>auxerunt</strong></span> <span class='ocrx_word' id='word_1_262' title='bbox 2559 2226 2974 2288; x_wconf 89' lang='lat' dir='ltr'><strong>incommoda:</strong></span> <span class='ocrx_word' id='word_1_263' title='bbox 3017 2244 3226 2306; x_wconf 85' lang='lat' dir='ltr'><strong>vnum,</strong></span> <span class='ocrx_word' id='word_1_264' title='bbox 3266 2228 3433 2304; x_wconf 81' lang='lat' dir='ltr'><strong>quod</strong></span> 
     </span>
     <span class='ocr_line' id='line_1_24' title="bbox 522 2303 3436 2388; baseline 0.001 -24"><span class='ocrx_word' id='word_1_265' title='bbox 522 2303 948 2382; x_wconf 69' lang='lat' dir='ltr'><strong>,intempestiue</strong></span> <span class='ocrx_word' id='word_1_266' title='bbox 984 2303 1089 2365; x_wconf 88' lang='lat' dir='ltr'><strong>illo</strong></span> <span class='ocrx_word' id='word_1_267' title='bbox 1128 2315 1250 2366; x_wconf 91' lang='lat' dir='ltr'><strong>tam</strong></span> <span class='ocrx_word' id='word_1_268' title='bbox 1290 2307 1637 2369; x_wconf 88' lang='lat' dir='ltr'><strong>calamitoso</strong></span> <span class='ocrx_word' id='word_1_269' title='bbox 1677 2308 2026 2388; x_wconf 84' lang='lat' dir='ltr'><strong>funestoque</strong></span> <span class='ocrx_word' id='word_1_270' title='bbox 2067 2321 2338 2388; x_wconf 90' lang='lat' dir='ltr'><strong>tempore</strong></span> <span class='ocrx_word' id='word_1_271' title='bbox 2378 2310 2454 2369; x_wconf 92' lang='lat' dir='ltr'><strong>ab</strong></span> <span class='ocrx_word' id='word_1_272' title='bbox 2493 2305 2756 2368; x_wconf 88' lang='lat' dir='ltr'><strong>honestis</strong></span> <span class='ocrx_word' id='word_1_273' title='bbox 2796 2305 3270 2367; x_wconf 89' lang='lat' dir='ltr'><strong>adolescentibus</strong></span> <span class='ocrx_word' id='word_1_274' title='bbox 3311 2305 3436 2381; x_wconf 85' lang='lat' dir='ltr'><strong>alijs</strong></span> 
     </span>
     <span class='ocr_line' id='line_1_25' title="bbox 540 2383 3433 2469; baseline 0.001 -24"><span class='ocrx_word' id='word_1_275' title='bbox 540 2383 891 2463; x_wconf 88' lang='lat' dir='ltr'><strong>quibuscum</strong></span> <span class='ocrx_word' id='word_1_276' title='bbox 947 2386 1253 2465; x_wconf 88' lang='lat' dir='ltr'><strong>versabar,</strong></span> <span class='ocrx_word' id='word_1_277' title='bbox 1308 2389 1634 2466; x_wconf 89' lang='lat' dir='ltr'><strong>appellatus</strong></span> <span class='ocrx_word' id='word_1_278' title='bbox 1686 2399 1863 2467; x_wconf 84' lang='lat' dir='ltr'><strong>atque</strong></span> <span class='ocrx_word' id='word_1_279' title='bbox 1910 2390 2201 2453; x_wconf 89' lang='lat' dir='ltr'><strong>adductus</strong></span> <span class='ocrx_word' id='word_1_280' title='bbox 2240 2405 2399 2469; x_wconf 86' lang='lat' dir='ltr'><strong>sum,</strong></span> <span class='ocrx_word' id='word_1_281' title='bbox 2439 2397 2503 2448; x_wconf 90' lang='lat' dir='ltr'><strong>vt</strong></span> <span class='ocrx_word' id='word_1_282' title='bbox 2539 2385 2843 2447; x_wconf 89' lang='lat' dir='ltr'><strong>Heluetici</strong></span> <span class='ocrx_word' id='word_1_283' title='bbox 2881 2394 3100 2447; x_wconf 87' lang='lat' dir='ltr'><strong>tractus</strong></span> <span class='ocrx_word' id='word_1_284' title='bbox 3140 2384 3433 2447; x_wconf 88' lang='lat' dir='ltr'><strong>inuisendi</strong></span> 
     </span>
     <span class='ocr_line' id='line_1_26' title="bbox 535 2464 3432 2550; baseline 0 -25"><span class='ocrx_word' id='word_1_285' title='bbox 535 2482 711 2527; x_wconf 87' lang='lat' dir='ltr'><strong>causa</strong></span> <span class='ocrx_word' id='word_1_286' title='bbox 748 2484 846 2527; x_wconf 89' lang='lat' dir='ltr'><strong>me</strong></span> <span class='ocrx_word' id='word_1_287' title='bbox 886 2464 1000 2526; x_wconf 92' lang='lat' dir='ltr'><strong>sibi</strong></span> <span class='ocrx_word' id='word_1_288' title='bbox 1040 2465 1321 2527; x_wconf 90' lang='lat' dir='ltr'><strong>comitem</strong></span> <span class='ocrx_word' id='word_1_289' title='bbox 1361 2467 1771 2550; x_wconf 88' lang='lat' dir='ltr'><strong>adiungerem,</strong></span> <span class='ocrx_word' id='word_1_290' title='bbox 1812 2486 1996 2547; x_wconf 91' lang='lat' dir='ltr'><strong>quum</strong></span> <span class='ocrx_word' id='word_1_291' title='bbox 2035 2471 2153 2531; x_wconf 88' lang='lat' dir='ltr'><strong>iam</strong></span> <span class='ocrx_word' id='word_1_292' title='bbox 2191 2473 2342 2549; x_wconf 78' lang='lat' dir='ltr'><strong>pene</strong></span> <span class='ocrx_word' id='word_1_293' title='bbox 2362 2470 2674 2531; x_wconf 83' lang='lat' dir='ltr'><strong>exhaustus</strong></span> <span class='ocrx_word' id='word_1_294' title='bbox 2693 2484 2908 2527; x_wconf 90' lang='lat' dir='ltr'><strong>essem:</strong></span> <span class='ocrx_word' id='word_1_295' title='bbox 2949 2468 3196 2527; x_wconf 90' lang='lat' dir='ltr'><strong>alterum</strong></span> <span class='ocrx_word' id='word_1_296' title='bbox 3210 2513 3227 2543; x_wconf 83' lang='lat'><strong>,</strong></span> <span class='ocrx_word' id='word_1_297' title='bbox 3267 2467 3432 2543; x_wconf 81' lang='lat' dir='ltr'><strong>quod</strong></span> 
     </span>
     <span class='ocr_line' id='line_1_27' title="bbox 536 2544 3431 2625; baseline 0 -20"><span class='ocrx_word' id='word_1_298' title='bbox 536 2563 647 2622; x_wconf 87' lang='lat' dir='ltr'><strong>pro</strong></span> <span class='ocrx_word' id='word_1_299' title='bbox 705 2564 777 2606; x_wconf 88' lang='lat' dir='ltr'><strong>ea</strong></span> <span class='ocrx_word' id='word_1_300' title='bbox 837 2544 1095 2607; x_wconf 88' lang='lat' dir='ltr'><strong>amicitia</strong></span> <span class='ocrx_word' id='word_1_301' title='bbox 1131 2564 1281 2625; x_wconf 89' lang='lat' dir='ltr'><strong>quae</strong></span> <span class='ocrx_word' id='word_1_302' title='bbox 1322 2546 1467 2608; x_wconf 90' lang='lat' dir='ltr'><strong>mihi</strong></span> <span class='ocrx_word' id='word_1_303' title='bbox 1503 2550 1757 2610; x_wconf 85' lang='lat' dir='ltr'><strong>fraterna</strong></span> <span class='ocrx_word' id='word_1_304' title='bbox 1795 2550 2200 2611; x_wconf 87' lang='lat' dir='ltr'><strong>intercedebat</strong></span> <span class='ocrx_word' id='word_1_305' title='bbox 2239 2568 2378 2610; x_wconf 91' lang='lat' dir='ltr'><strong>cum</strong></span> <span class='ocrx_word' id='word_1_306' title='bbox 2418 2546 2772 2625; x_wconf 89' lang='lat' dir='ltr'><strong>Delphinate</strong></span> <span class='ocrx_word' id='word_1_307' title='bbox 2806 2546 3068 2623; x_wconf 89' lang='lat' dir='ltr'><strong>quodam</strong></span> <span class='ocrx_word' id='word_1_308' title='bbox 3085 2592 3101 2625; x_wconf 93' lang='lat'><strong>,</strong></span> <span class='ocrx_word' id='word_1_309' title='bbox 3162 2545 3256 2606; x_wconf 92' lang='lat' dir='ltr'><strong>cui</strong></span> <span class='ocrx_word' id='word_1_310' title='bbox 3295 2549 3330 2605; x_wconf 78' lang='lat' dir='ltr'><strong>a</strong></span> <span class='ocrx_word' id='word_1_311' title='bbox 3373 2547 3431 2605; x_wconf 90' lang='lat' dir='ltr'><strong>S.</strong></span> 
     </span>
     <span class='ocr_line' id='line_1_28' title="bbox 535 2624 3431 2709; baseline 0 -24"><span class='ocrx_word' id='word_1_312' title='bbox 535 2627 815 2688; x_wconf 88' lang='lat' dir='ltr'><strong>Ferreolo</strong></span> <span class='ocrx_word' id='word_1_313' title='bbox 865 2644 1088 2687; x_wconf 91' lang='lat' dir='ltr'><strong>nomen</strong></span> <span class='ocrx_word' id='word_1_314' title='bbox 1102 2671 1123 2705; x_wconf 93' lang='lat'><strong>,</strong></span> <span class='ocrx_word' id='word_1_315' title='bbox 1162 2626 1388 2705; x_wconf 87' lang='lat' dir='ltr'><strong>optimo</strong></span> <span class='ocrx_word' id='word_1_316' title='bbox 1428 2626 1558 2689; x_wconf 84' lang='lat' dir='ltr'><strong>viro</strong></span> <span class='ocrx_word' id='word_1_317' title='bbox 1598 2630 1654 2688; x_wconf 76' lang='grc' dir='ltr'><strong>δι</strong></span> <span class='ocrx_word' id='word_1_318' title='bbox 1692 2628 1908 2709; x_wconf 89' lang='lat' dir='ltr'><strong>pietate</strong></span> <span class='ocrx_word' id='word_1_319' title='bbox 1946 2629 2425 2707; x_wconf 87' lang='lat' dir='ltr'><strong>instructissimo,</strong></span> <span class='ocrx_word' id='word_1_320' title='bbox 2463 2625 2896 2688; x_wconf 88' lang='lat' dir='ltr'><strong>communicaui</strong></span> <span class='ocrx_word' id='word_1_321' title='bbox 2935 2641 3072 2686; x_wconf 89' lang='lat' dir='ltr'><strong>cum</strong></span> <span class='ocrx_word' id='word_1_322' title='bbox 3111 2644 3184 2687; x_wconf 88' lang='lat' dir='ltr'><strong>eo</strong></span> <span class='ocrx_word' id='word_1_323' title='bbox 3224 2624 3431 2686; x_wconf 89' lang='lat' dir='ltr'><strong>libera-</strong></span> 
     </span>
     <span class='ocr_line' id='line_1_29' title="bbox 532 2704 3433 2786; baseline 0 -21"><span class='ocrx_word' id='word_1_324' title='bbox 532 2704 750 2766; x_wconf 76' lang='lat' dir='ltr'><strong>lissime</strong></span> <span class='ocrx_word' id='word_1_325' title='bbox 808 2704 1093 2783; x_wconf 90' lang='lat' dir='ltr'><strong>quicquid</strong></span> <span class='ocrx_word' id='word_1_326' title='bbox 1152 2705 1211 2767; x_wconf 90' lang='lat' dir='ltr'><strong>in</strong></span> <span class='ocrx_word' id='word_1_327' title='bbox 1270 2725 1405 2768; x_wconf 89' lang='lat' dir='ltr'><strong>aere</strong></span> <span class='ocrx_word' id='word_1_328' title='bbox 1464 2706 1598 2786; x_wconf 88' lang='lat' dir='ltr'><strong>fuit,</strong></span> <span class='ocrx_word' id='word_1_329' title='bbox 1659 2709 1853 2771; x_wconf 90' lang='lat' dir='ltr'><strong>donec</strong></span> <span class='ocrx_word' id='word_1_330' title='bbox 1914 2721 2232 2771; x_wconf 90' lang='lat' dir='ltr'><strong>coronatus</strong></span> <span class='ocrx_word' id='word_1_331' title='bbox 2292 2726 2441 2771; x_wconf 89' lang='lat' dir='ltr'><strong>vnus</strong></span> <span class='ocrx_word' id='word_1_332' title='bbox 2505 2715 2606 2768; x_wconf 91' lang='lat' dir='ltr'><strong>aut</strong></span> <span class='ocrx_word' id='word_1_333' title='bbox 2656 2707 2803 2767; x_wconf 89' lang='lat' dir='ltr'><strong>alter</strong></span> <span class='ocrx_word' id='word_1_334' title='bbox 2837 2704 3153 2767; x_wconf 88' lang='lat' dir='ltr'><strong>restitisset.</strong></span> <span class='ocrx_word' id='word_1_335' title='bbox 3208 2704 3433 2765; x_wconf 89' lang='lat' dir='ltr'><strong>Inuitus</strong></span> 
     </span>
     <span class='ocr_line' id='line_1_30' title="bbox 536 2783 3434 2869; baseline -0.001 -24"><span class='ocrx_word' id='word_1_336' title='bbox 536 2785 743 2861; x_wconf 87' lang='lat' dir='ltr'><strong>annui,</strong></span> <span class='ocrx_word' id='word_1_337' title='bbox 799 2796 859 2845; x_wconf 93' lang='lat' dir='ltr'><strong>et</strong></span> <span class='ocrx_word' id='word_1_338' title='bbox 898 2783 1332 2864; x_wconf 88' lang='lat' dir='ltr'><strong>profectionem</strong></span> <span class='ocrx_word' id='word_1_339' title='bbox 1380 2788 1761 2849; x_wconf 89' lang='lat' dir='ltr'><strong>Heluetieam</strong></span> <span class='ocrx_word' id='word_1_340' title='bbox 1801 2790 2056 2869; x_wconf 85' lang='lat' dir='ltr'><strong>suscepi:</strong></span> <span class='ocrx_word' id='word_1_341' title='bbox 2099 2791 2363 2868; x_wconf 91' lang='lat' dir='ltr'><strong>pudebat</strong></span> <span class='ocrx_word' id='word_1_342' title='bbox 2400 2804 2702 2859; x_wconf 88' lang='lat' dir='ltr'><strong>recusare,</strong></span> <span class='ocrx_word' id='word_1_343' title='bbox 2744 2784 3086 2864; x_wconf 88' lang='lat' dir='ltr'><strong>praesertim</strong></span> <span class='ocrx_word' id='word_1_344' title='bbox 3127 2801 3310 2862; x_wconf 89' lang='lat' dir='ltr'><strong>quum</strong></span> <span class='ocrx_word' id='word_1_345' title='bbox 3349 2784 3434 2844; x_wconf 91' lang='lat' dir='ltr'><strong>illi</strong></span> 
     </span>
     <span class='ocr_line' id='line_1_31' title="bbox 538 2864 3433 2949; baseline -0 -24"><span class='ocrx_word' id='word_1_346' title='bbox 538 2866 991 2927; x_wconf 83' lang='lat' dir='ltr'><strong>contubernales</strong></span> <span class='ocrx_word' id='word_1_347' title='bbox 1051 2864 1167 2927; x_wconf 91' lang='lat' dir='ltr'><strong>mei</strong></span> <span class='ocrx_word' id='word_1_348' title='bbox 1226 2886 1468 2929; x_wconf 89' lang='lat' dir='ltr'><strong>omnem</strong></span> <span class='ocrx_word' id='word_1_349' title='bbox 1526 2887 1796 2947; x_wconf 81' lang='lat' dir='ltr'><strong>operam,</strong></span> <span class='ocrx_word' id='word_1_350' title='bbox 1854 2871 2064 2949; x_wconf 91' lang='lat' dir='ltr'><strong>fidem,</strong></span> <span class='ocrx_word' id='word_1_351' title='bbox 2118 2868 2396 2930; x_wconf 81' lang='lat' dir='ltr'><strong>auxilium</strong></span> <span class='ocrx_word' id='word_1_352' title='bbox 2447 2866 2509 2927; x_wconf 92' lang='lat' dir='ltr'><strong>in</strong></span> <span class='ocrx_word' id='word_1_353' title='bbox 2547 2868 2722 2927; x_wconf 89' lang='lat' dir='ltr'><strong>rebus</strong></span> <span class='ocrx_word' id='word_1_354' title='bbox 2755 2865 3031 2925; x_wconf 89' lang='lat' dir='ltr'><strong>omnibus</strong></span> <span class='ocrx_word' id='word_1_355' title='bbox 3071 2864 3433 2942; x_wconf 85' lang='lat' dir='ltr'><strong>sponderent</strong></span> 
     </span>
     <span class='ocr_line' id='line_1_32' title="bbox 539 2943 3433 3027; baseline -0.001 -22"><span class='ocrx_word' id='word_1_356' title='bbox 539 2962 718 3021; x_wconf 86' lang='lat' dir='ltr'><strong>quam</strong></span> <span class='ocrx_word' id='word_1_357' title='bbox 778 2943 1215 3008; x_wconf 75' lang='lat' dir='ltr'><strong>humanissime.</strong></span> <span class='ocrx_word' id='word_1_358' title='bbox 1274 2947 1709 3011; x_wconf 88' lang='lat' dir='ltr'><strong>Hebdomadas</strong></span> <span class='ocrx_word' id='word_1_359' title='bbox 1746 2967 1789 3027; x_wconf 92' lang='lat' dir='ltr'><strong>q</strong></span> <span class='ocrx_word' id='word_1_360' title='bbox 1806 2949 1934 3009; x_wconf 92' lang='lat' dir='ltr'><strong>uasi</strong></span> <span class='ocrx_word' id='word_1_361' title='bbox 1992 2960 2109 3011; x_wconf 89' lang='lat' dir='ltr'><strong>tres</strong></span> <span class='ocrx_word' id='word_1_362' title='bbox 2146 2949 2208 3009; x_wconf 91' lang='lat' dir='ltr'><strong>in</strong></span> <span class='ocrx_word' id='word_1_363' title='bbox 2264 2946 2632 3027; x_wconf 86' lang='lat' dir='ltr'><strong>profectione</strong></span> <span class='ocrx_word' id='word_1_364' title='bbox 2671 2945 2772 3005; x_wconf 89' lang='lat' dir='ltr'><strong>illa</strong></span> <span class='ocrx_word' id='word_1_365' title='bbox 2813 2954 3083 3021; x_wconf 89' lang='lat' dir='ltr'><strong>suscepta</strong></span> <span class='ocrx_word' id='word_1_366' title='bbox 3121 2961 3433 3021; x_wconf 88' lang='lat' dir='ltr'><strong>consump-</strong></span> 
     </span>
     <span class='ocr_line' id='line_1_33' title="bbox 540 3022 3436 3107; baseline -0.001 -22"><span class='ocrx_word' id='word_1_367' title='bbox 540 3024 749 3085; x_wconf 87' lang='lat' dir='ltr'><strong>simus:</strong></span> <span class='ocrx_word' id='word_1_368' title='bbox 792 3027 849 3085; x_wconf 88' lang='lat'>&amp;</span> <span class='ocrx_word' id='word_1_369' title='bbox 869 3026 1233 3105; x_wconf 88' lang='lat' dir='ltr'><strong>Museulum,</strong></span> <span class='ocrx_word' id='word_1_370' title='bbox 1272 3027 1699 3106; x_wconf 85' lang='lat' dir='ltr'><strong>Hallerumque</strong></span> <span class='ocrx_word' id='word_1_371' title='bbox 1732 3032 1987 3090; x_wconf 85' lang='lat' dir='ltr'><strong>Bernae:</strong></span> <span class='ocrx_word' id='word_1_372' title='bbox 2010 3032 2334 3107; x_wconf 87' lang='lat' dir='ltr'><strong>Martyrem</strong></span> <span class='ocrx_word' id='word_1_373' title='bbox 2347 3073 2366 3107; x_wconf 94' lang='lat'><strong>,</strong></span> <span class='ocrx_word' id='word_1_374' title='bbox 2385 3025 2787 3105; x_wconf 85' lang='lat' dir='ltr'><strong>Bullingerum</strong></span> <span class='ocrx_word' id='word_1_375' title='bbox 2800 3070 2819 3097; x_wconf 92' lang='lat'>‚</span> <span class='ocrx_word' id='word_1_376' title='bbox 2842 3024 3186 3085; x_wconf 89' lang='lat' dir='ltr'><strong>Gualterum</strong></span> <span class='ocrx_word' id='word_1_377' title='bbox 3207 3022 3436 3101; x_wconf 88' lang='lat' dir='ltr'><strong>Tiguri:</strong></span> 
     </span>
     <span class='ocr_line' id='line_1_34' title="bbox 538 3102 3437 3188; baseline -0 -24"><span class='ocrx_word' id='word_1_378' title='bbox 538 3103 831 3165; x_wconf 90' lang='lat' dir='ltr'><strong>Neocomi</strong></span> <span class='ocrx_word' id='word_1_379' title='bbox 876 3106 1198 3184; x_wconf 88' lang='lat' dir='ltr'><strong>Farellum,</strong></span> <span class='ocrx_word' id='word_1_380' title='bbox 1258 3105 1407 3167; x_wconf 87' lang='lat' dir='ltr'><strong>alios</strong></span> <span class='ocrx_word' id='word_1_381' title='bbox 1445 3107 1587 3167; x_wconf 89' lang='lat' dir='ltr'><strong>alibi</strong></span> <span class='ocrx_word' id='word_1_382' title='bbox 1627 3108 2034 3188; x_wconf 68' lang='lat' dir='ltr'><strong>salutauimus,</strong></span> <span class='ocrx_word' id='word_1_383' title='bbox 2094 3125 2214 3187; x_wconf 92' lang='lat' dir='ltr'><strong>quo</strong></span> <span class='ocrx_word' id='word_1_384' title='bbox 2255 3118 2520 3185; x_wconf 84' lang='lat' dir='ltr'><strong>tempore</strong></span> <span class='ocrx_word' id='word_1_385' title='bbox 2561 3106 2637 3167; x_wconf 94' lang='lat' dir='ltr'><strong>de</strong></span> <span class='ocrx_word' id='word_1_386' title='bbox 2678 3107 2986 3165; x_wconf 84' lang='lat' dir='ltr'><strong>Turonum</strong></span> <span class='ocrx_word' id='word_1_387' title='bbox 3001 3150 3020 3181; x_wconf 86' lang='lat'><strong>,</strong></span> <span class='ocrx_word' id='word_1_388' title='bbox 3073 3102 3437 3183; x_wconf 72' lang='lat' dir='ltr'><strong>Pictauisque</strong></span> 
     </span>
     <span class='ocr_line' id='line_1_35' title="bbox 538 3183 3436 3265; baseline -0 -21"><span class='ocrx_word' id='word_1_389' title='bbox 538 3183 841 3247; x_wconf 90' lang='lat' dir='ltr'><strong>deditione</strong></span> <span class='ocrx_word' id='word_1_390' title='bbox 854 3230 871 3262; x_wconf 94' lang='lat'><strong>,</strong></span> <span class='ocrx_word' id='word_1_391' title='bbox 931 3185 986 3244; x_wconf 73' lang='grc' dir='ltr'><strong>ὅτ</strong></span> <span class='ocrx_word' id='word_1_392' title='bbox 1045 3184 1359 3247; x_wconf 90' lang='lat' dir='ltr'><strong>obsidione</strong></span> <span class='ocrx_word' id='word_1_393' title='bbox 1411 3186 1664 3249; x_wconf 90' lang='lat' dir='ltr'><strong>ciuitatis</strong></span> <span class='ocrx_word' id='word_1_394' title='bbox 1702 3207 1871 3249; x_wconf 89' lang='lat' dir='ltr'><strong>meae</strong></span> <span class='ocrx_word' id='word_1_395' title='bbox 1910 3188 2111 3265; x_wconf 86' lang='lat' dir='ltr'><strong>nuncij</strong></span> <span class='ocrx_word' id='word_1_396' title='bbox 2154 3188 2590 3250; x_wconf 83' lang='lat' dir='ltr'><strong>adferebantur.</strong></span> <span class='ocrx_word' id='word_1_397' title='bbox 2630 3186 2845 3245; x_wconf 77' lang='lat' dir='ltr'><strong>Postea</strong></span> <span class='ocrx_word' id='word_1_398' title='bbox 2881 3184 2958 3243; x_wconf 89' lang='lat' dir='ltr'><strong>ad</strong></span> <span class='ocrx_word' id='word_1_399' title='bbox 2997 3184 3292 3262; x_wconf 89' lang='lat' dir='ltr'><strong>hospitem</strong></span> <span class='ocrx_word' id='word_1_400' title='bbox 3333 3202 3436 3243; x_wconf 80' lang='lat' dir='ltr'><strong>no-</strong></span> 
     </span>
     <span class='ocr_line' id='line_1_36' title="bbox 536 3262 3437 3348; baseline -0.001 -22"><span class='ocrx_word' id='word_1_401' title='bbox 536 3274 723 3326; x_wconf 83' lang='lat' dir='ltr'><strong>strum</strong></span> <span class='ocrx_word' id='word_1_402' title='bbox 776 3263 1071 3326; x_wconf 88' lang='lat' dir='ltr'><strong>desiderio</strong></span> <span class='ocrx_word' id='word_1_403' title='bbox 1111 3282 1345 3326; x_wconf 89' lang='lat' dir='ltr'><strong>summo</strong></span> <span class='ocrx_word' id='word_1_404' title='bbox 1384 3268 1603 3328; x_wconf 89' lang='lat' dir='ltr'><strong>reuersi</strong></span> <span class='ocrx_word' id='word_1_405' title='bbox 1641 3285 1841 3329; x_wconf 91' lang='lat' dir='ltr'><strong>sumus</strong></span> <span class='ocrx_word' id='word_1_406' title='bbox 1855 3314 1872 3347; x_wconf 92' lang='lat'><strong>,</strong></span> <span class='ocrx_word' id='word_1_407' title='bbox 1911 3268 2162 3348; x_wconf 89' lang='lat' dir='ltr'><strong>pertaesi</strong></span> <span class='ocrx_word' id='word_1_408' title='bbox 2200 3267 2420 3329; x_wconf 90' lang='lat' dir='ltr'><strong>itineris</strong></span> <span class='ocrx_word' id='word_1_409' title='bbox 2461 3267 2516 3326; x_wconf 71' lang='lat'><strong>81</strong></span> <span class='ocrx_word' id='word_1_410' title='bbox 2554 3275 2892 3343; x_wconf 90' lang='lat' dir='ltr'><strong>sumptuum</strong></span> <span class='ocrx_word' id='word_1_411' title='bbox 2907 3308 2925 3335; x_wconf 85' lang='lat'><strong>,</strong></span> <span class='ocrx_word' id='word_1_412' title='bbox 2963 3280 3116 3342; x_wconf 89' lang='lat' dir='ltr'><strong>quos</strong></span> <span class='ocrx_word' id='word_1_413' title='bbox 3155 3262 3437 3341; x_wconf 92' lang='lat' dir='ltr'><strong>opinione</strong></span> 
     </span>
     <span class='ocr_line' id='line_1_37' title="bbox 538 3342 3438 3425; baseline -0.001 -21"><span class='ocrx_word' id='word_1_414' title='bbox 538 3342 793 3405; x_wconf 86' lang='lat' dir='ltr'><strong>maiores</strong></span> <span class='ocrx_word' id='word_1_415' title='bbox 852 3346 1201 3407; x_wconf 57' lang='lat' dir='ltr'><strong>feceramus</strong></span> <span class='ocrx_word' id='word_1_416' title='bbox 1258 3345 1381 3406; x_wconf 77' lang='lat' dir='ltr'><strong>Hic</strong></span> <span class='ocrx_word' id='word_1_417' title='bbox 1440 3357 1693 3424; x_wconf 90' lang='lat' dir='ltr'><strong>quatuor</strong></span> <span class='ocrx_word' id='word_1_418' title='bbox 1730 3347 1844 3408; x_wconf 91' lang='lat' dir='ltr'><strong>illis</strong></span> <span class='ocrx_word' id='word_1_419' title='bbox 1881 3348 2132 3410; x_wconf 88' lang='lat' dir='ltr'><strong>lucernis</strong></span> <span class='ocrx_word' id='word_1_420' title='bbox 2172 3348 2318 3409; x_wconf 89' lang='lat' dir='ltr'><strong>meis</strong></span> <span class='ocrx_word' id='word_1_421' title='bbox 2332 3394 2349 3425; x_wconf 92' lang='lat'><strong>,</strong></span> <span class='ocrx_word' id='word_1_422' title='bbox 2410 3345 2473 3407; x_wconf 92' lang='lat' dir='ltr'><strong>id</strong></span> <span class='ocrx_word' id='word_1_423' title='bbox 2513 3356 2602 3407; x_wconf 91' lang='lat' dir='ltr'><strong>est</strong></span> <span class='ocrx_word' id='word_1_424' title='bbox 2617 3391 2634 3424; x_wconf 94' lang='lat'><strong>,</strong></span> <span class='ocrx_word' id='word_1_425' title='bbox 2699 3342 2862 3406; x_wconf 91' lang='lat' dir='ltr'><strong>libris</strong></span> <span class='ocrx_word' id='word_1_426' title='bbox 2899 3342 3126 3405; x_wconf 88' lang='lat' dir='ltr'><strong>illustro</strong></span> <span class='ocrx_word' id='word_1_427' title='bbox 3166 3345 3438 3405; x_wconf 87' lang='lat' dir='ltr'><strong>tenebras</strong></span> 
     </span>
     <span class='ocr_line' id='line_1_38' title="bbox 539 3422 3436 3507; baseline -0.001 -23"><span class='ocrx_word' id='word_1_428' title='bbox 539 3442 701 3485; x_wconf 84' lang='lat' dir='ltr'><strong>meas</strong></span> <span class='ocrx_word' id='word_1_429' title='bbox 759 3427 814 3486; x_wconf 89' lang='lat'>&amp;</span> <span class='ocrx_word' id='word_1_430' title='bbox 854 3424 1017 3486; x_wconf 89' lang='lat' dir='ltr'><strong>solor</strong></span> <span class='ocrx_word' id='word_1_431' title='bbox 1056 3435 1375 3504; x_wconf 86' lang='lat' dir='ltr'><strong>egestatem</strong></span> <span class='ocrx_word' id='word_1_432' title='bbox 1416 3446 1610 3489; x_wconf 89' lang='lat' dir='ltr'><strong>meam</strong></span> <span class='ocrx_word' id='word_1_433' title='bbox 1625 3473 1642 3507; x_wconf 89' lang='lat'><strong>,</strong></span> <span class='ocrx_word' id='word_1_434' title='bbox 1681 3430 1881 3505; x_wconf 86' lang='lat' dir='ltr'><strong>legens</strong></span> <span class='ocrx_word' id='word_1_435' title='bbox 1919 3430 1975 3487; x_wconf 72' lang='grc' dir='ltr'><strong>δι</strong></span> <span class='ocrx_word' id='word_1_436' title='bbox 2015 3428 2351 3507; x_wconf 84' lang='lat' dir='ltr'><strong>expendens</strong></span> <span class='ocrx_word' id='word_1_437' title='bbox 2391 3443 2510 3505; x_wconf 87' lang='lat' dir='ltr'><strong>qua</strong></span> <span class='ocrx_word' id='word_1_438' title='bbox 2547 3435 2814 3503; x_wconf 90' lang='lat' dir='ltr'><strong>poteram</strong></span> <span class='ocrx_word' id='word_1_439' title='bbox 2853 3422 3183 3502; x_wconf 86' lang='lat' dir='ltr'><strong>diligentia:</strong></span> <span class='ocrx_word' id='word_1_440' title='bbox 3244 3422 3436 3483; x_wconf 90' lang='lat' dir='ltr'><strong>Biblia</strong></span> 
     </span>
     <span class='ocr_line' id='line_1_39' title="bbox 536 3501 3440 3582; baseline 0.001 -21"><span class='ocrx_word' id='word_1_441' title='bbox 536 3502 759 3581; x_wconf 87' lang='lat' dir='ltr'><strong>perlegi</strong></span> <span class='ocrx_word' id='word_1_442' title='bbox 820 3503 1158 3582; x_wconf 87' lang='lat' dir='ltr'><strong>aliquoties:</strong></span> <span class='ocrx_word' id='word_1_443' title='bbox 1219 3504 1655 3569; x_wconf 90' lang='lat' dir='ltr'><strong>Institutionem</strong></span> <span class='ocrx_word' id='word_1_444' title='bbox 1694 3507 1925 3569; x_wconf 83' lang='lat' dir='ltr'><strong>Caluini</strong></span> <span class='ocrx_word' id='word_1_445' title='bbox 1963 3506 2344 3571; x_wconf 89' lang='lat' dir='ltr'><strong>consimiliter</strong></span> <span class='ocrx_word' id='word_1_446' title='bbox 2382 3523 2519 3567; x_wconf 89' lang='lat' dir='ltr'><strong>curn</strong></span> <span class='ocrx_word' id='word_1_447' title='bbox 2563 3504 2916 3566; x_wconf 89' lang='lat' dir='ltr'><strong>lectionibus</strong></span> <span class='ocrx_word' id='word_1_448' title='bbox 2955 3506 3010 3563; x_wconf 75' lang='grc' dir='ltr'><strong>δι</strong></span> <span class='ocrx_word' id='word_1_449' title='bbox 3051 3501 3440 3565; x_wconf 87' lang='lat' dir='ltr'><strong>concionibus</strong></span> 
     </span>
     <span class='ocr_line' id='line_1_40' title="bbox 538 3582 3440 3667; baseline -0 -24"><span class='ocrx_word' id='word_1_450' title='bbox 538 3583 803 3644; x_wconf 86' lang='lat' dir='ltr'><strong>eiusdem</strong></span> <span class='ocrx_word' id='word_1_451' title='bbox 842 3583 1150 3661; x_wconf 89' lang='lat' dir='ltr'><strong>aliquoties</strong></span> <span class='ocrx_word' id='word_1_452' title='bbox 1188 3585 1442 3646; x_wconf 85' lang='lat' dir='ltr'><strong>contuli:</strong></span> <span class='ocrx_word' id='word_1_453' title='bbox 1484 3587 1561 3648; x_wconf 90' lang='lat' dir='ltr'><strong>de</strong></span> <span class='ocrx_word' id='word_1_454' title='bbox 1600 3586 1972 3649; x_wconf 88' lang='lat' dir='ltr'><strong>Institutione</strong></span> <span class='ocrx_word' id='word_1_455' title='bbox 2007 3587 2270 3667; x_wconf 83' lang='lat' dir='ltr'><strong>excerpsi</strong></span> <span class='ocrx_word' id='word_1_456' title='bbox 2288 3587 2365 3648; x_wconf 90' lang='lat' dir='ltr'><strong>ad</strong></span> <span class='ocrx_word' id='word_1_457' title='bbox 2385 3603 2555 3649; x_wconf 86' lang='lat' dir='ltr'><strong>vsum</strong></span> <span class='ocrx_word' id='word_1_458' title='bbox 2573 3602 2772 3646; x_wconf 89' lang='lat' dir='ltr'><strong>meum</strong></span> <span class='ocrx_word' id='word_1_459' title='bbox 2793 3584 3054 3645; x_wconf 81' lang='lat' dir='ltr'><strong>secundo</strong></span> <span class='ocrx_word' id='word_1_460' title='bbox 3077 3582 3440 3661; x_wconf 88' lang='lat' dir='ltr'><strong>aduersaria,</strong></span> 
     </span>
     <span class='ocr_line' id='line_1_41' title="bbox 540 3662 3440 3747; baseline -0 -24"><span class='ocrx_word' id='word_1_461' title='bbox 540 3663 712 3724; x_wconf 79' lang='lat' dir='ltr'><strong>tertio</strong></span> <span class='ocrx_word' id='word_1_462' title='bbox 772 3662 1075 3740; x_wconf 89' lang='lat' dir='ltr'><strong>epitomen</strong></span> <span class='ocrx_word' id='word_1_463' title='bbox 1115 3666 1432 3741; x_wconf 85' lang='lat' dir='ltr'><strong>quamdam</strong></span> <span class='ocrx_word' id='word_1_464' title='bbox 1447 3712 1465 3744; x_wconf 87' lang='lat'><strong>,</strong></span> <span class='ocrx_word' id='word_1_465' title='bbox 1524 3683 1701 3744; x_wconf 87' lang='lat' dir='ltr'><strong>quam</strong></span> <span class='ocrx_word' id='word_1_466' title='bbox 1739 3678 1877 3747; x_wconf 92' lang='lat' dir='ltr'><strong>post</strong></span> <span class='ocrx_word' id='word_1_467' title='bbox 1911 3667 2055 3728; x_wconf 92' lang='lat' dir='ltr'><strong>illud</strong></span> <span class='ocrx_word' id='word_1_468' title='bbox 2093 3680 2326 3746; x_wconf 89' lang='lat' dir='ltr'><strong>tempus</strong></span> <span class='ocrx_word' id='word_1_469' title='bbox 2383 3669 2461 3728; x_wconf 90' lang='lat' dir='ltr'><strong>D.</strong></span> <span class='ocrx_word' id='word_1_470' title='bbox 2521 3662 2800 3726; x_wconf 89' lang='lat' dir='ltr'><strong>Michaeli</strong></span> <span class='ocrx_word' id='word_1_471' title='bbox 2837 3663 3024 3743; x_wconf 88' lang='lat' dir='ltr'><strong>Nigro</strong></span> <span class='ocrx_word' id='word_1_472' title='bbox 3063 3662 3224 3724; x_wconf 91' lang='lat' dir='ltr'><strong>fideli</strong></span> <span class='ocrx_word' id='word_1_473' title='bbox 3258 3679 3440 3728; x_wconf 80' lang='lat' dir='ltr'><strong>seruo</strong></span> 
     </span>
     <span class='ocr_line' id='line_1_42' title="bbox 540 3742 3441 3825; baseline 0 -23"><span class='ocrx_word' id='word_1_474' title='bbox 540 3743 653 3803; x_wconf 92' lang='lat' dir='ltr'><strong>Dei</strong></span> <span class='ocrx_word' id='word_1_475' title='bbox 693 3746 897 3820; x_wconf 90' lang='lat' dir='ltr'><strong>(quem</strong></span> <span class='ocrx_word' id='word_1_476' title='bbox 934 3760 1095 3805; x_wconf 89' lang='lat' dir='ltr'><strong>nunc</strong></span> <span class='ocrx_word' id='word_1_477' title='bbox 1130 3742 1193 3804; x_wconf 92' lang='lat' dir='ltr'><strong>in</strong></span> <span class='ocrx_word' id='word_1_478' title='bbox 1234 3745 1513 3807; x_wconf 83' lang='lat' dir='ltr'><strong>Heluetia</strong></span> <span class='ocrx_word' id='word_1_479' title='bbox 1549 3766 1723 3825; x_wconf 86' lang='lat' dir='ltr'><strong>agere</strong></span> <span class='ocrx_word' id='word_1_480' title='bbox 1764 3748 1964 3825; x_wconf 91' lang='lat' dir='ltr'><strong>audio)</strong></span> <span class='ocrx_word' id='word_1_481' title='bbox 1998 3748 2161 3809; x_wconf 91' lang='lat' dir='ltr'><strong>dono</strong></span> <span class='ocrx_word' id='word_1_482' title='bbox 2191 3747 2331 3809; x_wconf 92' lang='lat' dir='ltr'><strong>dedi</strong></span> <span class='ocrx_word' id='word_1_483' title='bbox 2349 3768 2386 3807; x_wconf 90' lang='lat' dir='ltr'><strong>a</strong></span> <span class='ocrx_word' id='word_1_484' title='bbox 2405 3746 2582 3807; x_wconf 89' lang='lat' dir='ltr'><strong>nobis</strong></span> <span class='ocrx_word' id='word_1_485' title='bbox 2601 3745 2950 3807; x_wconf 88' lang='lat' dir='ltr'><strong>discessuro.</strong></span> <span class='ocrx_word' id='word_1_486' title='bbox 2990 3742 3441 3806; x_wconf 82' lang='lat' dir='ltr'><strong>confessionem</strong></span> 
     </span>
     <span class='ocr_line' id='line_1_43' title="bbox 541 3822 3441 3906; baseline 0 -24"><span class='ocrx_word' id='word_1_487' title='bbox 541 3825 730 3883; x_wconf 70' lang='lat' dir='ltr'><strong>Besae</strong></span> <span class='ocrx_word' id='word_1_488' title='bbox 748 3868 765 3902; x_wconf 96' lang='lat'><strong>,</strong></span> <span class='ocrx_word' id='word_1_489' title='bbox 817 3824 977 3883; x_wconf 87' lang='lat' dir='ltr'><strong>velut</strong></span> <span class='ocrx_word' id='word_1_490' title='bbox 1013 3822 1273 3885; x_wconf 92' lang='lat' dir='ltr'><strong>indicem</strong></span> <span class='ocrx_word' id='word_1_491' title='bbox 1314 3826 1392 3887; x_wconf 91' lang='lat' dir='ltr'><strong>ad</strong></span> <span class='ocrx_word' id='word_1_492' title='bbox 1432 3826 1663 3887; x_wconf 90' lang='lat' dir='ltr'><strong>Caluini</strong></span> <span class='ocrx_word' id='word_1_493' title='bbox 1701 3844 1852 3906; x_wconf 92' lang='lat' dir='ltr'><strong>opus</strong></span> <span class='ocrx_word' id='word_1_494' title='bbox 1890 3830 2225 3905; x_wconf 86' lang='lat' dir='ltr'><strong>frequenter</strong></span> <span class='ocrx_word' id='word_1_495' title='bbox 2262 3827 2650 3888; x_wconf 86' lang='lat' dir='ltr'><strong>adhibebam:</strong></span> <span class='ocrx_word' id='word_1_496' title='bbox 2711 3824 2772 3885; x_wconf 88' lang='lat' dir='ltr'><strong>in</strong></span> <span class='ocrx_word' id='word_1_497' title='bbox 2813 3822 3275 3885; x_wconf 89' lang='lat' dir='ltr'><strong>Grammaticam</strong></span> <span class='ocrx_word' id='word_1_498' title='bbox 3317 3824 3441 3882; x_wconf 90' lang='lat' dir='ltr'><strong>He·</strong></span> 
     </span>
     <span class='ocr_line' id='line_1_44' title="bbox 540 3902 3439 3987; baseline 0 -25"><span class='ocrx_word' id='word_1_499' title='bbox 540 3904 781 3963; x_wconf 86' lang='lat' dir='ltr'><strong>braeam</strong></span> <span class='ocrx_word' id='word_1_500' title='bbox 819 3903 1130 3979; x_wconf 81' lang='lat' dir='ltr'><strong>Ceuallerij</strong></span> <span class='ocrx_word' id='word_1_501' title='bbox 1170 3924 1308 3965; x_wconf 90' lang='lat' dir='ltr'><strong>meo</strong></span> <span class='ocrx_word' id='word_1_502' title='bbox 1348 3908 1541 3968; x_wconf 88' lang='lat' dir='ltr'><strong>Marte</strong></span> <span class='ocrx_word' id='word_1_503' title='bbox 1580 3906 2000 3969; x_wconf 90' lang='lat' dir='ltr'><strong>incumbebam</strong></span> <span class='ocrx_word' id='word_1_504' title='bbox 2015 3954 2033 3987; x_wconf 90' lang='lat'><strong>,</strong></span> <span class='ocrx_word' id='word_1_505' title='bbox 2075 3908 2218 3969; x_wconf 91' lang='lat' dir='ltr'><strong>dum</strong></span> <span class='ocrx_word' id='word_1_506' title='bbox 2261 3916 2612 3987; x_wconf 88' lang='lat' dir='ltr'><strong>praeceptor</strong></span> <span class='ocrx_word' id='word_1_507' title='bbox 2655 3902 2869 3966; x_wconf 87' lang='lat' dir='ltr'><strong>defuit:</strong></span> <span class='ocrx_word' id='word_1_508' title='bbox 2913 3914 3038 3963; x_wconf 88' lang='lat' dir='ltr'><strong>tum</strong></span> <span class='ocrx_word' id='word_1_509' title='bbox 3079 3902 3238 3963; x_wconf 90' lang='lat' dir='ltr'><strong>enim</strong></span> <span class='ocrx_word' id='word_1_510' title='bbox 3280 3902 3439 3963; x_wconf 91' lang='lat' dir='ltr'><strong>aliud</strong></span> 
     </span>
     <span class='ocr_line' id='line_1_45' title="bbox 540 3982 3438 4066; baseline -0 -23"><span class='ocrx_word' id='word_1_511' title='bbox 540 3982 777 4059; x_wconf 79' lang='lat' dir='ltr'><strong>publice</strong></span> <span class='ocrx_word' id='word_1_512' title='bbox 814 3982 1073 4044; x_wconf 85' lang='lat' dir='ltr'><strong>docebat</strong></span> <span class='ocrx_word' id='word_1_513' title='bbox 1110 3984 1486 4047; x_wconf 87' lang='lat' dir='ltr'><strong>Ceuallerius.</strong></span> <span class='ocrx_word' id='word_1_514' title='bbox 1529 3990 1664 4064; x_wconf 81' lang='lat' dir='ltr'><strong>post</strong></span> <span class='ocrx_word' id='word_1_515' title='bbox 1701 3992 1844 4048; x_wconf 80' lang='lat' dir='ltr'><strong>vero</strong></span> <span class='ocrx_word' id='word_1_516' title='bbox 1886 3986 2161 4066; x_wconf 87' lang='lat' dir='ltr'><strong>priuatim</strong></span> <span class='ocrx_word' id='word_1_517' title='bbox 2201 3987 2503 4066; x_wconf 87' lang='lat' dir='ltr'><strong>Philippus</strong></span> <span class='ocrx_word' id='word_1_518' title='bbox 2542 3984 2909 4063; x_wconf 86' lang='lat' dir='ltr'><strong>Bignoneus,</strong></span> <span class='ocrx_word' id='word_1_519' title='bbox 2931 3982 3169 4043; x_wconf 90' lang='lat' dir='ltr'><strong>natione</strong></span> <span class='ocrx_word' id='word_1_520' title='bbox 3189 3986 3438 4044; x_wconf 90' lang='lat' dir='ltr'><strong>Aremo-</strong></span> 
     </span>
     <span class='ocr_line' id='line_1_46' title="bbox 542 4061 3438 4144; baseline 0 -22"><span class='ocrx_word' id='word_1_521' title='bbox 542 4062 699 4123; x_wconf 88' lang='lat' dir='ltr'><strong>ricus</strong></span> <span class='ocrx_word' id='word_1_522' title='bbox 758 4061 884 4140; x_wconf 84' lang='lat' dir='ltr'><strong>(qui</strong></span> <span class='ocrx_word' id='word_1_523' title='bbox 942 4080 1104 4123; x_wconf 89' lang='lat' dir='ltr'><strong>nunc</strong></span> <span class='ocrx_word' id='word_1_524' title='bbox 1160 4064 1449 4143; x_wconf 86' lang='lat' dir='ltr'><strong>Rupellae</strong></span> <span class='ocrx_word' id='word_1_525' title='bbox 1510 4066 1673 4144; x_wconf 87' lang='lat' dir='ltr'><strong>viuit)</strong></span> <span class='ocrx_word' id='word_1_526' title='bbox 1729 4086 1867 4128; x_wconf 88' lang='lat' dir='ltr'><strong>cum</strong></span> <span class='ocrx_word' id='word_1_527' title='bbox 1928 4068 2056 4129; x_wconf 87' lang='lat' dir='ltr'><strong>aliis</strong></span> <span class='ocrx_word' id='word_1_528' title='bbox 2105 4065 2430 4129; x_wconf 87' lang='lat' dir='ltr'><strong>candidatis</strong></span> <span class='ocrx_word' id='word_1_529' title='bbox 2471 4066 2784 4126; x_wconf 88' lang='lat' dir='ltr'><strong>Hebraeae</strong></span> <span class='ocrx_word' id='word_1_530' title='bbox 2822 4062 3058 4141; x_wconf 89' lang='lat' dir='ltr'><strong>linguae</strong></span> <span class='ocrx_word' id='word_1_531' title='bbox 3102 4082 3196 4123; x_wconf 91' lang='lat' dir='ltr'><strong>me</strong></span> <span class='ocrx_word' id='word_1_532' title='bbox 3238 4061 3438 4139; x_wconf 90' lang='lat' dir='ltr'><strong>coepit</strong></span> 
     </span>
     <span class='ocr_line' id='line_1_47' title="bbox 537 4140 3434 4227; baseline -0 -25"><span class='ocrx_word' id='word_1_533' title='bbox 537 4141 857 4204; x_wconf 86' lang='lat' dir='ltr'><strong>instituere.</strong></span> <span class='ocrx_word' id='word_1_534' title='bbox 917 4143 1220 4218; x_wconf 84' lang='lat' dir='ltr'><strong>Quaerens</strong></span> <span class='ocrx_word' id='word_1_535' title='bbox 1277 4142 1339 4205; x_wconf 90' lang='lat' dir='ltr'><strong>in</strong></span> <span class='ocrx_word' id='word_1_536' title='bbox 1395 4145 1487 4207; x_wconf 90' lang='lat' dir='ltr'><strong>his</strong></span> <span class='ocrx_word' id='word_1_537' title='bbox 1545 4146 1751 4207; x_wconf 89' lang='lat' dir='ltr'><strong>studiis</strong></span> <span class='ocrx_word' id='word_1_538' title='bbox 1808 4148 2008 4209; x_wconf 88' lang='lat' dir='ltr'><strong>fallere</strong></span> <span class='ocrx_word' id='word_1_539' title='bbox 2068 4158 2298 4225; x_wconf 86' lang='lat' dir='ltr'><strong>tempus</strong></span> <span class='ocrx_word' id='word_1_540' title='bbox 2320 4194 2336 4227; x_wconf 88' lang='lat'><strong>,</strong></span> <span class='ocrx_word' id='word_1_541' title='bbox 2397 4148 2452 4206; x_wconf 87' lang='lat'>&amp;</span> <span class='ocrx_word' id='word_1_542' title='bbox 2512 4146 2798 4207; x_wconf 85' lang='lat' dir='ltr'><strong>deuorare</strong></span> <span class='ocrx_word' id='word_1_543' title='bbox 2845 4140 3104 4203; x_wconf 88' lang='lat' dir='ltr'><strong>taedium</strong></span> <span class='ocrx_word' id='word_1_544' title='bbox 3157 4141 3434 4219; x_wconf 88' lang='lat' dir='ltr'><strong>egestatis</strong></span> 
     </span>
     <span class='ocr_line' id='line_1_48' title="bbox 536 4220 3432 4306; baseline -0 -25"><span class='ocrx_word' id='word_1_545' title='bbox 536 4240 705 4282; x_wconf 89' lang='lat' dir='ltr'><strong>meae</strong></span> <span class='ocrx_word' id='word_1_546' title='bbox 720 4267 739 4301; x_wconf 88' lang='lat'><strong>,</strong></span> <span class='ocrx_word' id='word_1_547' title='bbox 778 4222 1122 4284; x_wconf 85' lang='lat' dir='ltr'><strong>calamitatis</strong></span> <span class='ocrx_word' id='word_1_548' title='bbox 1161 4220 1464 4306; x_wconf 89' lang='lat' dir='ltr'><strong>publicae,</strong></span> <span class='ocrx_word' id='word_1_549' title='bbox 1503 4229 1559 4287; x_wconf 87' lang='lat'>&amp;</span> <span class='ocrx_word' id='word_1_550' title='bbox 1598 4228 1858 4305; x_wconf 89' lang='lat' dir='ltr'><strong>priuatae</strong></span> <span class='ocrx_word' id='word_1_551' title='bbox 1894 4226 2302 4289; x_wconf 86' lang='lat' dir='ltr'><strong>sollicitudinis</strong></span> <span class='ocrx_word' id='word_1_552' title='bbox 2337 4227 2414 4287; x_wconf 91' lang='lat' dir='ltr'><strong>de</strong></span> <span class='ocrx_word' id='word_1_553' title='bbox 2446 4222 2784 4304; x_wconf 89' lang='lat' dir='ltr'><strong>parentibus</strong></span> <span class='ocrx_word' id='word_1_554' title='bbox 2806 4222 3142 4300; x_wconf 82' lang='lat' dir='ltr'><strong>familiaque</strong></span> <span class='ocrx_word' id='word_1_555' title='bbox 3161 4220 3432 4281; x_wconf 88' lang='lat' dir='ltr'><strong>vniuersa</strong></span> 
     </span>
     <span class='ocr_line' id='line_1_49' title="bbox 536 4301 3430 4386; baseline -0.001 -25"><span class='ocrx_word' id='word_1_556' title='bbox 536 4312 771 4379; x_wconf 87' lang='lat' dir='ltr'><strong>nostra,</strong></span> <span class='ocrx_word' id='word_1_557' title='bbox 811 4302 1052 4363; x_wconf 90' lang='lat' dir='ltr'><strong>tandem</strong></span> <span class='ocrx_word' id='word_1_558' title='bbox 1090 4307 1164 4364; x_wconf 81' lang='lat' dir='ltr'><strong>eo</strong></span> <span class='ocrx_word' id='word_1_559' title='bbox 1203 4304 1417 4366; x_wconf 79' lang='lat' dir='ltr'><strong>deueni</strong></span> <span class='ocrx_word' id='word_1_560' title='bbox 1455 4306 1757 4386; x_wconf 83' lang='lat' dir='ltr'><strong>angustiae</strong></span> <span class='ocrx_word' id='word_1_561' title='bbox 1771 4352 1788 4385; x_wconf 89' lang='lat'><strong>,</strong></span> <span class='ocrx_word' id='word_1_562' title='bbox 1829 4316 1894 4367; x_wconf 84' lang='lat' dir='ltr'><strong>vt</strong></span> <span class='ocrx_word' id='word_1_563' title='bbox 1932 4306 2076 4368; x_wconf 91' lang='lat' dir='ltr'><strong>mihi</strong></span> <span class='ocrx_word' id='word_1_564' title='bbox 2117 4307 2368 4369; x_wconf 92' lang='lat' dir='ltr'><strong>Octobri</strong></span> <span class='ocrx_word' id='word_1_565' title='bbox 2409 4324 2612 4367; x_wconf 89' lang='lat' dir='ltr'><strong>mense</strong></span> <span class='ocrx_word' id='word_1_566' title='bbox 2653 4302 2778 4381; x_wconf 89' lang='lat' dir='ltr'><strong>(qui</strong></span> <span class='ocrx_word' id='word_1_567' title='bbox 2819 4313 2945 4363; x_wconf 90' lang='lat' dir='ltr'><strong>tum</strong></span> <span class='ocrx_word' id='word_1_568' title='bbox 2965 4301 3208 4380; x_wconf 88' lang='lat' dir='ltr'><strong>frigidus</strong></span> <span class='ocrx_word' id='word_1_569' title='bbox 3229 4301 3430 4361; x_wconf 89' lang='lat' dir='ltr'><strong>admo-</strong></span> 
     </span>
    </p>
   </div>
   <div class='ocr_carea' id='block_1_3' title="bbox 534 4379 3432 4539">
    <p class='ocr_par' dir='ltr' id='par_1_3' title="bbox 534 4379 3432 4539">
     <span class='ocr_line' id='line_1_50' title="bbox 534 4379 3425 4520; baseline -0.001 -78"><span class='ocrx_word' id='word_1_570' title='bbox 534 4381 679 4442; x_wconf 88' lang='lat' dir='ltr'><strong>dum</strong></span> <span class='ocrx_word' id='word_1_571' title='bbox 720 4382 957 4459; x_wconf 86' lang='lat' dir='ltr'><strong>exstitit)</strong></span> <span class='ocrx_word' id='word_1_572' title='bbox 996 4401 1108 4443; x_wconf 91' lang='lat' dir='ltr'><strong>nec</strong></span> <span class='ocrx_word' id='word_1_573' title='bbox 1146 4383 1419 4465; x_wconf 72' lang='lat' dir='ltr'><strong>vestium,</strong></span> <span class='ocrx_word' id='word_1_574' title='bbox 1457 4405 1570 4448; x_wconf 91' lang='lat' dir='ltr'><strong>nec</strong></span> <span class='ocrx_word' id='word_1_575' title='bbox 1606 4386 1893 4466; x_wconf 87' lang='lat' dir='ltr'><strong>pecuniae</strong></span> <span class='ocrx_word' id='word_1_576' title='bbox 1934 4388 2270 4450; x_wconf 89' lang='lat' dir='ltr'><strong>commodis</strong></span> <span class='ocrx_word' id='word_1_577' title='bbox 2308 4387 2592 4448; x_wconf 88' lang='lat' dir='ltr'><strong>instructo</strong></span> <span class='ocrx_word' id='word_1_578' title='bbox 2605 4432 2622 4465; x_wconf 94' lang='lat'><strong>,</strong></span> <span class='ocrx_word' id='word_1_579' title='bbox 2661 4382 2722 4444; x_wconf 91' lang='lat' dir='ltr'><strong>in</strong></span> <span class='ocrx_word' id='word_1_580' title='bbox 2762 4383 3037 4445; x_wconf 87' lang='lat' dir='ltr'><strong>vniuerso</strong></span> <span class='ocrx_word' id='word_1_581' title='bbox 3077 4400 3216 4520; x_wconf 52' lang='lat' dir='ltr'><strong>aer?</strong></span> <span class='ocrx_word' id='word_1_582' title='bbox 3245 4379 3425 4455; x_wconf 89' lang='lat' dir='ltr'><strong>nihil,</strong></span> 
     </span>
     <span class='ocr_line' id='line_1_51' title="bbox 3027 4476 3432 4539; baseline -0.007 -19"><span class='ocrx_word' id='word_1_583' title='bbox 3027 4479 3168 4539; x_wconf 89' lang='lat' dir='ltr'><strong>prae</strong></span> <span class='ocrx_word' id='word_1_584' title='bbox 3195 4476 3432 4538; x_wconf 88' lang='lat' dir='ltr'><strong>erquam</strong></span> 
     </span>
    </p>
   </div>
   <div class='ocr_carea' id='block_1_4' title="bbox 3499 3624 3537 3635">
    <p class='ocr_par' dir='ltr' id='par_1_4' title="bbox 3499 3624 3537 3635">
     <span class='ocr_line' id='line_1_52' title="bbox 3499 3624 3537 3635; baseline 0 0"><span class='ocrx_word' id='word_1_585' title='bbox 3499 3624 3537 3635; x_wconf 54' lang='lat' dir='ltr'>f</span> 
     </span>
    </p>
   </div>
  </div>
 </body>
</html>
