3923 4875
1367 365 1693 412 russas
1755 365 2401 415 ratonocrcnt.
3228 370 3341 431 217

427 533 642 594 dorum
683 529 966 592 cordibus
1005 531 1228 592 infusus
1243 577 1259 606 ,
1299 531 1406 590 sed
1447 530 1676 592 ratione
1715 528 2080 590 differentiae
2118 531 2393 592 relatiuae
2406 575 2423 607 ,
2464 549 2617 608 quae
2658 531 2971 608 giamitam
3006 531 3255 594 iustitiae
3286 535 3343 593 &

426 613 580 674 vitae
619 623 894 672 aeternae
935 609 1392 688 promissionem
1429 611 1778 672 fiducialiter
1795 609 2193 688 amplectitur:
2234 611 2357 670 Illis
2376 611 2535 672 enim
2556 620 2783 671 tantum
2804 611 2969 671 dedit
2991 622 3343 690 potestatem

425 692 550 754 fieri
609 691 760 752 filios
801 690 917 751 Dei
955 690 1060 768 qui
1099 701 1450 768 receperunt
1489 709 1655 751 eum:
1715 693 1886 751 Ioan.
1939 711 1987 750 1.
2037 709 2127 750 12.
2168 692 2245 749 ὁ*
2278 710 2336 766 3.
2384 710 2473 767 13.
2534 692 2808 768 Cumque
2852 691 3089 769 insuper
3128 693 3343 770 duplex

423 773 499 834 sit
557 772 726 832 huius
785 771 959 846 medij
1021 770 1436 848 apprehensiui
1495 773 1780 852 ἐνέργειαι
1839 790 1987 844 vna,
2048 769 2169 847 qua
2206 770 2567 848 immediate,
2608 771 2735 831 sine
2774 770 3019 831 aliarum
3060 772 3343 834 virtutum

426 851 790 914 adminiculo
806 897 822 928 ,
867 850 1120 928 respicit
1173 852 1232 912 in
1285 851 1610 928 Euangelio
1649 850 1983 912 Christum:
2024 852 2237 926 altera,
2276 867 2397 927 qua
2436 851 2691 912 mediate
2730 870 2837 928 per
2874 851 3219 912 charitatem
3260 864 3347 914 est

425 934 665 1006 efficax,
725 929 966 992 remotis
1021 930 1152 992 aliis
1191 930 1504 991 virtutibus
1519 975 1536 1008 ,
1579 949 1700 991 non
1743 935 1780 990 a
1818 941 2027 992 natura
2040 973 2057 1005 ,
2098 931 2205 990 sed
2246 933 2325 990 ab
2364 934 2522 991 Actu
2562 931 2733 1008 fidei,
2772 930 3127 992 iustificandi
3166 933 3347 994 virtus

429 1017 485 1074 δι
525 1011 778 1090 dignitas
818 1009 998 1088 priori
1041 1012 1301 1090 ἐνεργείᾳ
1339 1011 1748 1072 conseruanda
1787 1023 1892 1072 est.
1935 1013 2073 1071 Non
2104 1011 2269 1087 qudd
2289 1010 2361 1072 sit
2381 1011 2610 1072 facilior
2626 1011 2829 1072 salutis
2850 1011 2975 1088 via,
3004 1029 3127 1072 non
3148 1023 3349 1073 tamen

427 1095 554 1154 sola
619 1101 680 1152 vt
741 1089 1032 1182 Pelagius,
1091 1099 1184 1152 vel
1237 1090 1466 1151 initium
1505 1101 1732 1151 tantum
1749 1135 1766 1168 ,
1805 1105 1906 1152 aut
1943 1092 2393 1152 instrumentum
2434 1091 2657 1169 primae
2697 1090 3121 1158 iustificationis
3136 1137 3154 1169 ,
3192 1111 3347 1170 quae

428 1191 596 1252 spem
637 1174 692 1232 δι
733 1171 1078 1232 charitatem
1117 1170 1390 1248 impetrat
1431 1182 1491 1230 vt
1531 1174 1738 1248 postea
1777 1171 2141 1232 coniunctim
2180 1169 2496 1232 iustificent
2510 1217 2527 1249 ,
2570 1182 2633 1231 vt
2666 1171 2925 1248 disputat
2940 1171 3349 1250 BellarminuS,

425 1253 536 1314 sed
597 1263 658 1311 vt
719 1251 954 1312 vnicum
1013 1251 1490 1330 instrumentum,
1531 1251 1590 1310 in
1631 1251 1798 1312 cuius
1836 1253 2007 1312 firma
2044 1251 2515 1328 apprehensione
2554 1253 2610 1312 δι
2650 1249 2891 1330 speciali
2926 1251 3319 1330 applicatione
3332 1298 3351 1331 ,

429 1351 583 1412 quae
646 1348 1126 1408 vnumquemque
1177 1328 1546 1390 indiuiduam
1606 1331 1946 1393 credentem
2007 1333 2119 1392 sub
2156 1330 2548 1408 promissione
2602 1330 2862 1410 generali
2912 1331 3187 1410 includit,
3228 1344 3351 1393 tan-

429 1432 612 1491 quam
651 1411 896 1489 proprio
935 1411 1076 1472 fidei
1115 1419 1280 1488 actu,
1317 1410 1576 1471 voluitur
1609 1411 1763 1472 vitae
1782 1424 2057 1474 aeternae
2074 1411 2279 1472 cardo·
2326 1413 2465 1472 Gal.
2491 1432 2543 1472 α.
2568 1431 2660 1472 20.
2702 1413 2912 1489 Neque
2930 1411 3059 1490 ipsa
3078 1413 3351 1491 charitas,

431 1493 539 1555 etsi
599 1490 1091 1570 praestantissima
1143 1491 1424 1550 virtutum
1479 1491 1558 1550 ad
1619 1491 1734 1552 Dei
1791 1492 2245 1570 promissionem
2298 1494 2481 1554 fertur
2518 1491 2589 1554 ea
2630 1492 2913 1552 relatione
2952 1502 3015 1552 vt
3054 1510 3193 1552 cum
3234 1493 3353 1552 fide

431 1573 682 1650 accipiat
741 1572 796 1630 &
855 1571 1112 1650 applicet
1170 1571 1522 1630 beneficium
1579 1571 1802 1648 gratiae
1855 1575 2144 1648 (versatur
2183 1570 2342 1632 enim
2382 1571 2541 1632 circa
2578 1571 2815 1632 diuersa
2854 1570 3119 1644 obiecta,
3159 1573 3353 1650 legem

432 1653 654 1713 scilicet
696 1653 751 1711 81
791 1650 1206 1730 Euangelium)
1247 1651 1353 1710 sed
1393 1661 1482 1710 est
1523 1650 1662 1712 fidei
1703 1653 2071 1714 consectaria
2108 1669 2214 1730 per
2254 1669 2433 1728 quam
2474 1662 2753 1730 operatur
2790 1650 2955 1712 fides.
3017 1650 3251 1711 Idcirco
3292 1661 3359 1711 vt

433 1753 545 1794 nec
585 1748 764 1792 causa
801 1731 905 1804 sit,
947 1730 1248 1808 meritum,
1287 1731 1482 1792 forma
1519 1741 1620 1790 aut
1661 1751 1794 1824 pars
1833 1729 2085 1792 iustitiae
2100 1777 2117 1810 ,
2159 1748 2271 1790 nec
2312 1731 2573 1793 medium
2614 1729 3075 1809 Applicationis,
3117 1749 3357 1808 prorsus

438 1819 774 1874 remouetur
813 1813 892 1872 ab
936 1817 980 1869 Α
989 1812 1258 1888 postolo,
1294 1809 1398 1887 qui
1437 1809 1821 1891 principium,
1863 1811 2151 1888 medium,
2192 1812 2247 1870 δε
2288 1811 2463 1873 finem
2504 1811 2755 1872 iustitiae
2796 1814 2851 1872 δι
2890 1809 3090 1870 salutis
3120 1823 3355 1872 nostrae

445 1891 584 1954 fidei
647 1891 772 1952 sine
831 1891 1114 1971 operibus
1172 1889 1230 1950 in
1290 1891 1544 1952 solidum
1605 1891 1808 1953 tribuit
1821 1939 1839 1972 ,
1898 1895 2071 1952 Rom.
2117 1909 2171 1970 5.
2218 1911 2268 1951 2.
2310 1893 2367 1950 &
2415 1893 2715 1970 praeclare
2753 1889 3192 1969 Nazianzenus,
3228 1892 3361 1970 περὶ

453 1973 748 2038 εὐταξίας.
793 1972 1162 2046 Δικαιοσύνη
1197 1968 1305 2045 μὲν
1333 1975 1443 2051 γὰρ
1485 1976 1585 2030 καὶ
1628 1973 1696 2032 τὸ
1737 1978 2025 2041 nocerino
2064 1997 2105 2050 μ
2126 1979 2268 2050 θον,
2306 1973 2544 2032 [κςίίῦα
2582 1973 2807 2049 quidem
2848 1981 2961 2046 est,
3000 1973 3097 2033 vel
3128 1973 3363 2030 credere

433 2053 675 2111 tannim.
719 2056 786 2126 (ί.
835 2054 905 2111 16
947 2071 1002 2110 o.

519 2150 544 2190 r
557 2151 609 2191 2.
690 2131 868 2192 Vnde
907 2055 1110 2208 qiqloet
1147 2129 1490 2210 particulam
1533 2131 1788 2212 ἄγραφον
1835 2129 2037 2191 Solam
2078 2132 2204 2194 sine
2244 2129 2577 2210 Scripturae
2618 2130 2829 2192 iniuria
2870 2129 3202 2191 Ecclesiam
3242 2147 3355 2208 pro

433 2229 540 2272 sua
597 2211 866 2272 libertate
923 2209 1193 2272 retinere.
1253 2209 1552 2270 Sententia
1613 2209 1772 2271 enim
1833 2209 1910 2271 de
1971 2230 2093 2273 vno
2153 2211 2382 2274 tantum
2440 2213 2772 2288 affirmans,
2812 2211 2891 2272 de
2933 2210 3177 2271 caeteris
3216 2213 3359 2269 vero

437 2309 692 2369 negans,
752 2288 1173 2370 significantius
1219 2289 1424 2368 nequit
1463 2290 1775 2368 explicari,
1813 2293 1995 2368 quAm
2036 2311 2141 2371 per
2180 2291 2537 2353 exclusiuam
2578 2292 2797 2354 Solam.
2842 2291 2991 2352 haec
3028 2289 3187 2351 enim
3226 2307 3361 2368 pro-

436 2369 652 2451 positio
667 2415 686 2450 ,
741 2373 822 2430 sit
876 2371 1047 2430 Deus
1099 2390 1312 2449 verax,
1373 2371 1558 2430 omn-is
1616 2379 1806 2432 auem
1857 2372 2027 2432 homo
2066 2375 2348 2451 mendax,
2386 2370 2525 2432 huic
2563 2369 2927 2449 aequipollet
2940 2415 2957 2450 ,
2999 2371 3159 2430 solus
3198 2371 3363 2429 Deus

437 2471 646 2513 verax:
712 2447 876 2529 quod
937 2449 1094 2513 enim
1148 2452 1472 2531 Apostolus
1527 2453 1714 2512 multo
1767 2450 1975 2513 fortius
1990 2498 2009 2531 ,
2048 2458 2322 2532 expresse
2362 2454 2418 2513 δι
2456 2450 2728 2531 explicite
2770 2451 2887 2512 suis
2926 2449 3327 2512 locutionibus
3343 2494 3361 2523 ,

437 2534 558 2591 sine
597 2532 865 2609 operibus
880 2577 897 2610 ,
937 2552 1052 2591 non
1092 2540 1448 2609 operantem,
1490 2532 1601 2591 διε.
1647 2529 1892 2609 derogat
1932 2532 2215 2611 operibus
2234 2532 2737 2609 iustificationem,
2773 2530 2917 2590 illud
2938 2530 3205 2591 Ecclesia
3222 2530 3364 2589 facit

435 2612 516 2672 im
558 2610 716 2672 licite
756 2631 862 2690 per
901 2610 1248 2690 particulam
1289 2613 1460 2680 Sola,
1503 2626 1624 2688 qua
1663 2610 1946 2672 euanidae
1988 2612 2431 2675 Pontificiorum
2474 2610 2737 2691 argutiae
2752 2656 2769 2689 ,
2800 2608 3017 2689 quibus
3052 2609 3197 2671 retia
3217 2610 3361 2669 veri-

437 2702 570 2752 tatis
629 2693 886 2771 effugere
943 2700 1269 2764 conantur,
1327 2690 1738 2751 distinctiones
1799 2692 2091 2771 (inquam)
2150 2695 2228 2755 de
2282 2692 2701 2773 synecdoche,
2756 2690 2997 2769 quando
3039 2690 3365 2768 Apostolus

436 2772 694 2849 loquitur
733 2772 812 2833 de
852 2770 1064 2851 gratia:
1105 2771 1184 2831 de
1223 2772 1342 2832 fide
1379 2773 1660 2849 formata,
1699 2788 1837 2831 cum
1877 2772 2221 2852 simpliciter
2260 2775 2444 2835 fidem
2482 2771 2795 2833 iustificare
2812 2772 3097 2849 affirmat3
3132 2770 3207 2830 de
3233 2772 3363 2847 lege

437 2852 846 2928 ceremoniali,
887 2868 1026 2913 cum
1065 2852 1125 2911 in
1165 2849 1476 2929 euangelio
1517 2850 1644 2911 sine
1685 2852 1814 2928 lege
1855 2850 2133 2913 iustitiam
2174 2855 2423 2917 reuelari
2446 2854 2656 2913 docet:
2688 2850 2949 2927 denique
2968 2850 3046 2911 de
3066 2849 3365 2927 operibus,

439 2931 608 2993 liberi
667 2930 888 3007 arbitrij
953 2930 1176 2991 uiribus
1234 2930 1429 3009 factis,
1489 2932 1628 2991 cum
1688 2931 1948 2992 excludit
2008 2952 2221 3011 opera,
2282 2934 2427 2997 sine.
2454 2931 2785 2993 adiectione
2824 2929 2999 3008 legiS,
3037 2930 3151 2991 hac
3192 2930 3363 2989 vnica

439 3029 692 3071 neruosa
733 3010 1063 3089 exclusiua,
1107 3012 1526 3071 Tantummodo
1564 3012 1760 3087 crede,
1801 3012 1979 3071 Mar.
2022 3031 2079 3091 5.
2122 3017 2217 3091 36.
2259 3013 2317 3073 in
2360 3023 2665 3073 aeternum
2706 3010 3112 3071 discutiuntur.

527 3110 619 3167 13.
700 3092 870 3151 Illam
931 3090 1156 3151 interea
1213 3110 1334 3151 non
1394 3090 1753 3167 opponimus
1813 3090 2035 3169 gratiae
2092 3094 2241 3171 Dei,
2300 3104 2400 3153 aut
2438 3091 2629 3171 pretio
2672 3088 3083 3151 satisfactionis
3120 3088 3368 3167 Christi,

445 3170 612 3249 quasi
659 3173 751 3231 vel
799 3172 946 3233 haec
982 3175 1021 3231 a
1059 3170 1272 3231 virtute
1313 3169 1668 3231 iustificandi
1709 3171 2013 3249 excludat,
2054 3176 2150 3235 vel
2186 3172 2314 3235 sine
2352 3172 2444 3234 his
2483 3172 2744 3231 innatam
2784 3170 3087 3248 quandam
3125 3170 3245 3230 vim
3266 3179 3368 3228 aut

448 3250 792 3330 dignitatem
857 3248 1098 3326 habeat,
1153 3270 1262 3311 nec
1322 3262 1624 3327 tamquam
1664 3250 1954 3311 velamine
1998 3253 2253 3316 malitiae
2292 3253 2617 3330 abutimur,
2659 3270 2771 3311 nec
2810 3248 3064 3328 denique
3103 3251 3371 3327 regulam

448 3331 526 3391 de
565 3330 672 3391 illo
687 3374 706 3408 ,
747 3333 903 3391 Noli
937 3333 1191 3411 amplius
1213 3340 1484 3409 peccare,
1525 3334 1698 3391 Ioan.
1737 3332 1794 3391 8.
1825 3351 1850 3389 1
1864 3350 1914 3391 1.
1953 3333 2261 3412 ἀχώριςας
2280 3350 2421 3393 cum
2442 3330 2783 3393 remissione
2802 3340 3183 3408 peccatorum
3208 3329 3373 3390 coni-

455 3420 696 3471 unctam
741 3410 1139 3472 diuellendam
1180 3428 1517 3486 censemus,
1559 3420 1796 3488 oportet
1815 3411 1975 3471 enim
1994 3416 2348 3490 praecedere
2368 3412 2784 3474 contritionem
2802 3456 2818 3487 ,
2848 3420 3128 3487 tanquam
3148 3408 3372 3469 aditum

453 3490 530 3551 ad
573 3490 1000 3569 poenitentiam
1039 3492 1158 3551 hoc
1199 3501 1317 3566 est,
1355 3492 1435 3551 ad
1467 3492 1750 3551 latentem
1773 3490 1830 3551 in
1853 3491 2213 3569 poenitentia
2223 3496 2441 3571 fidem,
2458 3491 2598 3553 &in
2620 3491 2739 3551 fide
2754 3493 3033 3551 latentem
3052 3488 3371 3551 Christum.

451 3571 764 3663 Secundo,
799 3571 856 3633 in
877 3572 1006 3650 ipsa
1025 3569 1434 3633 iustificatione
1453 3570 1662 3631 adesse
1683 3588 1867 3647 opera
1885 3572 2075 3649 bona,
2106 3591 2229 3633 non
2250 3573 2407 3633 enim
2429 3573 2577 3633 fides
2596 3569 2805 3631 sterilis
2818 3614 2835 3647 ,
2868 3570 2975 3631 sed
3002 3570 3375 3649 ὄνοργουμὲνη

452 3669 556 3729 per
599 3652 946 3713 charitatem
989 3649 1274 3711 iustificat.
1317 3650 1443 3709 lac.
1479 3648 1546 3711 ⁰2.
1587 3650 1791 3712 Tertio
1833 3662 1971 3729 post
2011 3650 2480 3714 iustificationem
2502 3652 2668 3729 sequi
2688 3651 2945 3711 studium
2968 3648 3340 3709 obedientiae
3356 3691 3375 3724 ,

453 3730 824 3809 propositum
879 3730 1037 3792 enim
1080 3730 1369 3809 peccandi
1409 3748 1548 3789 cum
1591 3748 1732 3790 vera
1769 3730 1887 3791 fide
1925 3730 2241 3793 subsistere
2281 3750 2403 3793 non
2444 3742 2659 3809 potest.
2698 3749 2822 3791 non
2862 3729 3035 3789 etiam
3078 3724 3375 3816 quaeritur

451 3828 604 3890 quae
710 3810 882 3872 uibus
943 3811 1262 3871 coniuncta
1301 3808 1448 3887 sint,
1489 3811 1594 3871 sed
1633 3810 1798 3887 quod
1835 3809 1909 3871 sit
1947 3810 2229 3889 cuiusque
2270 3812 2573 3891 proprium
2616 3808 2878 3871 officium
2922 3812 2977 3869 δι
3018 3806 3233 3881 virtus,
3272 3807 3374 3865 vbi

455 3894 600 3953 vero
639 3910 674 3951 a
717 3892 876 3952 ditur
915 3888 1122 3969 opinio
1165 3888 1388 3967 meriti,
1428 3889 1484 3948 δι
1525 3890 1812 3951 iactantur
1850 3908 1963 3967 pro
1996 3908 2173 3953 causa
2192 3892 2318 3953 siue
2336 3892 2570 3971 partiali
2589 3890 2713 3951 siue
2732 3888 2993 3966 formali,
3024 3888 3103 3947 ad
3124 3883 3375 3945 iustitiae

456 3969 694 4031 diuinae
733 3972 1018 4033 tribunal:
1063 3988 1184 4031 non
1225 3971 1416 4032 solum
1459 3989 1676 4047 opera,
1717 3980 1780 4029 vt
1819 3972 2043 4031 fructus
2081 3971 2251 4049 fidei,
2291 3974 2395 4033 sed
2434 3974 2491 4033 δι
2534 3970 2661 4049 ipsa
2698 3971 2847 4031 fides
2886 3971 2943 4030 δι
2978 3967 3193 4042 virtus,
3224 3966 3374 4025 νῒτὸ

455 4050 699 4113 credere
767 4048 1114 4129 simpliciter
1171 4060 1236 4109 vt
1295 4050 1538 4128 dignum
1593 4067 1744 4129 opus
1783 4049 2211 4113 consideratur:
2254 4069 2377 4113 non
2415 4054 2677 4129 saluant,
2716 4050 2823 4111 sed
2862 4050 3106 4109 salutem
3144 4045 3377 4125 penitus

453 4140 744 4191 euertunt-

541 4230 634 4284 14.
716 4209 1142 4273 Necessitatem
1201 4208 1378 4287 igitur
1415 4226 1662 4287 operum
1705 4208 1764 4269 in
1806 4209 2021 4269 renatis
2062 4210 2367 4288 ponimuS,
2406 4230 2531 4271 non
2573 4207 2930 4287 coactionis,
2968 4217 3069 4269 aut
3108 4222 3261 4285 quae
3300 4203 3375 4265 sit

459 4291 746 4368 obligatio
805 4290 882 4351 ad
941 4290 1262 4367 perfectam
1333 4288 1761 4366 obedientiam,
1819 4300 2124 4365 tamquam
2162 4291 2241 4351 ad
2278 4308 2517 4352 causam
2554 4293 2609 4351 δι
2651 4287 2921 4349 meritum
2963 4286 3191 4364 salutis,
3230 4284 3373 4345 illud

465 4370 622 4433 enim
667 4368 932 4432 debitum
971 4382 1060 4433 est
1101 4370 1320 4447 legale,
1357 4372 1394 4429 a
1435 4386 1556 4446 quo
1595 4367 1944 4434 dimittimur
1981 4370 2269 4433 beneficio
2309 4370 2527 4433 Christi
2564 4368 2667 4447 qui
2703 4369 2873 4447 fregit
2914 4369 3189 4429 baculum
3208 4382 3375 4453 exac-

1851 4452 1924 4507 28
3197 4456 3341 4504 tons
3357 4486 3374 4521 ,
