3923 4875
1315 367 1643 412 ‘rutslts
1701 368 2364 412 THEOLOGICAE.
3183 367 3292 428 245

344 541 486 591 tum
550 532 866 591 multorum
908 531 1233 608 ἀποςαςίᾳ,
1278 532 1459 610 Apoc.
1510 549 1597 606 13.
1645 550 1697 602 4.
1744 533 1799 591 8.
1852 549 1937 590 12.
1989 549 2076 603 ¹4·
2120 531 2198 590 ὁ·
2259 548 2347 606 17.
2389 543 2516 591 tum
2558 529 2814 607 denique
2857 531 3164 590 Pastorum
3209 529 3296 589 in·

344 609 667 750 fidelitaite,
707 613 863 672 Iere.
912 629 1000 683 14.
1053 629 1139 682 14.
1180 612 1259 672 ἐν
1297 621 1422 687 cap.
1470 630 1560 688 23·
1610 611 1696 670 16.
1746 631 1839 671 21.
1882 611 1958 672 &⁵
1999 630 2098 686 30.
2142 622 2201 670 vt
2242 610 2724 690 praecedentium
2747 611 3085 670 seculorum
3109 609 3288 670 series

344 709 473 753 nos
513 711 546 751 e
592 705 748 752 ocet.

442 787 538 850 55.
618 774 824 849 Itaque
844 768 1013 830 huius
1036 769 1339 831 Ecclesiae
1356 770 1775 832 authoritatem
1798 768 2235 831 ministerialem
2246 769 2628 831 solummodo
2644 779 3052 847 agnoscentes,
3070 781 3132 828 vt
3149 779 3292 847 pote

348 852 603 932 regulati
645 850 871 911 inducti
910 853 948 910 ὲ,
986 851 1173 910 verbo
1216 862 1277 910 vt
1318 850 1583 928 potentia
1626 850 1766 928 Dei,
1806 851 1982 912 Rom.
2033 870 2080 910 1.
2132 868 2198 924 17
2263 846 2656 926 Principalem
2697 851 2832 908 Deo
2853 847 3087 909 authori
3109 847 3292 926 ipsius

351 931 697 993 tribuimus:
757 932 1239 991 Instrumentales
1292 935 1435 991 vero
1492 929 1794 1010 primarias
1856 930 2194 1010 Scripturae
2237 931 2476 1007 regulae
2517 929 2842 1006 perfectae3
2887 932 2940 990 δι
2983 927 3142 988 Viris
3183 929 3289 987 im-

356 1011 618 1072 mediate
657 1015 694 1070 a
732 1009 950 1090 Spiritu
990 1011 1051 1070 S.
1092 1010 1274 1087 actiS,
1314 1015 1369 1072 &
1410 1010 1661 1089 publicis
1702 1011 1947 1072 notariis
1991 1029 2064 1070 ex
2110 1008 2506 1081 reuelatione,
2547 1027 2670 1068 non
2693 1029 2768 1069 ex
2793 1007 3105 1069 vocatione
3128 1029 3290 1069 com-

356 1091 530 1154 muni
569 1089 867 1166 ministerij
912 1091 1216 1151 dumtaxat
1255 1091 1333 1151 ad
1372 1089 1749 1152 scribendum
1788 1095 1825 1152 a
1864 1093 2000 1151 Deo
2040 1089 2390 1152 constitutis.
2434 1093 2612 1166 Apoc.
2660 1109 2710 1148 2.
2763 1109 2812 1149 1.

448 1173 541 1251 56.
620 1173 833 1231 Talem
874 1179 1071 1230 autem
1112 1169 1167 1230 ei
1205 1169 1517 1232 tribuimus
1555 1171 1973 1232 authoritatem
1989 1218 2005 1250 ,
2043 1170 2182 1248 quia
2222 1182 2314 1231 est
2353 1170 2630 1230 columna
2644 1213 2661 1245 ,
2712 1190 2733 1228 1
2747 1215 2762 1230 .
2816 1169 2962 1228 Tim.
3007 1187 3066 1246 3.
3101 1185 3190 1246 15.
3212 1169 3290 1228 ad

355 1271 543 1331 quam
604 1271 717 1312 nos
774 1249 1136 1310 conferimus
1151 1296 1168 1329 ,
1210 1261 1272 1310 vt
1310 1249 1553 1312 veritate
1592 1251 1702 1330 ipsi
1743 1250 1922 1313 affixa
1963 1251 2074 1311 frui
2115 1250 2440 1328 possimus:
2481 1266 2660 1326 quam
2702 1247 2946 1327 quidem
2989 1249 3218 1326 accepit
3255 1251 3294 1308 a

356 1331 660 1409 Domine,
700 1341 765 1391 vt
804 1341 1091 1407 tanquam
1132 1340 1333 1391 custos
1374 1331 1563 1392 fidelis
1604 1332 1835 1406 foueat,
1876 1335 1930 1393 &
1973 1341 2039 1392 vt
2093 1350 2232 1391 vera
2279 1340 2466 1390 mater
2505 1328 2704 1390 liberis
2745 1327 2866 1390 suis
2909 1330 3130 1406 tradat,
3171 1347 3294 1388 non

358 1414 595 1474 tantum
657 1409 1061 1488 materialiter,
1122 1412 1226 1470 sed
1268 1415 1323 1472 &
1360 1409 1689 1471 formaliter
1729 1431 1855 1472 rem
1896 1411 2124 1472 scilicet
2163 1413 2220 1472 δι
2261 1409 2550 1488 dogmata
2590 1407 2770 1486 ipsius
2811 1427 2916 1488 per
2955 1408 3297 1488 interpreta-

358 1492 589 1554 tionem
628 1493 685 1552 &
725 1489 1183 1568 applicationem
1226 1489 1684 1551 conuenientem
1725 1490 2050 1552 ministerio
2093 1510 2282 1552 sacro.

450 1587 545 1650 57.
632 1567 721 1630 Ex'
761 1569 1078 1649 praedictis
1118 1570 1243 1630 iure
1284 1571 1700 1632 concludimus
1742 1571 2076 1633 Ecclesiam
2119 1573 2460 1632 Romanam
2502 1585 2757 1645 errasse,
2799 1569 3042 1646 eiusque
3091 1570 3297 1628 autho·

362 1653 599 1712 ritatem
640 1651 857 1711 Sacrae
890 1649 1227 1729 Scripturae
1270 1651 1587 1727 adaequari
1630 1671 1751 1712 non
1794 1671 2002 1745 posse,
2042 1654 2097 1712 δι
2140 1651 2556 1712 Orthodoxam
2581 1649 2802 1709 Christi
2824 1649 3152 1709 Ecclesiam
3175 1667 3298 1708 non

364 1752 514 1794 esse.
560 1731 795 1791 Etenim
838 1731 993 1808 apud
1036 1731 1197 1790 illam
1236 1749 1351 1791 nec
1392 1747 1603 1808 purum
1646 1734 1811 1793 verbi
1850 1730 2265 1810 praeconium,
2302 1749 2415 1790 nec
2435 1729 2758 1821 legitimam
2779 1731 3297 1789 Sacramentorum

366 1809 939 1874 administrationem
998 1809 1206 1870 videre
1244 1822 1351 1871 est.
1394 1811 1523 1870 Nec
1559 1823 1741 1872 notae
1776 1812 1909 1873 illae
1950 1829 2103 1889 quae
2142 1815 2180 1872 a
2221 1809 2546 1870 Pontificiis
2585 1819 2947 1888 statuuntur,
2987 1807 3098 1887 ipsi
3137 1827 3300 1868 com·

366 1901 598 1972 petunt.
658 1893 943 1951 Bellarm.
999 1891 1096 1950 lib.
1140 1911 1195 1965 4.
1238 1893 1307 1950 de
1346 1891 1568 1951 Eccles.
1610 1895 1775 1952 milit.
1814 1901 1944 1971 cap.
1987 1911 2043 1968 3.
2085 1911 2142 1966 4.
2186 1891 2315 1951 ὣς.
2357 1891 2569 1968 Neque
2612 1888 2770 1948 enim
2811 1907 3012 1949 veram
3054 1887 3303 1966 antiqui-

370 1983 557 2034 tatem
575 2019 593 2050 ,
653 1969 1027 2032 durationem
1091 1969 1150 2030 in
1202 1969 1510 2045 doctrina,
1550 1970 2002 2050 amplitudinem
2045 1969 2448 2048 credentium,
2489 1969 2924 2030 successionem
2967 1968 3304 2045 doctrinae,

372 2049 879 2130 conspirationem
920 2049 983 2110 in
1022 2049 1295 2110 doctrina
1337 2068 1477 2112 cum
1514 2049 1811 2131 primitiua
1852 2051 2120 2112 Ecclesia
2133 2097 2150 2127 ,
2192 2051 2454 2128 aliasque
2495 2069 2680 2128 penes
2719 2069 2782 2109 se
2824 2049 3020 2108 habet.

454 2135 551 2210 58.
632 2131 689 2190 Ε
740 2130 1037 2191 contrario
1094 2133 1234 2191 vero
1274 2141 1508 2192 nostras
1550 2131 1847 2193 Ecclesias
1886 2150 2055 2192 veras
2095 2130 2342 2191 Domini
2388 2128 2683 2190 Ecclesias
2724 2147 2854 2190 esse
2897 2128 3108 2190 merito
3149 2130 3299 2188 affir-

370 2229 635 2292 mamus,
674 2209 961 2288 quoniam
999 2211 1158 2290 apud
1202 2228 1311 2271 nos
1352 2213 1643 2288 refulgent
1680 2229 1894 2288 purum
1942 2210 2104 2272 verbi
2126 2209 2533 2288 praeconium,
2573 2211 3153 2285 Sacramentorumq.
3197 2208 3297 2268 ad-

372 2291 753 2368 ministratiog
792 2301 971 2369 prout
1006 2301 1093 2352 est
1132 2293 1171 2350 a
1207 2290 1476 2353 Domino
1517 2289 1794 2353 instituta.
1833 2293 2062 2353 Matth.
2106 2293 2199 2352 26.
2246 2293 2338 2350 26.
2385 2308 2480 2364 27.
2521 2289 2651 2349 &⁵0.

454 2388 549 2464 59.
631 2374 786 2449 Neq.
825 2370 889 2430 id
930 2371 1190 2447 tantum3
1230 2373 1435 2433 verum
1477 2370 1653 2432 etiam
1695 2391 1801 2451 per
1842 2372 1953 2434 Dei
1995 2369 2245 2451 gratiam
2286 2369 2362 2430 de
2403 2367 2782 2430 successione
2823 2367 3158 2462 primitiuae
3182 2367 3295 2426 Ec-

372 2454 586 2514 clesiae
619 2462 745 2513 tum
784 2452 844 2511 in
886 2450 1185 2530 doctrina,
1227 2461 1354 2512 tum
1396 2454 1459 2513 in
1496 2452 1766 2531 personis
1782 2500 1799 2531 ,
1841 2472 1964 2513 non
2005 2450 2250 2529 quidem
2289 2469 2397 2529 per
2436 2449 2666 2529 singula
2707 2461 2931 2528 capita,
2967 2448 3073 2510 sed
3095 2460 3292 2509 tamen

372 2532 435 2593 in
477 2530 781 2593 communi
823 2532 881 2592 &
920 2530 982 2591 in
1021 2550 1275 2611 corpore
1307 2532 1545 2609 gloriari
1584 2532 1643 2593 in
1689 2532 1955 2593 Domino
1989 2533 2113 2593 iure
2157 2548 2490 2609 possumus.

453 2615 549 2672 60.
632 2614 943 2673 Praeterea
992 2628 1131 2672 vera
1195 2611 1527 2691 Antiquitas
1582 2632 1764 2691 penes
1809 2631 1917 2674 nos
1965 2624 2088 2692 est3
2126 2630 2268 2672 nam
2310 2609 2580 2671 Christus
2620 2619 2708 2669 est
2749 2607 3060 2668 doctrinae
3102 2624 3286 2684 quam

372 2694 723 2772 profitemur
779 2692 1011 2752 author.
1052 2693 1317 2769 Tempus
1356 2702 1594 2753 nostrae
1632 2690 1929 2754 Ecclesiae
1969 2701 2059 2752 est
2095 2690 2238 2752 inde
2274 2694 2312 2751 a
2353 2688 2643 2768 principio
2687 2687 3024 2765 Euangelij3
3069 2688 3288 2747 Nostra

372 2774 657 2851 dogmata
696 2776 731 2833 e
770 2771 931 2851 puris
972 2770 1233 2832 fontibus
1274 2772 1333 2831 S.
1375 2772 1711 2851 Scripturae
1750 2783 1884 2833 sunt
1918 2771 2102 2850 petita
2139 2773 2390 2831 tantum.
2432 2772 2612 2829 Hanc
2666 2770 3044 2847 profitentes,
3086 2768 3288 2843 hulcq.

373 2852 758 2913 adhaerentes
798 2864 933 2911 sunt
974 2870 1184 2911 omnes
1224 2852 1347 2913 veri
1389 2865 1676 2929 martyres
1716 2855 1771 2913 δι
1813 2852 2018 2913 fideles
2033 2897 2050 2925 ,
2091 2850 2228 2911 inde
2267 2852 2346 2910 ab
2390 2849 2689 2910 Ecclesiae
2731 2846 3123 2909 incunabulis.
3181 2850 3294 2906 Po-

373 2936 593 2993 stremo
632 2934 833 2993 hostes
872 2941 1009 2992 sunt
1042 2930 1321 2993 haeretici
1362 2931 1655 2993 manifesti
1698 2936 1753 2993 δι
1792 2934 2067 3009 latentes,
2109 2929 2396 3009 imprimis
2439 2933 2579 2990 vero
2612 2927 3040 3005 Antichristus,
3065 2927 3167 3005 qui
3189 2946 3294 3005 per

374 3030 507 3073 suas
548 3024 769 3073 turmas
808 3010 1174 3088 decipientes
1212 3011 1270 3071 δι
1309 3012 1589 3090 deceptas
1629 3012 1743 3072 Dei
1786 3011 2011 3073 veritati
2049 3030 2176 3071 sese
2213 3010 2483 3089 opponit.
2529 3010 2894 3091 Comprimat
2932 3010 3100 3067 mum
3125 3008 3296 3067 Deus

382 3093 645 3172 Optimus
683 3094 884 3153 Maxi.
930 3093 1041 3151 Oui
1073 3094 1208 3152 laus
1246 3093 1309 3151 in
1351 3094 1546 3153 secula
1585 3094 1932 3154 seculorum.
1975 3092 2189 3151 Amen.

856 3548 1043 3607 XLV.
1119 3546 1253 3606 DE
1321 3546 2064 3608 COMMVNIONE
2136 3550 2830 3612 SANCTORUM.

468 3725 843 3809 Postquam
888 3726 969 3789 de
1010 3735 1246 3791 sancta
1288 3726 1600 3791 Ecclesia
1674 3726 2024 3793 Catholica
2042 3778 2058 3805 ,
2111 3751 2274 3812 quae
2321 3740 2562 3813 corpus
2606 3740 2710 3793 est
2761 3727 3066 3806 Christi,
3109 3740 3303 3811 prae-

388 3816 759 3882 cedentibus
826 3816 1396 3901 disputationibus
1464 3830 1690 3883 actum
1759 3829 1885 3896 est,
1931 3819 2138 3903 de'que
2174 3820 2468 3885 essentia
2512 3824 2582 3887 ἃ
2629 3822 2895 3885 ratione
2937 3820 3158 3903 ipsius
3209 3842 3306 3883 se-

383 3907 664 3972 cundum
707 3918 918 3972 totum
937 3957 955 3985 ,
1003 3910 1073 3974 &
1101 3918 1343 3993 partes
1391 3930 1760 3975 communes
1807 3911 2032 3994 ipsius
2051 3933 2075 3975 .·
2122 3910 2426 3994 deinceps
2449 3913 2638 3977 nobis
2659 3912 3047 3993 cle-proprio
3073 3910 3307 3997 officio

383 4001 447 4063 δ’
491 4007 649 4063 actu
696 3998 919 4082 ipsius
959 3998 1322 4064 videndum
1368 4009 1472 4064 est
1486 4050 1503 4078 ‚
1552 4001 1909 4065 secundum
1944 4011 2187 4086 partes
2233 4002 2625 4085 singulares
2648 4024 2811 4068 suas
2826 4052 2841 4080 ,
2867 4024 3058 4085 quem
3083 4012 3307 4067 actum

375 4089 659 4173 proprie
713 4086 1249 4155 communionem
1296 4101 1683 4157 sanctorum
1729 4092 2180 4176 appellamus.

474 4294 523 4334 1.
604 4276 850 4335 PARTES
888 4274 1213 4354 singulares
1253 4294 1357 4337 seu
1400 4277 1671 4337 membra
1712 4294 1783 4337 ea
1824 4286 1993 4355 sunt,
2076 4295 2186 4337 uae
2227 4289 2466 4339 sanctos
2502 4298 2574 4338 ex
2616 4294 2724 4339 vsu
2746 4277 3082 4357 Scripturae
3103 4282 3310 4358 appel-

390 4356 605 4415 lamus:
646 4354 772 4416 siue
811 4357 1071 4433 perfecte
1102 4366 1343 4417 sanctos
1380 4356 1599 4417 dixeris
1637 4354 1741 4434 qui
1778 4354 1841 4417 in
1881 4359 2030 4418 Para
2073 4356 2162 4419 iso
2197 4368 2530 4438 versantur,
2571 4360 2832 4420 fruentes
2851 4360 3115 4437 perfecta
3132 4378 3294 4419 com-

3029 4438 3308 4499 munione
