3923 4875
1777 1192 1928 1260 DE

612 1403 1263 1487 POLITIAE
1347 1405 1800 1489 MOSIS
1885 1407 3125 1516 OBSERVATIONE;

442 1636 700 1729 QVID
751 1634 1158 1709 POPVLO
1211 1636 1382 1709 DEI
1434 1636 2053 1727 OBSERVARI,
2110 1640 2365 1734 QVID
2416 1642 2635 1717 NON
2689 1644 3269 1722 OBSERVARI

935 1860 1062 1925 EX
1109 1863 1238 1925 EA
1285 1862 1810 1943 OPORTEAT,
1861 1864 2365 1950 POSTQVAM
2410 1870 2771 1933 GRATIA

577 2002 636 2067 &
687 2000 1087 2067 VERITAS
1134 2003 1307 2067 PER
1355 2003 1832 2069 CHRISTUM
1881 2008 2200 2073 FACTA
2248 2008 2445 2087 EST,
2496 2012 2555 2075 81
2600 2010 3145 2080 EUANGELIO

1522 2146 2189 2213 PROMULGATA.

389 2353 656 2411 Libellus
697 2370 848 2409 nunc
873 2354 1141 2430 primum
1181 2356 1269 2413 ad
1302 2374 1649 2415 communem
1692 2358 2152 2433 aedfflcatz'onem
2182 2359 2594 2436 praescriptus
2631 2367 2802 2435 atque
2834 2363 2895 2440 ξπ
2928 2362 3104 2420 lucem
3138 2364 3321 2423 editus

1845 2537 1884 2600 ὲ,

1355 2725 1958 2792 FRANCISco
2030 2729 2354 2795 IvN10.

1684 3061 2032 3118 Illustribus

659 3211 1149 3277 BATAVIAE
1198 3212 1690 3279 ORDINIBVS
1737 3213 2337 3279 NOBILISSIMIS
2380 3211 2625 3278 VIRIS
2674 3213 3060 3280 DOMINIS

1552 3347 2137 3414 AMPLISSIMIS
2158 3399 2173 3428 ‚

1047 3515 1612 3575 FRANclscvs
1674 3517 1981 3576 Ivruvs
2044 3516 2103 3576 S.
2166 3516 2232 3574 P.
2292 3517 2327 3572 a
2386 3511 2672 3574 Domino.

478 3691 976 3752 DisclmeARvm
1026 3694 1328 3774 omnium,
1381 3696 1640 3756 Illustres
1696 3694 1967 3774 ordineS,
2022 3714 2175 3774 quae
2226 3703 2539 3776 πρακτικαὶ
2585 3696 2793 3773 vulgo,
2837 3694 2897 3753 id
2940 3705 3057 3770 est,
3100 3693 3329 3786 actiuae

398 3772 800 3850 appellantur,
865 3771 1153 3835 eiusmodi
1215 3787 1422 3836 natura
1482 3787 1594 3852 est,
1663 3785 1730 3835 ut
1795 3796 2026 3853 semper
2075 3774 2319 3852 quidem
2372 3773 2638 3854 cognitio
2706 3793 2909 3836 earum
2973 3775 3331 3866 scientiaque

399 3861 667 3930 maneat,
705 3863 874 3912 actus
914 3859 1055 3915 vero
1097 3855 1272 3916 certis
1312 3855 1729 3917 occasionibus
1768 3855 2044 3933 iustoque
2086 3868 2357 3935 tempore
2398 3866 2726 3933 occupetur
2792 3854 3329 3945 Ratiocinationem

398 3947 603 3990 earum
653 3951 820 3993 mens
859 3945 1202 3996 constanter
1241 3935 1480 4014 retinet,
1522 3954 1672 4014 opus
1714 3955 1969 4014 corpore
2010 3937 2247 3997 alternis
2287 3946 2498 4014 agente
2538 3939 2593 3995 δι
2633 3934 2973 4012 quiescente
3014 3935 3333 4014 perficitur.

401 4007 462 4068 Si
522 4028 641 4086 qua
692 4023 890 4073 autem
951 4019 1233 4094 πρακτική
1285 4015 1594 4094 disciplina
1643 4028 1733 4076 est
1775 4016 1835 4076 in
1875 4017 2149 4077 humanis
2188 4017 2395 4094 rebus,
2435 4033 2587 4092 quae
2626 4035 2877 4094 regnum
2919 4033 3027 4074 suo
3068 4015 3332 4106 quodam

399 4088 524 4148 iure
577 4090 638 4150 in
689 4093 920 4154 omneis
975 4095 1270 4172 obtineat,
1327 4098 1597 4173 profecto
1639 4117 1710 4157 ea
1751 4107 1838 4156 est
1879 4114 2061 4174 quam
2103 4097 2407 4174 politicam
2448 4097 2830 4173 appellamus,
2892 4097 3066 4168 Haec
3105 4106 3239 4155 lustr
3279 4095 3334 4154 &

399 4169 630 4230 honesti
691 4173 994 4250 magistra:
1051 4176 1200 4236 haec
1255 4188 1454 4237 custos
1511 4177 1763 4238 ordinis:
1806 4179 1955 4236 haec
1997 4177 2219 4255 publici
2261 4180 2316 4237 &
2358 4175 2571 4254 priuati
2610 4175 2751 4237 iuris
2790 4177 2869 4238 ad
2907 4179 3133 4238 bonum
3174 4194 3334 4236 com·

401 4268 577 4310 mune
631 4251 878 4313 vindex:
932 4252 994 4313 in
1044 4255 1185 4334 hae,
1227 4257 1557 4333 Polyaenus
1599 4256 1822 4335 inquit,
1863 4255 2062 4317 insunt
2101 4257 2335 4318 omnia:
2378 4259 2491 4317 hac
2535 4259 2699 4318 salua
2738 4268 3046 4318 seruantur
3085 4265 3330 4316 cuncta:

397 4329 514 4388 hac
563 4331 778 4409 deniq3
823 4344 1108 4412 pereunte
1159 4335 1306 4396 nihil
1345 4337 1405 4396 in
1448 4337 1699 4414 publicis
1737 4339 1793 4396 δι
1835 4335 2079 4427 priuatis
2119 4338 2295 4397 rebus
2335 4355 2457 4398 non
2506 4337 2660 4414 perit
2701 4348 2880 4415 atque
2920 4336 3336 4415 corrumpitur.

480 4411 598 4470 Sed
657 4415 768 4474 etsi
821 4416 1040 4492 primas
1093 4414 1151 4474 in
1207 4419 1386 4477 rebus
1427 4416 1700 4478 humanis
1753 4419 1894 4476 huic
1945 4416 2321 4496 disciplinae,
2362 4436 2539 4494 quam
2583 4423 2891 4496 πολιτικήν
2930 4417 3056 4478 siue
3096 4417 3337 4494 νομικὴν

1841 4516 1916 4568 42
3084 4508 3335 4572 vocant,
