3923 4875
1397 291 1726 336 Tntsts
1785 288 2439 335 Tnnotoolcat.
3306 292 3419 351 207

1115 531 1402 590 XXXIII.
1485 531 1620 590 DE
1681 529 1930 588 FIDE
1990 526 2797 587 IVSTIFICANTE.

599 709 1144 792 Quandoquidem
1192 709 1512 774 hactenus
1557 709 1637 772 de
1682 707 2157 772 humiliatione
2192 709 2261 771 ὃ·
2298 706 2713 769 exaltatione
2730 755 2745 782 ,
2785 706 2865 768 de
2886 708 3128 770 merito
3160 705 3418 782 Christ,

443 802 450 810 ’
501 805 570 867 ὃ·
615 801 952 886 beneficiis
995 821 1156 884 erga
1206 823 1324 865 nos
1370 801 1622 866 dictum
1672 811 1807 870 est:
1856 797 2121 862 ordinis
2166 799 2234 862 &
2280 797 2532 861 salutis
2576 807 2849 860 nostrae
2891 797 3075 861 ratio
3092 799 3427 880 postulati

499 903 576 958 vt
634 891 714 956 de
763 891 906 978 fide
963 913 1095 975 qua
1173 889 1522 959 Christum
1585 915 1731 957 cum
1791 889 2090 953 omnibus
2152 889 2374 972 ipsius
2429 889 2770 974 beneficiis
2820 889 3385 971 apprehendimus
3405 940 3419 967 ,

501 1004 804 1066 agamus.

1733 1168 2173 1226 Τ11112121.

587 1364 638 1405 1.
718 1347 906 1422 vin
951 1363 1066 1405 vox
1107 1345 1246 1405 fidei
1292 1349 1602 1422 ὁμωνύμως
1641 1343 1963 1421 accipiatur
2002 1343 2061 1403 in
2106 1343 2298 1404 Sacris
2338 1343 2547 1420 literis,
2588 1354 2903 1420 antequam
2938 1345 3014 1404 de
3036 1361 3109 1404 ea
3128 1344 3425 1420 dicamus,

503 1435 741 1502 oportet
781 1430 816 1486 a
859 1426 1034 1486 nobis
1072 1425 1202 1485 tolli
1241 1426 1708 1500 homonymam.
1769 1423 2079 1501 Duplicem
2116 1424 2275 1484 enim
2310 1424 2489 1484 fidem
2511 1423 2687 1485 nobis
2714 1424 3016 1502 Scriptura
3036 1426 3095 1485 S.
3116 1425 3425 1502 proponit.

507 1524 683 1564 vnam
739 1507 968 1566 firmam
1033 1507 1088 1564 &
1141 1517 1524 1583 perpetuam,
1563 1521 1744 1581 quam
1787 1505 2229 1582 iustificantem3
2268 1505 2511 1596 alteram
2552 1504 2844 1564 infirmam
2886 1507 2941 1564 &
2978 1505 3426 1597 temporariam,

507 1603 686 1661 quam
726 1605 848 1644 non
888 1585 1300 1645 iustificantem
1345 1594 1582 1644 vocant.
1625 1587 1718 1644 De
1761 1585 1956 1663 priore
1997 1603 2108 1644 nos
2150 1550 2245 1644 ht'c
2284 1583 2543 1662 agimus,
2582 1601 2735 1662 quae
2778 1587 2908 1644 sola
2941 1585 3181 1664 proprie
3212 1585 3267 1643 &
3288 1587 3428 1645 vere

502 1665 650 1724 fides
689 1665 974 1743 appellari
1013 1675 1207 1742 potest
1247 1669 1412 1741 (nam
1453 1668 1810 1742 temporaria
1852 1665 1906 1722 &
1941 1675 2177 1724 mortua
2216 1664 2315 1724 illa
2352 1663 2499 1724 fides
2540 1683 2745 1725 reuera
2774 1682 2895 1724 non
2932 1675 3019 1724 est
3044 1665 3222 1746 fides)
3236 1672 3425 1742 eaque

508 1747 603 1803 vel
645 1755 734 1804 est
765 1745 1135 1822 adultorum,
1179 1746 1270 1804 vel
1311 1755 1399 1806 est
1435 1744 1744 1806 infantum.

595 1843 648 1883 2.
730 1827 904 1884 Fides
965 1827 1306 1885 adultorum
1357 1843 1480 1884 non
1529 1826 1755 1884 tantum
1799 1823 2009 1884 notitia
2048 1836 2134 1884 est
2175 1825 2231 1882 81
2272 1841 2543 1885 assensus
2582 1825 2891 1886 doctrinae
2928 1825 3103 1886 nobis
3144 1843 3248 1902 per
3286 1827 3425 1885 Pro-

513 1904 718 1981 phetas
763 1905 821 1965 &
860 1906 1189 1982 Apostolos
1229 1904 1504 1964 traditae:
1547 1905 1652 1964 sed
1703 1904 1882 1964 etiam
1923 1915 2087 1964 certa
2126 1905 2415 1980 firmaque
2456 1905 2669 1965 fiducia
2711 1905 2765 1964 81
2806 1905 3199 1984 apprehensio
3216 1951 3233 1983 ,
3274 1923 3427 1982 quae

509 1984 790 2060 gratuitae
827 1985 888 2044 in
930 1985 1168 2046 Christo
1209 1983 1619 2062 promissionis
1661 1984 1903 2044 veritate
1942 1984 2217 2054 fundata,
2262 2002 2368 2060 per
2410 1983 2690 2063 Spiritum
2720 1987 3000 2046 Sanctum
3035 1989 3328 2047 reuelatur
3366 1984 3425 2044 in

513 2064 806 2125 mentibus
847 2065 1095 2142 nostris,
1135 2067 1191 2125 &
1233 2064 1292 2124 in
1335 2063 1616 2126 cordibus
1656 2063 2021 2157 obsignatur.

591 2159 649 2218 3.
728 2144 933 2204 Fidem
978 2163 1098 2205 non
1141 2145 1362 2204 nudam
1403 2145 1630 2203 tantum
1671 2143 1969 2220 notitiam3
2010 2144 2117 2204 sed
2156 2143 2211 2202 81
2252 2143 2528 2202 fiduciam
2568 2163 2697 2206 esse
2736 2156 2957 2205 certam
2974 2192 2991 2220 ,
3030 2146 3220 2225 ipsum
3254 2163 3425 2204 voca·

509 2222 633 2283 buli
671 2223 883 2299 ἒτυμον
923 2225 1196 2286 ostendit.
1237 2225 1550 2284 Deriuatur
1588 2223 1742 2283 enim
1779 2224 1917 2284 hinc
1958 2228 2130 2300 (teste
2168 2221 2491 2298 Cicerone,
2535 2223 2639 2286 lib.
2691 2249 2736 2284 1.
2778 2225 2953 2284 Osfic.
2996 2229 3051 2286 &
3094 2225 3197 2286 lib.
3247 2245 3302 2299 4.
3346 2225 3421 2283 de

509 2305 760 2380 Repulit.
803 2306 960 2380 apud
1001 2307 1188 2380 Non.)
1229 2304 1399 2382 quasi
1422 2305 1551 2395 fiat
1582 2305 1742 2381 quod
1775 2307 1987 2364 dicmm
2026 2312 2124 2364 est.
2170 2303 2461 2364 Hebraeis
2502 2321 2623 2362 11011
2664 2303 2929 2364 dissimili
2962 2305 3187 2366 ratione
3208 2304 3423 2364 dicitur

509 2385 832 2461 AEruunah,
871 2384 950 2444 ab
991 2387 1222 2465 Anzan,
1262 2384 1426 2462 quod
1474 2383 1766 2463 significat
1801 2383 2097 2445 firmatum
2138 2401 2284 2444 esse.
2326 2383 2571 2444 Graecis
2612 2389 2780 2451 πιςις
2820 2385 2875 2444 δι
2920 2390 3421 2461 πεποίθησιςεεο

508 2464 672 2539 quod
713 2482 1058 2541 persuasum
1099 2467 1424 2526 habeamus
1463 2464 1526 2524 id
1565 2464 1733 2540 quod
1773 2464 2088 2524 credimus.

593 2562 647 2617 4
727 2544 1087 2623 Subiectum,
1127 2562 1232 2606 seu
1272 2543 1516 2604 materia
1555 2544 1616 2603 in
1658 2560 1806 2621 qua,
1847 2544 2019 2605 huius
2060 2546 2197 2604 fidei
2236 2555 2323 2605 est
2364 2562 2559 2618 mens,
2602 2543 2902 2616 voluntas,
2938 2544 3120 2603 &cor
3138 2542 3421 2621 hominis,

507 2622 571 2683 in
611 2624 826 2699 quibus
865 2624 974 2685 sita
1013 2638 1134 2704 est,
1173 2642 1298 2686 non
1337 2624 1530 2684 solum
1573 2622 2034 2701 acquiescentia:
2078 2626 2183 2683 sed
2223 2627 2277 2685 81
2318 2640 2548 2683 summa
2586 2621 2685 2681 illa
2721 2587 2968 2701 laetitia,
3002 2642 3076 2683 ex
3113 2632 3275 2683 certa
3294 2642 3421 2701 per-

513 2702 781 2764 suasione
823 2708 879 2765 &
919 2709 1280 2785 πληροφορια
1319 2722 1694 2783 promanans,
1735 2705 1888 2763 Nam
1929 2702 2179 2782 Spiritus
2218 2706 2469 2765 Sanctus
2497 2703 2553 2762 &
2588 2714 2843 2763 mentem
2876 2704 3154 2781 illustrat,
3174 2714 3237 2763 vt
3256 2703 3421 2764 intel-

513 2781 654 2860 ligat
695 2785 968 2863 verbum,
1009 2788 1066 2845 &
1105 2792 1468 2844 voluntatem
1510 2794 1738 2857 mouet,
1779 2794 1844 2843 vt
1881 2784 2067 2843 verbo
2108 2784 2407 2844 intellecto
2447 2783 2818 2859 assentiatur
2859 2785 2915 2844 &
2954 2794 3247 2860 vtrunque
3284 2802 3422 2845 con·

514 2864 736 2941 firmat,
773 2875 840 2923 vt
877 2880 986 2924 cor
1025 2864 1084 2923 in
1127 2882 1202 2923 eo
1243 2863 1484 2924 firmiter
1528 2863 1886 2953 acquiescat.

595 2956 648 3020 5.
731 2946 953 3003 Forma
1002 2957 1090 3004 est
1143 2962 1475 3021 agnoscens
1528 2941 1744 3004 Christi
1791 2942 2188 3036 apprehensio
2226 2960 2363 3002 cum
2406 2941 2681 3003 omnibus
2718 2941 3018 3003 beneficiis
3054 2942 3133 3003 ad
3174 2944 3423 3003 salutem

513 3022 878 3099 necessariis,
921 3025 974 3083 &
1014 3023 1320 3101 singularis
1361 3021 1676 3117 applicatio
1717 3024 2003 3101 gratuitae
2042 3022 2405 3084 remissionis
2442 3032 2821 3100 peccatorum
2862 3021 2921 3082 in
2962 3022 3112 3101 ipso.

590 3105 648 3162 6.
733 3104 962 3162 Caussa
1019 3103 1282 3180 efficiens
1340 3104 1532 3182 prima
1590 3104 1645 3162 &
1697 3102 2037 3181 principalis
2074 3115 2163 3163 est
2206 3102 2453 3181 Spiritus
2498 3104 2775 3179 SanctuS,
2823 3122 2873 3163 1.
2924 3102 3189 3164 Corinth.
3235 3121 3325 3163 12.
3364 3122 3425 3181 9.

517 3202 571 3244 2.
618 3184 876 3246 Corinth.
929 3202 987 3255 4.
1030 3186 1084 3242 6.
1137 3186 1338 3245 Galat.
1381 3200 1434 3261 5.
1480 3203 1575 3243 22.
1613 3186 1830 3276 Ephes3
1876 3204 1928 3244 2.
1974 3188 2029 3245 8.
2082 3184 2185 3260 qui
2226 3202 2357 3244 eam
2396 3182 2633 3243 actione
2674 3182 2915 3261 speciali
2956 3182 3016 3243 in
3057 3182 3335 3245 omnibus
3367 3186 3425 3245 &

508 3261 648 3322 solis
687 3262 918 3341 electis,
959 3280 1135 3341 supra
1175 3274 1418 3324 naturae
1458 3263 1730 3324 ordinem
1770 3263 1983 3342 gignit,
2026 3267 2313 3341 perpetuo
2354 3262 2455 3323 alit
2494 3266 2551 3323 &
2588 3264 3020 3325 ῐουεῐ.ΜαίτΙι.
3069 3283 3225 3340 131
3242 3284 3422 3323 1.12.

513 3343 722 3401 loann.
769 3360 862 3403 10.
905 3344 998 3401 26.
1041 3350 1172 3403 Act.
1221 3360 1312 3419 13.
1354 3348 1452 3420 48.
1491 3345 1663 3403 Rom.
1707 3346 1764 3405 8.
1806 3362 1902 3419 30.
1948 3364 2001 3405 2.
2052 3345 2316 3403 Thessal.
2356 3362 2411 3418 3.
2458 3363 2511 3403 2.
2568 3342 2872 3421 Proprium
2914 3348 3057 3403 vero
3096 3345 3153 3404 81
3192 3343 3423 3404 ordina·

513 3422 660 3481 rium
701 3440 1023 3499 organum,
1063 3439 1188 3500 quo
1229 3425 1306 3483 ad
1347 3424 1522 3484 fidem
1565 3424 1720 3483 hanc
1761 3422 1818 3483 in
1861 3424 2037 3485 nobis
2078 3422 2466 3502 gignendam,
2509 3423 2903 3499 alendamque
2925 3420 3132 3501 vtitur,
3154 3433 3242 3483 est
3260 3442 3425 3501 prae-

511 3501 770 3561 dicatum
834 3502 1252 3581 Euangelium,
1312 3506 1486 3563 Rom.
1544 3506 1733 3564 1.16.
1787 3506 1866 3563 ὁ·
1914 3524 2003 3564 10.
2052 3522 2144 3564 12.
2206 3524 2255 3562 1.
2300 3504 2561 3567 Corinth.
2603 3522 2659 3575 4.
2710 3519 2797 3580 15.
2842 3504 2920 3562 ὁ·
2966 3518 3056 3579 15.
3101 3522 3154 3564 2.
3194 3505 3251 3564 &
3291 3520 3427 3561 vsus

515 3582 1062 3642 Sacramentorum:
1125 3602 1264 3643 112111
1317 3602 1427 3661 per
1474 3586 1623 3644 haec
1678 3595 1958 3674 operatur
2010 3584 2256 3675 Spiritus
2304 3585 2585 3661 Sanctus,
2639 3584 2693 3643 &
2744 3584 2807 3660 (f.
2858 3584 3031 3656 1682)
3070 3583 3293 3659 absque
3335 3582 3426 3641 his

511 3660 806 3721 ordinarie
843 3678 1147 3739 nunquam
1188 3675 1429 3740 generat
1468 3663 1528 3723 in
1570 3662 1786 3723 adultis
1827 3664 2004 3723 fidem
2042 3663 2470 3724 iustificantem.

595 3758 646 3814 7.
739 3742 1058 3818 obiectum,
1109 3760 1212 3803 seu
1265 3743 1508 3803 materia
1548 3742 1704 3802 circa
1743 3758 1958 3821 quam,
2000 3748 2061 3801 in
2092 3763 2307 3818 genere
2346 3756 2434 3803 est
2472 3754 2662 3803 totum
2704 3744 2946 3802 verbum
2986 3742 3097 3802 Dei
3142 3760 3244 3818 per
3284 3742 3423 3801 Pro·

511 3822 719 3895 phetas
777 3823 832 3881 81
895 3824 1222 3899 Apostolos
1282 3824 1673 3883 declaratum:
1730 3840 1844 3882 nec
1899 3822 2085 3915 magis
2126 3824 2205 3882 ab
2244 3842 2317 3883 eo
2360 3824 2507 3884 fides
2546 3820 2747 3883 diuelli
2785 3832 3013 3900 potest,
3056 3840 3234 3898 quam
3276 3822 3421 3899 radij

508 3906 544 3959 a
607 3901 748 3961 Sole
809 3902 966 3962 vnde
1027 3900 1324 3979 oriuntur3
1385 3913 1446 3961 vt
1507 3922 1630 3963 non
1693 3902 1991 3963 immerito
2052 3906 2185 3961 sons
2240 3904 2293 3961 81
2347 3902 2502 3963 basis
2540 3900 2681 3962 fidei
2722 3920 2849 3962 esse
2891 3902 3145 3961 dicatur:
3191 3902 3345 3962 vnde
3376 3902 3425 3963 si

513 3980 770 4041 declinat
833 3981 1070 4042 corruit.
1131 3984 1358 4041 Rursus
1422 3982 1722 4043 obiectum
1779 3980 1917 4043 fidei
1970 3986 2029 4041 in
2071 3986 2252 4059 specie
2298 3993 2387 4042 est
2424 3981 2690 4057 bonitas
2732 3980 3159 4057 misericordia
3198 3984 3253 4041 &
3294 4002 3426 4060 pro-

505 4060 708 4120 missio
771 4062 917 4131 Dei,
973 4062 1030 4121 in
1079 4062 1317 4121 Christo
1359 4062 1687 4124 Mediatore
1727 4062 1782 4121 81
1823 4062 2089 4123 1)01111110
2130 4074 2335 4123 nostro
2379 4062 2647 4138 fundata,
2686 4064 2741 4123 81
2782 4062 2841 4121 111
2885 4062 3213 4139 Euangelio
3252 4062 3427 4123 101112

505 4142 836 4217 proposita.
901 4144 1076 4200 Rom.
1120 4160 1176 4212 4.
1229 4144 1315 4201 16.
1379 4142 1698 4203 Obiectum
1758 4146 1902 4203 vero
1955 4144 2110 4221 hoc,
2162 4152 2287 4202 tum
2330 4141 2391 4201 in
2426 4160 2675 4220 genere,
2714 4152 2838 4201 tum
2881 4142 2938 4199 in
2982 4143 3212 4219 specie,
3252 4143 3427 4204 nobis

501 4221 787 4297 proponit
827 4222 890 4281 id
933 4220 1095 4297 quod
1139 4238 1260 4279 11011
1307 4222 1566 4281 videtur:
1609 4237 1696 4282 cst
1735 4223 1894 4285 enim
1935 4224 2085 4283 fides
2124 4240 2329 4283 eorum
2370 4240 2524 4298 quae
2554 4240 2676 4281 non
2713 4222 3009 4293 videntur,
3031 4224 3225 4281 Hebr.
3258 4242 3345 4283 11.
3378 4243 3427 4283 1.

580 4304 636 4361 8.
723 4304 898 4361 Finis
933 4302 1158 4379 duplex
1204 4312 1318 4361 est:
1354 4306 1520 4383 prin
1507 4323 1596 4363 as
1631 4314 1716 4361 est
1750 4303 1934 4381 gloria
1968 4303 2115 4381 Dei,
2156 4320 2306 4379 quae
2334 4302 2395 4361 in
2439 4321 2513 4363 eo
2554 4301 2851 4381 consistit,
2886 4313 2946 4361 vt
2964 4302 3433 4363 aestimationem

3286 4382 3422 4445 Deo
