3923 4875
598 112 675 171 de
714 129 847 172 rore
884 111 1210 170 secundum
1250 119 1520 169 naturam
1560 113 1599 168 a
1636 109 1817 186 vulgo
1858 109 2178 186 percipitur
2219 108 2548 184 diciturque
2585 109 2748 168 idem
2781 111 2816 168 a
2853 108 2963 186 piis
2995 110 3072 170 de
3093 111 3260 170 bono
3277 107 3535 187 spiritali

598 192 811 252 dicitur
868 188 1316 282 percipiturque
1344 187 1405 248 in
1446 190 1867 250 communione
1906 201 2278 250 sanctorum.
2340 191 2420 248 ab
2459 191 2528 249 iis
2565 191 2882 268 propterea
2915 209 3040 251 non
3079 189 3402 268 percipitur
3443 193 3536 264 (vt

598 276 734 333 ante
794 270 1159 346 dicebamus)
1218 270 1357 347 quia
1416 268 1811 347 percipiendis
1869 269 1982 330 illis
2037 271 2212 348 plane
2266 268 2450 347 inepti
2499 278 2666 348 sunt,
2713 269 2911 330 donec
2949 269 3198 350 regeniti
3233 269 3456 332 fuerint
3495 273 3534 328 a

600 353 885 413 Domino·

678 435 889 510 Neque
927 433 1069 492 vero
1109 431 1207 490 hic
1248 447 1490 490 necesse
1530 439 1647 507 est,
1689 441 1753 489 vt
1789 428 2220 508 amplissimum
2261 430 2424 490 illum
2467 429 2966 508 laetissimumque
3005 447 3288 524 campum
3327 431 3530 490 bono-

600 531 731 572 rum
790 511 1137 602 spiritalium
1197 511 1577 571 decurramus
1591 555 1609 587 ,
1670 512 1725 570 δι
1786 527 2240 588 percenseamus
2279 509 2530 588 scriptis.
2567 511 2742 572 Haec
2780 513 2981 590 bona,
3041 509 3274 603 etiamsi
3309 510 3535 570 chartis

600 594 810 669 innu(f.
838 611 867 668 7
876 589 1157 683 56)mer1s
1214 599 1601 652 statueremus
1658 603 1994 683 pertexere,
2054 600 2252 650 tamen
2312 599 2693 668 percepturus
2743 602 2919 666 esset,
2959 557 3074 652 nisi
3113 591 3218 668 qui
3258 589 3378 650 iam
3415 609 3532 668 per

600 672 715 734 Dei
751 674 1008 764 gratiam
1042 669 1279 731 insitum
1318 671 1535 732 habeat
1572 669 1634 730 in
1674 691 1739 732 se
1778 674 1833 732 δι
1872 669 2280 748 ingeneratum
2302 673 2551 762 bonum.
2582 673 2756 732 Haec
2787 673 2947 732 bona
2965 671 3260 763 (inquam)
3280 671 3534 732 omnino

600 752 757 814 intus
811 751 1011 813 sentiri
1050 761 1337 842 praestat,
1398 753 1579 829 quam
1622 749 1907 828 perscribi
1946 750 2176 811 multis:
2217 749 2358 829 quia
2395 749 2640 841 singulis
2677 770 2788 812 suo
2825 749 3038 812 ordine
3067 769 3174 812 sua
3209 751 3329 812 sint
3367 751 3536 810 bona

596 839 632 892 a
692 836 827 894 Deo
880 831 1191 892 distributa
1248 830 1459 892 virtute
1515 830 1789 910 SpirituS,
1850 848 2004 909 quae
2055 830 2119 890 in
2161 830 2522 892 conscientia
2559 833 2846 924 leguntur
2869 830 3058 910 digito
3097 831 3214 892 Dei
3257 841 3536 908 exat-am,

596 933 717 974 non
756 924 957 974 autem
994 913 1055 972 in
1094 913 1301 972 charta
1340 913 1685 972 humanisve
1724 911 1955 972 tabulis,
1998 911 2118 971 Sed
2149 910 2288 988 quia
2328 911 2578 988 vbisque
2617 913 2680 970 in
2719 910 3032 988 Scripturis
3073 910 3256 972 sacris
3277 911 3532 972 verbum

601 992 743 1070 Dei,
804 995 971 1070 quod
1031 991 1295 1070 potentia
1345 1002 1435 1053 est
1484 991 1607 1052 eius
1645 991 1725 1050 ad
1764 992 2014 1052 salutem
2064 991 2230 1052 omni
2267 991 2559 1071 credenti3
2599 1009 2738 1052 cum
2779 1011 2914 1052 rore
2953 1003 3366 1069 comparatum
3407 1003 3500 1051 est
3517 1035 3538 1066 ,

602 1076 757 1136 velut
796 1073 1249 1134 instrumentum
1286 1069 1443 1132 vitae
1482 1083 1753 1132 aeternae
1790 1075 1829 1131 a
1872 1072 2008 1131 Deo
2047 1071 2110 1131 in
2149 1072 2255 1131 has
2273 1081 2460 1132 terras
2477 1037 2800 1132 demissum
2819 1070 3064 1132 caelitus
3077 1115 3098 1150 ,
3139 1090 3260 1148 quo
3278 1070 3534 1150 perinde

598 1153 777 1214 animi
830 1152 1017 1214 nostri
1073 1152 1421 1230 irrorentur.
1482 1153 1931 1231 humectentur,
1971 1151 2027 1210 δι
2067 1150 2430 1212 inebrientur
2466 1162 2640 1230 gustu
2683 1171 2754 1212 ac
2793 1163 2942 1230 potu
2981 1151 3182 1212 salutis
3219 1163 3498 1212 aeternae
3515 1197 3536 1228 ,

602 1255 673 1295 ac
713 1253 847 1295 rore
886 1233 1121 1294 aluntur
1160 1233 1427 1324 gramina
1462 1242 1642 1308 atque
1681 1242 2048 1294 recreantur:
2090 1235 2406 1310 propterea
2445 1251 2570 1292 non
2607 1229 2946 1293 dubitamus
2967 1277 2986 1309 ,
3011 1231 3182 1330 Nquin
3209 1234 3332 1292 hoc
3351 1232 3534 1291 etiam

602 1317 741 1375 loco
800 1315 879 1374 ad
938 1315 1083 1374 illud
1144 1311 1575 1372 sanctissimum
1634 1312 1881 1372 verbum
1948 1310 2104 1372 vitae
2161 1323 2436 1374 aeternae
2475 1313 2696 1374 Psaltes
2737 1311 3084 1390 respexerit,
3124 1313 3260 1372 cum
3303 1313 3535 1372 bonum

602 1392 1037 1455 communionis
1088 1403 1428 1452 sanctorum
1480 1391 1857 1452 describeret.
1908 1393 2064 1452 Nam
2119 1393 2283 1452 Deus
2337 1395 2476 1452 cum
2525 1391 2718 1454 omnis
2757 1391 2904 1453 boni
2941 1392 3004 1453 in
3045 1403 3254 1452 natura
3293 1402 3534 1467 auctor.

602 1493 797 1534 rorem
856 1491 1027 1534 suum
1084 1471 1359 1533 defundit
1408 1471 1469 1531 in
1516 1490 1693 1550 agros
1732 1473 1812 1532 ad
1850 1471 2122 1532 infirmae
2161 1471 2334 1532 huius
2371 1483 2618 1534 naturae
2655 1472 3178 1552 sustentationem,
3219 1481 3346 1532 tum
3387 1475 3536 1532 vero

602 1555 885 1632 maxime
937 1565 999 1614 vt
1047 1552 1193 1613 boni
1244 1551 1555 1630 spiritualis
1594 1551 1657 1612 in
1698 1552 1966 1614 Ecclesia
2005 1563 2245 1631 auctor,
2288 1554 2533 1614 verbum
2570 1569 2748 1644 suum
2787 1553 3059 1615 defundit
3099 1553 3158 1613 in
3201 1550 3536 1614 Ecclesiam

602 1652 767 1695 suam
782 1678 801 1712 ,
850 1649 1001 1725 quae
1050 1632 1237 1694 aratio
1286 1643 1375 1692 est
1414 1631 1703 1709 vineaque
1742 1631 1963 1712 ipsius,
2003 1641 2067 1693 vt
2107 1599 2335 1711 singula
2375 1651 2527 1726 qouae
2565 1631 2626 1692 in
2667 1651 2740 1694 ea
2779 1643 2942 1704 sunt,
2987 1632 3137 1694 roris
3175 1633 3330 1694 illius
3369 1651 3536 1692 oom-

604 1714 1001 1775 manicatione
1052 1715 1282 1773 alantur
1296 1755 1314 1790 ,
1353 1723 1705 1790 augescant,
1744 1715 1800 1772 δι
1839 1713 1917 1772 ad
1943 1678 2174 1772 iustam
2213 1713 2608 1774 maturitatem
2649 1713 2862 1774 virtute
2899 1713 3084 1792 ipsius
3117 1714 3538 1806 perducantur.

606 1799 699 1855 Ac
737 1793 990 1872 proinde
1028 1793 1536 1870 quemadmodum
1583 1810 1781 1852 rorem
1820 1811 1945 1853 non
1985 1794 2180 1853 solum
2219 1793 2546 1854 secundum
2587 1811 2681 1870 se,
2723 1797 2780 1854 δι
2819 1804 3092 1883 respectu
3133 1791 3402 1870 principij
3445 1791 3538 1852 sui

605 1875 881 1936 nouimus
928 1891 1056 1935 esse
1104 1874 1365 1952 bonum,
1416 1872 1797 1932 verumetiam
1852 1873 1941 1932 his
1995 1875 2172 1934 rebus
2223 1872 2599 1934 inferioribus
2652 1875 2921 1946 bonum,
2975 1871 3036 1934 id
3077 1885 3164 1934 est
3177 1917 3196 1952 ,
3238 1872 3440 1932 vtilem
3479 1875 3540 1932 δι

606 1953 1001 2016 necessarium
1018 1997 1033 2027 ,
1100 1953 1494 2030 omnibusque
1532 1952 1727 2014 modis
1764 1953 2152 2014 commodum
2195 1952 2284 2028 (id
2325 1953 2486 2014 enim
2525 1971 2736 2014 omnes
2777 1953 3176 2031 comperimus
3215 1969 3324 2014 vsu
3353 1971 3536 2046 ‘expe—

608 2034 813 2096 rientia
872 2033 1200 2108 communi)
1260 2033 1340 2093 ita
1400 2035 1648 2093 verbum
1704 2049 1944 2110 quoque
2006 2032 2253 2094 Domini
2310 2035 2450 2094 curn
2511 2033 2574 2094 in
2613 2053 2678 2095 se
2715 2033 2772 2094 δι
2811 2033 3141 2094 secundum
3181 2031 3538 2126 principium

606 2115 785 2195 ipsius
844 2113 1127 2206 spirituali
1180 2113 1367 2174 modo
1426 2115 1653 2173 bonum
1702 2132 1830 2174 esse
1883 2113 2172 2174 docemur
2215 2115 2334 2174 hoc
2381 2115 2552 2192 loco,
2603 2125 2728 2176 tum
2783 2116 3012 2174 summe
3059 2115 3235 2175 nobis
3286 2113 3538 2174 vtileac

605 2195 1028 2272 necessarium,
1068 2193 1171 2270 qui
1210 2193 1289 2252 ad
1326 2209 1535 2254 aruum
1576 2193 1927 2271 vineamque
1968 2193 2122 2254 illius
2163 2193 2540 2272 pertinemus.

682 2278 861 2335 Hanc
910 2283 1109 2334 autem
1165 2273 1583 2334 haereditatem
1631 2273 1914 2350 Domini,
1987 2273 2048 2333 in
2087 2291 2207 2350 qua
2245 2275 2301 2334 δι
2339 2293 2452 2334 nos
2491 2290 2726 2354 sumuS,
2767 2276 3067 2368 Propheta
3107 2272 3540 2334 circumscribit

608 2358 879 2414 montium
920 2355 1249 2413 Hermonis
1290 2355 1367 2412 ἂν·
1405 2353 1601 2412 Sionis
1640 2354 2072 2430 appellatione:
2113 2371 2369 2430 quorum
2409 2354 2492 2414 illi
2525 2355 2603 2414 ad
2625 2356 2772 2415 fines
2802 2353 3061 2432 regionis
3077 2365 3319 2416 sanctae
3337 2353 3539 2414 Orien-

610 2451 730 2497 tem
788 2439 843 2496 &
905 2433 1269 2511 Aquilonem
1332 2450 1533 2495 versus
1592 2433 1968 2513 pertinebant
1981 2480 1998 2509 ,
2049 2433 2108 2493 hi
2161 2436 2324 2496 velut
2363 2435 2440 2495 ad
2481 2433 2828 2497 vmbilicum
2871 2435 3026 2497 eius:
3071 2435 3154 2497 illi
3193 2434 3274 2497 ad
3315 2436 3538 2497 feraces

610 2518 787 2577 valles
804 2560 821 2591 ,
870 2524 1165 2593 agrosque
1216 2513 1545 2592 irrigandos
1598 2516 1919 2575 commode
1974 2514 2261 2593 impositi·
2247 2560 2264 2594 ,
2319 2515 2368 2575 si
2421 2526 2654 2577 arantes
2693 2517 2748 2574 δι
2789 2515 3072 2577 siticulosi
3120 2516 3218 2576 vix
3259 2514 3540 2577 subiectis

610 2597 857 2656 vallibus
910 2594 1257 2656 alimentum
1304 2594 1799 2655 subministraturi
1844 2613 1974 2655 esse
2015 2594 2388 2656 videbantur.
2431 2596 2822 2688 Quapropter
2855 2597 2946 2657 his
2987 2596 3218 2657 duabus
3260 2596 3536 2674 appella-

608 2676 893 2753 tionibus»,
932 2688 1215 2752 tanquam
1256 2693 1330 2734 ex
1359 2692 1423 2735 re
1462 2688 1771 2751 praesente
1785 2720 1803 2752 ,
1846 2674 2098 2752 priscam
2139 2674 2470 2736 Ecclesiam
2511 2674 2758 2737 instituit
2777 2676 2996 2737 Dauid
3017 2694 3140 2737 non
3159 2694 3292 2738 esse
3309 2684 3540 2735 curtam

610 2767 711 2816 aut
765 2756 1057 2816 infirmam
1118 2755 1235 2815 Dei
1292 2772 1565 2831 manum,
1624 2755 1771 2831 quin
1828 2758 1908 2816 ab
1965 2774 2084 2815 vno
2123 2757 2242 2815 fine
2282 2755 2676 2817 chananaeae
2717 2758 2796 2817 ad
2837 2758 3088 2817 alterum
3131 2754 3542 2847 potentissime

608 2856 807 2897 rorem
864 2853 1037 2895 suum
1094 2835 1472 2911 diffunderet,
1533 2840 1589 2895 δι
1650 2838 1941 2912 peraeque
2003 2836 2140 2895 loca
2199 2834 2424 2897 arentia
2477 2838 2534 2897 δι
2573 2835 2872 2897 siticulosa
2911 2856 2983 2897 ac
3021 2835 3264 2930 pinguia
3303 2854 3446 2897 arua
3485 2835 3538 2895 δι

612 2918 789 2977 valles
830 2918 1041 2975 vberes
1080 2915 1485 2975 foecundaret.
1524 2916 1711 2990 Quod
1750 2926 1947 2975 autem
1989 2917 2106 2976 hoc
2147 2916 2332 2977 modo
2373 2916 2718 2993 aspectabili
2755 2918 2922 2977 Deus
2961 2916 3272 2979 Ecclesiae
3309 2917 3372 2977 in
3393 2926 3538 2993 typo

612 2997 1003 3057 chananaeae
1041 2996 1385 3055 testificatus
1426 3004 1531 3073 est,
1572 2996 1733 3055 idern
1774 3014 1885 3056 nos
1906 2994 2035 3055 sine
2075 3008 2222 3073 typo
2243 2997 2530 3057 habemus
2571 2996 2992 3073 testimonium,
3033 3000 3088 3059 &
3131 2996 3408 3059 virtutem
3427 2995 3542 3057 Dei

610 3078 965 3153 experimur.
1017 3078 1173 3136 Nam
1214 3075 1557 3137 communio
1591 3076 1741 3135 haec
1780 3087 2146 3153 sanctorum,
2167 3078 2242 3137 ad
2267 3094 2446 3153 quam
2469 3076 2660 3137 vocati
2681 3094 2902 3154 sumuS,
2923 3078 3082 3137 culta
3099 3088 3190 3137 est
3209 3078 3542 3137 haereditas

610 3157 761 3216 illius
776 3202 794 3235 ,
834 3174 1011 3233 quam
1054 3155 1321 3217 Christus
1360 3174 1471 3215 suo
1512 3156 1795 3234 sanguine
1830 3155 2216 3233 comparauit.
2255 3158 2328 3215 In
2369 3158 2488 3217 hoc
2527 3174 2674 3217 aruo
2715 3156 2934 3217 Christi
2973 3156 3366 3219 haereditario
3405 3166 3542 3217 sunt

614 3238 869 3313 herbae,
910 3236 1179 3311 frutices,
1220 3235 1499 3328 virgulta,
1538 3238 1805 3310 arbusta,
1846 3238 2124 3314 arbores,
2165 3253 2312 3313 quas
2345 3247 2472 3296 tum
2515 3254 2622 3297 sua
2661 3248 2906 3314 paterna
2927 3255 3106 3297 manu
3127 3237 3276 3298 colit
3295 3238 3501 3297 Deus*
3484 3256 3541 3295 m

612 3316 880 3393 Christe,
922 3326 1049 3376 turn
1088 3316 1357 3376 Christus
1397 3314 1459 3375 in
1496 3336 1627 3377 sese
1665 3316 1867 3376 insitas
1900 3316 2004 3375 alit
2023 3316 2080 3375 δι
2101 3327 2417 3377 conseruat
2459 3315 2925 3407 diligentissime,
2949 3334 3100 3393 quas
3141 3316 3542 3379 indesinenter

612 3406 939 3475 temperato
982 3395 1159 3457 veluti
1200 3398 1399 3475 eaelo,
1441 3414 1595 3475 rore,
1632 3394 2158 3473 consimilibusque
2195 3394 2550 3457 adiumentis
2571 3401 2810 3459 curat&
2831 3397 3106 3474 prouehit
3123 3396 3542 3459 scientissimus

614 3476 1101 3553 fidelissimusque
1158 3440 1437 3554 agricola,
1490 3477 1547 3535 δι
1588 3474 2052 3537 studiosissimus
2111 3476 2312 3537 salutis
2353 3487 2628 3539 nostrae·
2689 3496 2800 3539 nec
2843 3487 3009 3537 curat
3049 3496 3160 3538 nos
3199 3478 3539 3539 nimborum

612 3558 861 3635 impetu,
904 3574 1025 3633 quo
1066 3557 1327 3615 futurum
1364 3568 1518 3617 esset
1556 3566 1621 3617 vt
1660 3572 2180 3633 corrumperemur
2221 3576 2362 3633 prae
2400 3557 2679 3619 tenuitate
2718 3560 2776 3619 δι.
2813 3555 3156 3619 infirmitate
3173 3568 3414 3638 nostra3
3435 3557 3542 3617 sed

612 3656 745 3698 rore
783 3636 1079 3697 lenissimo
1095 3682 1111 3711 ,
1153 3636 1405 3727 stillante
1446 3635 1929 3697 commodissime
1971 3634 2032 3695 in
2073 3652 2206 3711 nos,
2227 3636 2498 3713 quamuis
2520 3635 2974 3729 infirmissimos3
3011 3648 3075 3699 vt
3111 3604 3414 3728 paulatim
3429 3636 3540 3697 sin-

610 3716 731 3794 guli
776 3718 1067 3794 possimus
1104 3715 1165 3775 in
1206 3715 1335 3793 ipso
1376 3732 1711 3794 augescere.
1764 3719 1855 3775 Ita
1895 3718 1978 3788 fit,
2021 3728 2084 3776 vt
2126 3734 2354 3795 omneS,
2397 3720 2558 3778 velut
2599 3716 2746 3777 rami
2789 3717 2848 3777 in
2881 3735 3066 3777 vnum
3086 3728 3364 3779 truncum
3389 3715 3542 3777 insiti

613 3808 788 3874 atque
848 3797 908 3855 in
964 3814 1145 3857 vnum
1206 3812 1425 3873 corpus
1483 3814 1665 3856 vnum
1720 3795 2034 3888 Spiritum,
2077 3798 2134 3855 &
2178 3816 2354 3857 vnam
2391 3796 2882 3859 communionem
2920 3798 3152 3875 vocati,
3203 3809 3334 3859 tum
3377 3798 3542 3857 bono

614 3882 651 3936 a
706 3880 841 3937 Deo
878 3896 1019 3955 erga
1058 3894 1170 3936 nos
1207 3877 1430 3936 collato
1472 3886 1705 3937 vtamur
1754 3874 1865 3953 ipsi
1904 3876 2266 3955 salutariter,
2323 3888 2450 3937 turn
2483 3878 2644 3939 idem
2685 3880 2912 3939 bonum
2951 3878 3030 3939 ad
3069 3878 3322 3957 gloriam
3365 3875 3544 3955 ipsius

614 3960 671 4019 δι
708 3956 787 4017 ad
824 3956 1307 4017 communionem
1349 3966 1691 4017 sanctorum
1748 3974 1858 4033 pro
1901 3975 1976 4017 eo
2016 3976 2089 4017 ac
2130 3974 2444 4036 possumus
2485 3957 2920 4019 aedificandam
2961 3976 3343 4036 occupemus.

3225 4040 3546 4116 Propterea
