3923 4875
1398 359 1725 402 ΤΙ-12838
1784 359 2441 406 TEROLoccht.
3246 361 3351 425 151

445 526 697 586 deficere
755 527 793 583 a
852 539 997 582 vero
1058 523 1115 581 δι
1173 519 1341 581 bono
1400 538 1513 580 nec
1568 517 1827 597 possint,
1866 520 2094 580 Matth.
2147 521 2202 579 6.
2251 539 2341 579 10.
2385 539 2499 580 nec
2538 518 2750 600 velint,
2787 522 3211 598 perfectissima
3247 524 3364 586 Dei

446 603 790 682 cognitione
845 606 902 663 &
954 599 1273 660 dilectione
1323 599 1513 678 pleni,
1568 597 1857 676 obsequio
1908 603 1966 658 δι
2004 599 2278 659 laudibus
2316 599 2432 660 Dei
2471 619 2705 678 semper
2744 600 3158 665 incumbentes
3199 605 3361 666 Psal.

457 703 587 761 103.
633 703 725 742 20.
768 682 849 742 ita
887 691 951 741 vt
989 679 1051 739 in
1090 679 1367 740 omnibus
1406 678 1513 739 viis
1552 678 1789 739 Christo
1831 681 1886 738 &
1924 679 2227 740 Ecclesiae
2260 679 2528 740 alacriter
2566 680 2918 760 ministrent,
2957 684 3122 744 Psal.
3166 703 3260 760 34.
3303 687 3359 744 8.

451 766 529 824 ὁ·
565 783 661 841 91.
712 781 803 821 11.
848 761 1017 820 Dan.
1067 779 1157 820 ro.
1206 779 1295 819 12.
1336 761 1560 819 Matth.
1610 762 1700 817 18.
1748 777 1839 818 ro.
1873 759 2068 816 Hebr.
2109 779 2160 818 1.
2203 779 2290 833 14.
2323 759 2568 820 &malis
2608 778 2832 838 poenas
2871 761 3029 821 iussu
3066 763 3182 822 Dei
3215 762 3359 822 infli-

447 854 619 922 gant,
674 861 727 902 2.
780 843 933 919 Reg.
982 859 1073 916 19.
1114 855 1209 916 35.
1272 836 1359 898 Hi
1396 842 1541 899 vero
1585 839 1719 898 Deo
1760 839 2112 898 rebellantes
2131 882 2148 915 ,
2178 838 2423 900 veritate
2457 843 2510 900 δι
2549 840 2667 899 vita
2707 841 3081 920 exciderunt,
3121 842 3359 903 menda-

449 929 667 999 cesque
724 919 1059 982 homicidae
1101 919 1239 979 iacti
1280 929 1445 980 sunt:
1488 920 1661 978 Ioan.
1706 920 1760 977 8.
1803 937 1900 990 44.
1944 937 2002 978 2.
2045 919 2165 978 Pet.
2214 938 2265 978 2.
2309 939 2368 992 4.
2405 921 2544 978 Iud.
2579 916 2635 978 θ.
2677 919 2802 981 sine
2841 922 2960 981 vlla
3001 941 3106 999 spe
3153 941 3357 982 recon-

450 1001 761 1064 ciliationis
820 1017 959 1061 cum
1017 999 1182 1059 Deo:
1240 1015 1495 1076 quorum
1554 995 1820 1074 potentia
1881 999 1937 1056 δι
1992 998 2188 1058 furore
2244 1000 2408 1058 Deus
2454 999 2634 1059 vtitur
2672 1000 2733 1059 in
2773 1001 3116 1062 exercendis
3154 1001 3264 1079 piis
3304 1005 3360 1062 δι

452 1081 645 1160 impiis
684 1079 1041 1141 cruciandis:
1081 1079 1209 1137 Iob.
1259 1098 1309 1138 1.
1359 1097 1449 1137 12.
1497 1095 1549 1136 2.
1600 1078 1735 1142 C'or.
1784 1095 1875 1136 12.
1921 1093 1975 1150 7.

528 1163 693 1221 vm.
769 1159 983 1238 *ορστά
1022 1162 1165 1218 vero
1206 1166 1342 1218 sunt
1384 1175 1535 1234 quae
1574 1158 1686 1218 sub
1723 1172 1960 1216 sensum
2001 1156 2250 1234 cadunt,
2291 1166 2357 1216 vt
2395 1159 2653 1249 muudus
2694 1160 3096 1236 elementaris,
3137 1160 3240 1239 qui
3273 1170 3361 1221 est

454 1243 549 1303 vel
599 1238 907 1318 Superior,
955 1239 1052 1298 vel
1103 1238 1374 1300 Inferior.
1435 1239 1547 1297 Per
1582 1235 1947 1314 superiorem
1987 1235 2362 1314 intelligimus
2401 1238 2732 1298 aetheream
2773 1241 2981 1300 mundi
3023 1241 3324 1320 regionem
3341 1285 3359 1317 ,

448 1323 571 1381 hoc
609 1330 699 1381 est
737 1321 1167 1378 finnamentum
1208 1335 1347 1378 cum
1386 1315 1625 1394 reliquis
1664 1314 1910 1376 orbibus
1950 1315 2300 1376 caelestibus
2340 1315 2400 1375 in
2440 1317 2723 1379 circulum
2765 1319 3085 1381 mobilibus
3105 1323 3159 1380 δι
3181 1331 3364 1382 muta-

453 1400 599 1462 tioni
636 1397 909 1460 obnoxiis
924 1441 941 1474 ,
982 1399 1143 1458 Psal.
1194 1413 1325 1474 152.
1370 1413 1461 1472 27.
1516 1397 1716 1474 Atque
1753 1395 1850 1455 hic
1883 1394 2126 1472 quidem
2159 1395 2414 1458 mundus
2435 1396 2631 1474 primo
2651 1397 2776 1476 die,
2796 1418 2868 1460 ex
2889 1399 3098 1460 eadem
3119 1401 3362 1462 materia

450 1480 669 1560 prima,
708 1489 773 1539 vt
809 1478 987 1537 etiam
1026 1477 1251 1554 reliqua
1289 1477 1611 1555 elementa,
1650 1479 1687 1534 a
1726 1476 1859 1535 Deo
1900 1475 2188 1534 formatus
2226 1484 2316 1534 est
2355 1477 2411 1536 δι
2444 1479 2759 1554 perfectus·

531 1561 636 1620 [Χ.
718 1555 968 1618 Inferior
1014 1566 1103 1618 est
1116 1601 1133 1636 ,
1181 1555 1345 1617 cuius
1384 1554 1609 1616 ambitu
1651 1555 2028 1614 continentur
2067 1568 2320 1631 corpora
2335 1599 2352 1632 ,
2394 1565 2520 1616 tum
2559 1557 2873 1636 simplicia,
2913 1569 2976 1618 vt
3016 1561 3326 1620 Elementa
3339 1605 3357 1637 ,

455 1650 583 1700 tum
622 1657 698 1698 ex
735 1652 943 1698 eorum
982 1635 1498 1715 coagmentatione
1540 1634 1737 1694 mixta.
1780 1635 2091 1694 Elementa
2109 1645 2244 1693 sunt
2263 1653 2518 1712 corpora
2537 1637 2827 1714 simplicia
2845 1637 2906 1696 in
2927 1655 3078 1716 quae
3097 1640 3210 1700 alia
3227 1658 3358 1700 cor-

457 1737 607 1798 pora
643 1717 1011 1795 diuiduntur,
1048 1717 1110 1776 in
1150 1715 1365 1793 quibus
1404 1715 1601 1775 insunt
1637 1724 1739 1774 aut
1778 1713 2046 1790 potentia
2083 1722 2185 1773 aut
2223 1725 2390 1774 actu:
2413 1715 2542 1793 ipsa
2559 1721 2701 1777 vero
2723 1717 2906 1777 diuidi
2927 1737 3049 1778 non
3089 1729 3356 1798 possunt.

458 1798 628 1860 Ordo
686 1799 829 1858 vero
844 1841 863 1875 ‚
914 1812 1093 1872 quem
1148 1797 1314 1857 Deus
1362 1793 1697 1856 Obseruauit
1734 1793 1795 1852 in
1836 1810 2044 1854 eorum
2087 1793 2412 1868 creatione,
2455 1795 2552 1856 hic
2593 1809 2706 1857 est:
2745 1805 2812 1856 vt
2849 1795 3044 1875 primo
3081 1799 3366 1860 creauerit

459 1879 693 1958 ignem,
742 1875 957 1937 deinde
1009 1873 1380 1936 descenderit
1426 1874 1505 1935 ad
1560 1873 2044 1935 constitutionem
2083 1873 2234 1934 aeris
2291 1875 2394 1950 qui
2452 1875 2513 1935 in
2569 1875 2897 1938 vastissimo
2941 1877 3041 1938 illo
3081 1873 3272 1958 spatio
3311 1879 3366 1938 δι

460 1957 655 2020 media
698 1953 799 2017 illa
836 1954 1077 2046 regione
1119 1956 1322 2016 sedem
1358 1955 1565 2016 habet:
1608 1954 1690 2013 ita
1728 1963 1793 2012 vt
1832 1952 1917 2013 ibi
1954 1952 2030 2012 sit
2070 1961 2350 2029 tanquam
2391 1955 2758 2035 διακριτικὸν
2797 1955 2950 2016 inter
2981 1975 3164 2035 aquas
3202 1975 3367 2036 supe-

460 2039 645 2099 riores
682 2039 739 2097 δι
768 2037 1071 2096 inferiores
1086 2079 1105 2112 ,
1154 2035 1362 2095 Genes.
1410 2055 1459 2094 1.
1500 2035 1559 2094 6.
1603 2049 1657 2110 7.
1716 2031 2064 2093 Constitutis
2103 2031 2268 2092 hisce
2306 2035 2658 2110 corporibus
2697 2053 2914 2111 aquam
2935 2039 2992 2097 δι
3013 2047 3231 2098 terram
3252 2039 3366 2097 for-

460 2117 665 2178 mauit.
719 2116 875 2176 Ciim
933 2119 1077 2176 vero
1125 2114 1275 2176 haec
1326 2115 1449 2174 duo
1496 2130 1679 2173 vnum
1719 2113 1887 2189 quasi
1922 2112 2171 2190 globum
2211 2113 2363 2172 inter
2401 2131 2464 2172 se
2503 2114 2959 2196 constituerent,
2998 2119 3162 2179 Deus
3201 2118 3368 2195 aquis

460 2207 619 2258 certa
654 2196 1075 2273 conceptacula
1114 2195 1170 2254 δι
1206 2196 1411 2255 alueos
1457 2191 1797 2270 destinauit,
1827 2201 2004 2269 atque
2031 2191 2162 2251 illas
2194 2209 2266 2252 eo
2291 2191 2515 2270 coegit:
2537 2193 2593 2252 δι
2613 2193 2840 2256 siccum
2861 2207 3075 2258 terram
3097 2197 3371 2276 vocauit5

470 2279 615 2338 Gen.
698 2322 713 2336 .
767 2295 857 2336 10.

538 2359 619 2420 X.
654 2297 1045 2432 9Composita
1080 2371 1338 2432 corpora
1374 2362 1539 2432 sunt,
1580 2369 1734 2431 quae
1774 2369 1848 2413 ex
1888 2349 2251 2429 simplicibus
2293 2351 2644 2429 corporibus
2685 2363 2972 2416 constant.
3027 2358 3200 2418 Haec
3235 2366 3368 2417 sunt

462 2448 563 2498 aut
618 2437 879 2515 perfecte
936 2432 1121 2495 mixta
1176 2444 1280 2495 aut
1336 2433 1693 2513 imperfecte.
1754 2433 2018 2493 Perfecte
2067 2431 2248 2492 mixta
2299 2442 2461 2511 sunt,
2518 2448 2670 2510 quae
2711 2435 2910 2511 quoad
2953 2437 3256 2499 materiam
3295 2458 3368 2498 ex

466 2516 743 2579 omnibus
802 2513 1185 2576 miscibilibus
1243 2524 1547 2593 constant,
1606 2516 1663 2574 δι
1711 2530 1833 2591 quo
1882 2510 1961 2571 ad
2012 2513 2266 2572 formam
2307 2530 2508 2573 veram
2547 2514 2612 2590 (f.
2661 2516 2855 2591 1633.)
2900 2532 3106 2576 eorum
3146 2517 3368 2577 habent

466 2596 771 2675 vnionem,
808 2594 891 2656 ita
926 2604 991 2655 vt
1028 2612 1102 2655 ex
1138 2592 1405 2672 pluribus
1443 2592 1649 2653 formis
1687 2592 1761 2653 sit
1798 2610 1917 2652 vna
1953 2592 2175 2668 forma,
2215 2593 2271 2652 δι
2311 2594 2346 2651 ὲ
2385 2590 2649 2668 plurimis
2669 2594 2890 2654 naturis
2910 2594 2986 2655 sit
3003 2615 3121 2656 vna
3139 2606 3366 2657 natura.

462 2676 817 2769 Imperfecte
871 2672 1085 2754 mixta,
1136 2692 1291 2751 quae
1328 2691 1453 2733 non
1491 2693 1565 2734 ex
1602 2670 1881 2733 omnibus
1920 2669 2225 2732 elementis
2267 2680 2570 2749 constant,
2611 2672 2720 2733 etsi
2757 2693 2832 2734 ex
2870 2674 3166 2753 pluribus:
3211 2676 3267 2735 δι
3307 2675 3370 2735 in

464 2758 681 2835 qmbus
725 2752 1099 2817 indistinctae
1148 2752 1521 2817 miscibilium
1572 2760 1815 2813 naturoe
1866 2760 2200 2829 seruantur,
2241 2760 2306 2810 vt
2341 2753 2613 2812 Meteora
2627 2798 2644 2829 ,
2685 2752 2771 2814 sic
2811 2753 2970 2815 dicta
2985 2800 3002 2835 ,
3043 2766 3170 2817 tum
3205 2755 3368 2833 quod

462 2836 741 2914 pleraque
778 2844 1093 2895 nascantur
1130 2832 1191 2893 in
1232 2832 1469 2895 sublimi
1506 2834 1676 2911 loco,
1714 2830 1915 2907 ibique
1952 2828 2392 2908 conspiciantur
2405 2875 2422 2909 ,
2461 2842 2590 2891 tum
2621 2834 2788 2911 quod
2807 2834 3037 2895 animos
3056 2834 3367 2895 hominum

470 2915 753 2977 sollicitos
799 2924 979 3005 atque
1031 2930 1348 2993 suspensos
1398 2911 1683 2989 reddant,
1722 2919 1968 2989 propter
2005 2928 2202 2970 rerum
2239 2910 2562 2971 futurarum
2603 2923 2881 2973 euentum
2897 2960 2914 2993 ,
2955 2917 3011 2975 &
3053 2914 3140 2975 sui
3179 2914 3367 2975 admi-

468 2995 696 3057 ratione
734 3012 901 3072 quas1
939 2994 1001 3053 in
1040 2992 1291 3055 sublime
1328 2994 1578 3053 trahant.
1620 2992 1810 3051 Arist.
1848 2990 1946 3049 lib.
2000 3010 2050 3049 1.
2091 2992 2342 3051 Meteor.
2382 3002 2512 3069 cap.
2561 3010 2611 3051 r.

546 3076 655 3135 XI.
732 3077 804 3134 In
856 3074 1252 3149 perfectorum
1306 3072 1621 3133 Creatione
1677 3072 1837 3131 Deus
1888 3068 2146 3147 primum
2187 3070 2410 3130 creauit
2450 3087 2521 3131 ea
2559 3086 2714 3148 quae
2754 3084 2892 3133 sunt
2929 3074 3258 3136 necessaria
3294 3074 3374 3135 ad

468 3152 651 3214 vitam
680 3150 1065 3213 animantium
1102 3152 1407 3229 alendam,
1444 3161 1510 3212 vt
1546 3160 1683 3211 sunt
1724 3150 1959 3228 plantae
1973 3192 1992 3227 ,
2030 3149 2086 3208 δι
2128 3149 2207 3209 ad
2248 3150 2732 3211 commoditatem
2773 3162 3166 3233 ornatumque
3198 3153 3372 3215 huius

467 3231 746 3309 domicilii
763 3277 781 3311 ,
818 3242 884 3293 ut
920 3233 1041 3309 sol,
1080 3233 1250 3311 luna,
1290 3241 1446 3291 astra
1484 3234 1539 3291 δι
1578 3230 1812 3308 stellae,
1850 3246 2004 3305 quae
2043 3238 2178 3289 sunt
2216 3231 2640 3308 conceptacula
2671 3232 2728 3291 ὅτ
2760 3230 3148 3295 instrumenta
3169 3233 3365 3313 primo

470 3311 567 3373 die
615 3322 845 3373 creatae
896 3310 1075 3383 lucis,
1130 3311 1311 3389 idque
1349 3310 1429 3371 ad
1464 3308 1941 3388 distinguendum
1982 3317 2278 3389 tempora,
2322 3328 2542 3388 annos,
2583 3328 2849 3391 menses,
2889 3332 2960 3374 ac
3001 3313 3162 3395 dies,
3200 3315 3256 3373 &
3297 3314 3374 3374 ad

470 3390 853 3453 indicandum
890 3390 1231 3452 hominibus
1268 3400 1661 3467 tempestates.

550 3472 684 3531 ΧΠ.
765 3473 1075 3531 Hactenus
1131 3469 1209 3531 de
1266 3468 1549 3547 domicilii
1612 3457 2063 3545 constitutione,
2122 3468 2200 3526 ad
2259 3485 2438 3545 quam
2495 3469 2792 3547 pertinent
2843 3490 2916 3534 ea
2966 3494 3014 3534 1.
3060 3491 3212 3552 quae
3251 3492 3377 3533 esse

472 3550 713 3611 habent.
776 3571 829 3610 2.
891 3567 1043 3627 quae
1098 3559 1330 3628 praeter
1389 3567 1515 3611 esse
1574 3549 1753 3609 etiam
1804 3547 2025 3608 habent
2075 3545 2294 3609 viuere.
2350 3550 2686 3626 Sequuntur
2722 3552 2841 3612 iam
2881 3554 3053 3614 huius
3092 3553 3373 3629 domicilij

471 3628 731 3710 incolae,
790 3630 853 3691 in
911 3646 1165 3707 quorum
1212 3629 1511 3691 creatione
1568 3628 1731 3689 Deus
1771 3627 1933 3687 hunc
1973 3625 2242 3687 ordinem
2283 3629 2567 3708 seruavit,
2608 3640 2672 3689 vt
2711 3630 2906 3709 primo
2949 3633 3234 3694 creauerit
3271 3652 3374 3712 ea,

473 3725 628 3786 quae
677 3719 912 3787 praeter
959 3727 1087 3769 esse
1138 3712 1193 3770 δι
1231 3708 1427 3770 viuere
1466 3709 1643 3769 etiam
1682 3707 1905 3767 habent
1944 3705 2159 3767 sentire
2173 3752 2191 3786 ,
2231 3717 2296 3767 vt
2333 3717 2468 3768 sunt
2507 3708 2730 3771 bestiae
2743 3755 2760 3787 ,
2803 3730 3026 3791 eaeque
3058 3713 3342 3790 aquatiles
3355 3758 3374 3791 ,

474 3788 741 3851 volatiles
793 3789 850 3848 δι
900 3798 1219 3849 terrestres.
1276 3788 1510 3849 Deinde
1550 3806 1623 3849 ea
1659 3804 1813 3865 quae
1850 3798 2084 3863 praeter
2125 3806 2279 3865 esse,
2321 3788 2517 3847 viuere
2557 3792 2610 3849 δι
2654 3790 2868 3851 sentire
2882 3839 2899 3870 ,
2939 3792 3114 3853 etiam
3153 3792 3378 3852 habent

472 3865 796 3947 intelligere
810 3912 829 3947 ,
865 3878 930 3929 vt
968 3867 1273 3945 homines,
1310 3867 1413 3947 qui
1453 3886 1529 3927 eo
1568 3868 1721 3927 duce
1758 3866 1858 3925 illa
1894 3866 2096 3926 omnia
2137 3868 2194 3926 ὅτ
2233 3885 2296 3927 se
2337 3865 2497 3944 ipsos
2516 3870 2774 3930 referunt
2795 3872 2873 3931 ad
2891 3873 3088 3932 Deum
3107 3883 3376 3933 autorem

473 3958 773 4008 tantorum
812 3949 1129 4010 bonorum.
1166 3950 1312 4009 Hoc
1348 3949 1547 4025 itaque
1586 3946 1769 4007 modo
1810 3964 1913 4005 sex
1950 3944 2158 4006 diebus
2199 3946 2338 4006 fecit
2375 3948 2538 4007 Deus
2572 3950 2808 4009 coelum
2823 3995 2838 4024 ,
2855 3963 3068 4012 terram
3086 3997 3104 4031 ,
3125 3956 3181 4013 δτ
3201 3968 3377 4030 quae·

470 4042 707 4105 cunque
740 4026 804 4088 in
844 4026 913 4088 iis
952 4036 1115 4107 sunt,
1154 4026 1295 4089 dein
1334 4026 1619 4105 requieuit
1657 4026 1755 4087 die
1792 4024 2048 4104 septimo
2065 4070 2083 4103 ,
2123 4026 2507 4087 sanctificauit
2545 4027 2602 4085 δι
2645 4029 2961 4092 benedixit.

3029 4424 3164 4483 XV.
3241 4422 3375 4479 DE
