<?xml version="1.0" encoding="UTF-8"?>
<!DOCTYPE html PUBLIC "-//W3C//DTD XHTML 1.0 Transitional//EN"
    "http://www.w3.org/TR/xhtml1/DTD/xhtml1-transitional.dtd">
<html xmlns="http://www.w3.org/1999/xhtml" xml:lang="en" lang="en">
 <head>
  <title>
</title>
<meta http-equiv="Content-Type" content="text/html;charset=utf-8" />
  <meta name='ocr-system' content='tesseract 3.04.00' />
  <meta name='ocr-capabilities' content='ocr_page ocr_carea ocr_par ocr_line ocrx_word'/>
</head>
<body>
  <div class='ocr_page' id='page_1' title='image "./dfranciscijunii00junigoog_0483.png"; bbox 0 0 3923 4875; ppageno 0'>
   <div class='ocr_carea' id='block_1_1' title="bbox 70 141 120 1270">
    <p class='ocr_par' dir='ltr' id='par_1_1' title="bbox 70 141 120 1270">
     <span class='ocr_line' id='line_1_1' title="bbox 70 141 120 1270; textangle 90"><span class='ocrx_word' id='word_1_1' title='bbox 70 1223 120 1270; x_wconf 57' lang='grc' dir='ltr'>ἣ</span> <span class='ocrx_word' id='word_1_2' title='bbox 70 977 117 1187; x_wconf 56' lang='grc' dir='ltr'><strong>Β-ςε-’Ἇ</strong></span> <span class='ocrx_word' id='word_1_3' title='bbox 70 651 113 940; x_wconf 48' lang='lat' dir='ltr'><strong>Unus·</strong></span> <span class='ocrx_word' id='word_1_4' title='bbox 74 567 103 608; x_wconf 83' lang='grc' dir='ltr'><strong>ιι</strong></span> <span class='ocrx_word' id='word_1_5' title='bbox 70 405 105 528; x_wconf 61' lang='lat'><strong>3:2³³</strong></span> <span class='ocrx_word' id='word_1_6' title='bbox 70 323 101 362; x_wconf 74' lang='grc' dir='ltr'><strong>ιι</strong></span> <span class='ocrx_word' id='word_1_7' title='bbox 70 239 103 282; x_wconf 58' lang='grc' dir='ltr'><em>ε</em></span> <span class='ocrx_word' id='word_1_8' title='bbox 71 141 93 200; x_wconf 65' lang='grc' dir='ltr'><strong>-ν</strong></span> 
     </span>
    </p>
   </div>
   <div class='ocr_carea' id='block_1_2' title="bbox 70 1333 135 2999">
    <p class='ocr_par' dir='ltr' id='par_1_2' title="bbox 70 1333 135 2999">
     <span class='ocr_line' id='line_1_2' title="bbox 70 1333 135 2999; textangle 90"><span class='ocrx_word' id='word_1_9' title='bbox 70 1333 135 2999; x_wconf 43' lang='grc' dir='ltr'><strong>ῑὶέῗῖίὶᾎὲΰῑὶῂεῑῑιΰιε·</strong></span> 
     </span>
    </p>
   </div>
   <div class='ocr_carea' id='block_1_3' title="bbox 1500 0 3346 54">
    <p class='ocr_par' dir='ltr' id='par_1_3' title="bbox 1500 0 3346 54">
     <span class='ocr_line' id='line_1_3' title="bbox 1500 0 3346 54; baseline -0.003 -18"><span class='ocrx_word' id='word_1_10' title='bbox 1500 0 1903 36; x_wconf 69' lang='lat' dir='ltr'><strong>ulum-uui</strong></span> <span class='ocrx_word' id='word_1_11' title='bbox 1965 0 2064 36; x_wconf 66' lang='grc' dir='ltr'><strong>ΡΑ</strong></span> <span class='ocrx_word' id='word_1_12' title='bbox 2085 0 2176 34; x_wconf 74' lang='lat' dir='ltr'><strong>Rs</strong></span> <span class='ocrx_word' id='word_1_13' title='bbox 2237 0 2275 32; x_wconf 88' lang='grc' dir='ltr'><strong>ι.</strong></span> <span class='ocrx_word' id='word_1_14' title='bbox 3232 0 3346 54; x_wconf 81' lang='lat'><strong>455</strong></span> 
     </span>
    </p>
   </div>
   <div class='ocr_carea' id='block_1_4' title="bbox 420 147 3362 4071">
    <p class='ocr_par' dir='ltr' id='par_1_4' title="bbox 420 147 3359 473">
     <span class='ocr_line' id='line_1_4' title="bbox 420 147 3356 230; baseline -0.001 -17"><span class='ocrx_word' id='word_1_15' title='bbox 420 155 625 214; x_wconf 87' lang='lat' dir='ltr'><strong>factus</strong></span> <span class='ocrx_word' id='word_1_16' title='bbox 678 172 771 229; x_wconf 90' lang='lat' dir='ltr'><strong>es,</strong></span> <span class='ocrx_word' id='word_1_17' title='bbox 824 149 1132 230; x_wconf 84' lang='lat' dir='ltr'><strong>respondit</strong></span> <span class='ocrx_word' id='word_1_18' title='bbox 1185 149 1371 230; x_wconf 81' lang='lat' dir='ltr'><strong>illico,</strong></span> <span class='ocrx_word' id='word_1_19' title='bbox 1426 151 1505 212; x_wconf 91' lang='lat' dir='ltr'><strong>Et</strong></span> <span class='ocrx_word' id='word_1_20' title='bbox 1554 161 1615 212; x_wconf 90' lang='lat' dir='ltr'><strong>te</strong></span> <span class='ocrx_word' id='word_1_21' title='bbox 1664 169 1787 212; x_wconf 89' lang='lat' dir='ltr'><strong>non</strong></span> <span class='ocrx_word' id='word_1_22' title='bbox 1823 151 2042 230; x_wconf 88' lang='lat' dir='ltr'><strong>pudet,</strong></span> <span class='ocrx_word' id='word_1_23' title='bbox 2094 151 2260 228; x_wconf 82' lang='lat' dir='ltr'><strong>quod</strong></span> <span class='ocrx_word' id='word_1_24' title='bbox 2301 169 2510 212; x_wconf 86' lang='lat' dir='ltr'><strong>mones</strong></span> <span class='ocrx_word' id='word_1_25' title='bbox 2548 147 2818 212; x_wconf 87' lang='lat' dir='ltr'><strong>ebrium?</strong></span> <span class='ocrx_word' id='word_1_26' title='bbox 2857 149 2981 210; x_wconf 90' lang='lat' dir='ltr'><strong>Hic</strong></span> <span class='ocrx_word' id='word_1_27' title='bbox 3019 150 3178 212; x_wconf 88' lang='lat' dir='ltr'><strong>enim</strong></span> <span class='ocrx_word' id='word_1_28' title='bbox 3217 154 3356 212; x_wconf 82' lang='lat' dir='ltr'><strong>vere</strong></span> 
     </span>
     <span class='ocr_line' id='line_1_5' title="bbox 424 229 3356 311; baseline -0.001 -17"><span class='ocrx_word' id='word_1_29' title='bbox 424 233 661 294; x_wconf 89' lang='lat' dir='ltr'><strong>dictum</strong></span> <span class='ocrx_word' id='word_1_30' title='bbox 720 232 867 293; x_wconf 84' lang='lat' dir='ltr'><strong>illud</strong></span> <span class='ocrx_word' id='word_1_31' title='bbox 928 241 1016 292; x_wconf 90' lang='lat' dir='ltr'><strong>est</strong></span> <span class='ocrx_word' id='word_1_32' title='bbox 1074 235 1111 292; x_wconf 79' lang='lat' dir='ltr'><strong>a</strong></span> <span class='ocrx_word' id='word_1_33' title='bbox 1171 233 1499 294; x_wconf 88' lang='lat' dir='ltr'><strong>Solomone</strong></span> <span class='ocrx_word' id='word_1_34' title='bbox 1538 232 1979 311; x_wconf 87' lang='lat' dir='ltr'><strong>adhibendum,</strong></span> <span class='ocrx_word' id='word_1_35' title='bbox 2019 233 2202 292; x_wconf 90' lang='lat' dir='ltr'><strong>Velut</strong></span> <span class='ocrx_word' id='word_1_36' title='bbox 2239 231 2396 291; x_wconf 89' lang='lat' dir='ltr'><strong>mala</strong></span> <span class='ocrx_word' id='word_1_37' title='bbox 2434 249 2612 292; x_wconf 87' lang='lat' dir='ltr'><strong>aurea</strong></span> <span class='ocrx_word' id='word_1_38' title='bbox 2649 247 2786 292; x_wconf 89' lang='lat' dir='ltr'><strong>cum</strong></span> <span class='ocrx_word' id='word_1_39' title='bbox 2829 229 3026 309; x_wconf 87' lang='lat' dir='ltr'><strong>figuris</strong></span> <span class='ocrx_word' id='word_1_40' title='bbox 3065 231 3356 309; x_wconf 81' lang='lat' dir='ltr'><strong>argenteis</strong></span> 
     </span>
     <span class='ocr_line' id='line_1_6' title="bbox 422 310 3359 390; baseline -0.001 -16"><span class='ocrx_word' id='word_1_41' title='bbox 422 324 524 375; x_wconf 88' lang='lat' dir='ltr'><strong>est</strong></span> <span class='ocrx_word' id='word_1_42' title='bbox 564 314 813 374; x_wconf 82' lang='lat' dir='ltr'><strong>verbum</strong></span> <span class='ocrx_word' id='word_1_43' title='bbox 854 311 1081 374; x_wconf 90' lang='lat' dir='ltr'><strong>dictum</strong></span> <span class='ocrx_word' id='word_1_44' title='bbox 1119 311 1460 373; x_wconf 84' lang='lat' dir='ltr'><strong>commode.</strong></span> <span class='ocrx_word' id='word_1_45' title='bbox 1502 322 1565 372; x_wconf 83' lang='lat' dir='ltr'><strong>vt</strong></span> <span class='ocrx_word' id='word_1_46' title='bbox 1604 312 1825 372; x_wconf 89' lang='lat' dir='ltr'><strong>monile</strong></span> <span class='ocrx_word' id='word_1_47' title='bbox 1860 329 2132 390; x_wconf 88' lang='lat' dir='ltr'><strong>aureum,</strong></span> <span class='ocrx_word' id='word_1_48' title='bbox 2173 313 2230 370; x_wconf 75' lang='grc' dir='ltr'><strong>δι</strong></span> <span class='ocrx_word' id='word_1_49' title='bbox 2271 321 2686 372; x_wconf 85' lang='lat' dir='ltr'><strong>ornamentum</strong></span> <span class='ocrx_word' id='word_1_50' title='bbox 2724 330 2798 371; x_wconf 89' lang='lat' dir='ltr'><strong>ex</strong></span> <span class='ocrx_word' id='word_1_51' title='bbox 2835 310 3048 389; x_wconf 83' lang='lat' dir='ltr'><strong>insigni</strong></span> <span class='ocrx_word' id='word_1_52' title='bbox 3087 329 3234 372; x_wconf 88' lang='lat' dir='ltr'><strong>auro</strong></span> <span class='ocrx_word' id='word_1_53' title='bbox 3269 323 3359 372; x_wconf 89' lang='lat' dir='ltr'><strong>est</strong></span> 
     </span>
     <span class='ocr_line' id='line_1_7' title="bbox 426 391 2352 486; baseline -0.002 -32"><span class='ocrx_word' id='word_1_54' title='bbox 426 394 849 486; x_wconf 85' lang='lat' dir='ltr'><strong>reprehensor</strong></span> <span class='ocrx_word' id='word_1_55' title='bbox 866 392 1099 468; x_wconf 89' lang='lat' dir='ltr'><strong>sapiens</strong></span> <span class='ocrx_word' id='word_1_56' title='bbox 1138 391 1299 470; x_wconf 90' lang='lat' dir='ltr'><strong>apud</strong></span> <span class='ocrx_word' id='word_1_57' title='bbox 1336 409 1541 452; x_wconf 89' lang='lat' dir='ltr'><strong>aurem</strong></span> <span class='ocrx_word' id='word_1_58' title='bbox 1581 394 2032 454; x_wconf 84' lang='lat' dir='ltr'><strong>auscultantem.</strong></span> <span class='ocrx_word' id='word_1_59' title='bbox 2075 393 2143 466; x_wconf 85' lang='lat' dir='ltr'><strong>(f.</strong></span> <span class='ocrx_word' id='word_1_60' title='bbox 2190 393 2352 469; x_wconf 86' lang='lat'><strong>728.)</strong></span> 
     </span>
    </p>

    <p class='ocr_par' dir='ltr' id='par_1_5' title="bbox 426 469 3362 1911">
     <span class='ocr_line' id='line_1_8' title="bbox 516 469 3346 551; baseline -0.001 -19"><span class='ocrx_word' id='word_1_61' title='bbox 516 474 702 551; x_wconf 83' lang='lat' dir='ltr'><strong>Quod</strong></span> <span class='ocrx_word' id='word_1_62' title='bbox 746 472 795 534; x_wconf 91' lang='lat' dir='ltr'><strong>si</strong></span> <span class='ocrx_word' id='word_1_63' title='bbox 834 471 1165 550; x_wconf 84' lang='lat' dir='ltr'><strong>ignorantia</strong></span> <span class='ocrx_word' id='word_1_64' title='bbox 1202 471 1463 532; x_wconf 84' lang='lat' dir='ltr'><strong>veritatis</strong></span> <span class='ocrx_word' id='word_1_65' title='bbox 1501 473 1804 534; x_wconf 88' lang='lat' dir='ltr'><strong>hominem</strong></span> <span class='ocrx_word' id='word_1_66' title='bbox 1843 471 2175 532; x_wconf 88' lang='lat' dir='ltr'><strong>videbimus</strong></span> <span class='ocrx_word' id='word_1_67' title='bbox 2211 472 2372 548; x_wconf 92' lang='lat' dir='ltr'><strong>De0,</strong></span> <span class='ocrx_word' id='word_1_68' title='bbox 2413 471 2716 532; x_wconf 88' lang='lat' dir='ltr'><strong>Ecclesiae</strong></span> <span class='ocrx_word' id='word_1_69' title='bbox 2729 516 2746 547; x_wconf 91' lang='lat'><strong>,</strong></span> <span class='ocrx_word' id='word_1_70' title='bbox 2788 473 2843 531; x_wconf 79' lang='grc' dir='ltr'><strong>δι</strong></span> <span class='ocrx_word' id='word_1_71' title='bbox 2888 469 3116 532; x_wconf 80' lang='lat' dir='ltr'><strong>veritati</strong></span> <span class='ocrx_word' id='word_1_72' title='bbox 3155 470 3304 530; x_wconf 91' lang='lat' dir='ltr'><strong>Dei</strong></span> <span class='ocrx_word' id='word_1_73' title='bbox 3289 489 3346 531; x_wconf 88' lang='lat' dir='ltr'><strong>m</strong></span> 
     </span>
     <span class='ocr_line' id='line_1_9' title="bbox 428 550 3354 629; baseline -0.001 -15"><span class='ocrx_word' id='word_1_74' title='bbox 428 553 705 616; x_wconf 84' lang='lat' dir='ltr'><strong>Ecclesia</strong></span> <span class='ocrx_word' id='word_1_75' title='bbox 742 551 1073 629; x_wconf 72' lang='lat' dir='ltr'><strong>aduersari,</strong></span> <span class='ocrx_word' id='word_1_76' title='bbox 1114 551 1362 612; x_wconf 89' lang='lat' dir='ltr'><strong>omnino</strong></span> <span class='ocrx_word' id='word_1_77' title='bbox 1402 552 1724 612; x_wconf 84' lang='lat' dir='ltr'><strong>videndum</strong></span> <span class='ocrx_word' id='word_1_78' title='bbox 1764 551 1939 613; x_wconf 90' lang='lat' dir='ltr'><strong>nobis</strong></span> <span class='ocrx_word' id='word_1_79' title='bbox 1979 562 2099 629; x_wconf 88' lang='lat' dir='ltr'><strong>est,</strong></span> <span class='ocrx_word' id='word_1_80' title='bbox 2137 563 2202 612; x_wconf 86' lang='lat' dir='ltr'><strong>vt</strong></span> <span class='ocrx_word' id='word_1_81' title='bbox 2241 550 2300 611; x_wconf 91' lang='lat' dir='ltr'><strong>in</strong></span> <span class='ocrx_word' id='word_1_82' title='bbox 2343 551 2626 612; x_wconf 88' lang='lat' dir='ltr'><strong>charitate</strong></span> <span class='ocrx_word' id='word_1_83' title='bbox 2665 561 3010 629; x_wconf 84' lang='lat' dir='ltr'><strong>expetamus</strong></span> <span class='ocrx_word' id='word_1_84' title='bbox 3047 551 3354 612; x_wconf 86' lang='lat' dir='ltr'><strong>institutio·</strong></span> 
     </span>
     <span class='ocr_line' id='line_1_10' title="bbox 426 630 3352 723; baseline -0.001 -29"><span class='ocrx_word' id='word_1_85' title='bbox 426 653 573 694; x_wconf 88' lang='lat' dir='ltr'><strong>nem</strong></span> <span class='ocrx_word' id='word_1_86' title='bbox 626 632 885 693; x_wconf 88' lang='lat' dir='ltr'><strong>hominis</strong></span> <span class='ocrx_word' id='word_1_87' title='bbox 934 631 1113 712; x_wconf 85' lang='lat' dir='ltr'><strong>illius3</strong></span> <span class='ocrx_word' id='word_1_88' title='bbox 1166 631 1477 692; x_wconf 88' lang='lat' dir='ltr'><strong>nitendum</strong></span> <span class='ocrx_word' id='word_1_89' title='bbox 1518 642 1582 692; x_wconf 85' lang='lat' dir='ltr'><strong>vt</strong></span> <span class='ocrx_word' id='word_1_90' title='bbox 1620 633 2010 709; x_wconf 85' lang='lat' dir='ltr'><strong>praebeamus</strong></span> <span class='ocrx_word' id='word_1_91' title='bbox 2024 677 2064 723; x_wconf 72' lang='lat'><strong>⁹.</strong></span> <span class='ocrx_word' id='word_1_92' title='bbox 2087 634 2268 709; x_wconf 76' lang='lat' dir='ltr'><strong>quam</strong></span> <span class='ocrx_word' id='word_1_93' title='bbox 2311 631 2762 709; x_wconf 74' lang='lat' dir='ltr'><strong>prudentissime</strong></span> <span class='ocrx_word' id='word_1_94' title='bbox 2803 630 3352 708; x_wconf 63' lang='lat' dir='ltr'><strong>modestissimoque</strong></span> 
     </span>
     <span class='ocr_line' id='line_1_11' title="bbox 426 710 3352 792; baseline -0.001 -18"><span class='ocrx_word' id='word_1_95' title='bbox 426 713 789 792; x_wconf 75' lang='lat' dir='ltr'><strong>poterimuS,</strong></span> <span class='ocrx_word' id='word_1_96' title='bbox 843 713 1039 774; x_wconf 89' lang='lat' dir='ltr'><strong>lucem</strong></span> <span class='ocrx_word' id='word_1_97' title='bbox 1078 710 1369 778; x_wconf 78' lang='lat' dir='ltr'><strong>veritatis.</strong></span> <span class='ocrx_word' id='word_1_98' title='bbox 1410 729 1527 790; x_wconf 89' lang='lat' dir='ltr'><strong>qua</strong></span> <span class='ocrx_word' id='word_1_99' title='bbox 1567 713 1841 773; x_wconf 86' lang='lat' dir='ltr'><strong>tenebras</strong></span> <span class='ocrx_word' id='word_1_100' title='bbox 1881 710 2096 772; x_wconf 91' lang='lat' dir='ltr'><strong>mentis</strong></span> <span class='ocrx_word' id='word_1_101' title='bbox 2135 711 2288 772; x_wconf 88' lang='lat' dir='ltr'><strong>illius</strong></span> <span class='ocrx_word' id='word_1_102' title='bbox 2328 712 2710 790; x_wconf 86' lang='lat' dir='ltr'><strong>depellamus.</strong></span> <span class='ocrx_word' id='word_1_103' title='bbox 2755 712 2877 773; x_wconf 89' lang='lat' dir='ltr'><strong>Sed</strong></span> <span class='ocrx_word' id='word_1_104' title='bbox 2914 729 3054 771; x_wconf 88' lang='lat' dir='ltr'><strong>cum</strong></span> <span class='ocrx_word' id='word_1_105' title='bbox 3096 710 3188 770; x_wconf 89' lang='lat' dir='ltr'><strong>his</strong></span> <span class='ocrx_word' id='word_1_106' title='bbox 3228 731 3352 772; x_wconf 88' lang='lat' dir='ltr'><strong>om-</strong></span> 
     </span>
     <span class='ocr_line' id='line_1_12' title="bbox 426 790 3358 870; baseline -0 -17"><span class='ocrx_word' id='word_1_107' title='bbox 426 793 609 855; x_wconf 88' lang='lat' dir='ltr'><strong>nibus</strong></span> <span class='ocrx_word' id='word_1_108' title='bbox 646 793 950 868; x_wconf 84' lang='lat' dir='ltr'><strong>vniuerse,</strong></span> <span class='ocrx_word' id='word_1_109' title='bbox 1006 790 1108 869; x_wconf 88' lang='lat' dir='ltr'><strong>qui</strong></span> <span class='ocrx_word' id='word_1_110' title='bbox 1148 791 1369 852; x_wconf 90' lang='lat' dir='ltr'><strong>inimici</strong></span> <span class='ocrx_word' id='word_1_111' title='bbox 1408 803 1576 870; x_wconf 87' lang='lat' dir='ltr'><strong>sunt,</strong></span> <span class='ocrx_word' id='word_1_112' title='bbox 1616 791 1679 852; x_wconf 91' lang='lat' dir='ltr'><strong>id</strong></span> <span class='ocrx_word' id='word_1_113' title='bbox 1720 811 1957 868; x_wconf 85' lang='lat' dir='ltr'><strong>semper</strong></span> <span class='ocrx_word' id='word_1_114' title='bbox 1995 790 2172 853; x_wconf 89' lang='lat' dir='ltr'><strong>nobis</strong></span> <span class='ocrx_word' id='word_1_115' title='bbox 2212 791 2534 852; x_wconf 81' lang='lat' dir='ltr'><strong>videndum</strong></span> <span class='ocrx_word' id='word_1_116' title='bbox 2574 801 2662 851; x_wconf 84' lang='lat' dir='ltr'><strong>est</strong></span> <span class='ocrx_word' id='word_1_117' title='bbox 2701 802 2764 852; x_wconf 79' lang='lat' dir='ltr'><strong>vt</strong></span> <span class='ocrx_word' id='word_1_118' title='bbox 2804 809 3012 870; x_wconf 86' lang='lat' dir='ltr'><strong>pacem</strong></span> <span class='ocrx_word' id='word_1_119' title='bbox 3053 791 3358 852; x_wconf 87' lang='lat' dir='ltr'><strong>Ecclesiae</strong></span> 
     </span>
     <span class='ocr_line' id='line_1_13' title="bbox 428 870 3356 952; baseline -0.001 -17"><span class='ocrx_word' id='word_1_120' title='bbox 428 883 855 952; x_wconf 82' lang='lat' dir='ltr'><strong>praeoptemus</strong></span> <span class='ocrx_word' id='word_1_121' title='bbox 868 919 886 952; x_wconf 94' lang='lat'><strong>,</strong></span> <span class='ocrx_word' id='word_1_122' title='bbox 941 873 997 932; x_wconf 87' lang='lat'>&amp;</span> <span class='ocrx_word' id='word_1_123' title='bbox 1044 882 1183 933; x_wconf 88' lang='lat' dir='ltr'><strong>ante</strong></span> <span class='ocrx_word' id='word_1_124' title='bbox 1223 870 1425 933; x_wconf 91' lang='lat' dir='ltr'><strong>omnia</strong></span> <span class='ocrx_word' id='word_1_125' title='bbox 1464 881 1823 949; x_wconf 84' lang='lat' dir='ltr'><strong>expetamus.</strong></span> <span class='ocrx_word' id='word_1_126' title='bbox 1864 873 2050 948; x_wconf 74' lang='lat' dir='ltr'><strong>Qued</strong></span> <span class='ocrx_word' id='word_1_127' title='bbox 2089 871 2137 932; x_wconf 91' lang='lat' dir='ltr'><strong>si</strong></span> <span class='ocrx_word' id='word_1_128' title='bbox 2180 888 2316 932; x_wconf 89' lang='lat' dir='ltr'><strong>cum</strong></span> <span class='ocrx_word' id='word_1_129' title='bbox 2357 871 2520 932; x_wconf 90' lang='lat' dir='ltr'><strong>bona</strong></span> <span class='ocrx_word' id='word_1_130' title='bbox 2561 871 2865 932; x_wconf 86' lang='lat' dir='ltr'><strong>Ecclesiae</strong></span> <span class='ocrx_word' id='word_1_131' title='bbox 2904 889 3052 950; x_wconf 87' lang='lat' dir='ltr'><strong>pace</strong></span> <span class='ocrx_word' id='word_1_132' title='bbox 3092 871 3184 931; x_wconf 89' lang='lat' dir='ltr'><strong>his</strong></span> <span class='ocrx_word' id='word_1_133' title='bbox 3221 891 3356 949; x_wconf 92' lang='lat' dir='ltr'><strong>pro·</strong></span> 
     </span>
     <span class='ocr_line' id='line_1_14' title="bbox 430 950 3362 1044; baseline -0.001 -29"><span class='ocrx_word' id='word_1_134' title='bbox 430 955 611 1015; x_wconf 88' lang='lat' dir='ltr'><strong>desse</strong></span> <span class='ocrx_word' id='word_1_135' title='bbox 650 969 995 1031; x_wconf 80' lang='lat' dir='ltr'><strong>possumuS,</strong></span> <span class='ocrx_word' id='word_1_136' title='bbox 1034 951 1319 1044; x_wconf 77' lang='lat' dir='ltr'><strong>faciamus</strong></span> <span class='ocrx_word' id='word_1_137' title='bbox 1360 950 1729 1013; x_wconf 87' lang='lat' dir='ltr'><strong>sanctissimo</strong></span> <span class='ocrx_word' id='word_1_138' title='bbox 1770 951 1968 1012; x_wconf 90' lang='lat' dir='ltr'><strong>studio</strong></span> <span class='ocrx_word' id='word_1_139' title='bbox 2007 951 2206 1012; x_wconf 89' lang='lat' dir='ltr'><strong>salutis</strong></span> <span class='ocrx_word' id='word_1_140' title='bbox 2244 951 2538 1030; x_wconf 91' lang='lat' dir='ltr'><strong>ipsorum·</strong></span> <span class='ocrx_word' id='word_1_141' title='bbox 2581 951 2670 1012; x_wconf 90' lang='lat' dir='ltr'><strong>sin</strong></span> <span class='ocrx_word' id='word_1_142' title='bbox 2699 962 2898 1012; x_wconf 90' lang='lat' dir='ltr'><strong>autem</strong></span> <span class='ocrx_word' id='word_1_143' title='bbox 2919 969 3034 1029; x_wconf 87' lang='lat' dir='ltr'><strong>pax</strong></span> <span class='ocrx_word' id='word_1_144' title='bbox 3059 951 3362 1012; x_wconf 88' lang='lat' dir='ltr'><strong>Ecclesiae</strong></span> 
     </span>
     <span class='ocr_line' id='line_1_15' title="bbox 430 1030 3360 1110; baseline -0.001 -16"><span class='ocrx_word' id='word_1_145' title='bbox 430 1046 539 1094; x_wconf 89' lang='lat' dir='ltr'><strong>aut</strong></span> <span class='ocrx_word' id='word_1_146' title='bbox 593 1034 999 1094; x_wconf 89' lang='lat' dir='ltr'><strong>membrorum</strong></span> <span class='ocrx_word' id='word_1_147' title='bbox 1054 1031 1180 1092; x_wconf 90' lang='lat' dir='ltr'><strong>eius</strong></span> <span class='ocrx_word' id='word_1_148' title='bbox 1226 1032 1651 1108; x_wconf 85' lang='lat' dir='ltr'><strong>periclitabitur</strong></span> <span class='ocrx_word' id='word_1_149' title='bbox 1689 1043 1935 1110; x_wconf 89' lang='lat' dir='ltr'><strong>propter</strong></span> <span class='ocrx_word' id='word_1_150' title='bbox 1966 1033 2332 1092; x_wconf 86' lang='lat' dir='ltr'><strong>voluntatem</strong></span> <span class='ocrx_word' id='word_1_151' title='bbox 2345 1075 2361 1108; x_wconf 91' lang='lat'><strong>,</strong></span> <span class='ocrx_word' id='word_1_152' title='bbox 2395 1030 2933 1110; x_wconf 83' lang='lat' dir='ltr'><strong>perturbationem,</strong></span> <span class='ocrx_word' id='word_1_153' title='bbox 2974 1040 3076 1091; x_wconf 91' lang='lat' dir='ltr'><strong>aut</strong></span> <span class='ocrx_word' id='word_1_154' title='bbox 3113 1031 3360 1092; x_wconf 89' lang='lat' dir='ltr'><strong>inscien-</strong></span> 
     </span>
     <span class='ocr_line' id='line_1_16' title="bbox 426 1111 3360 1204; baseline -0 -31"><span class='ocrx_word' id='word_1_155' title='bbox 426 1113 575 1174; x_wconf 90' lang='lat' dir='ltr'><strong>tiam</strong></span> <span class='ocrx_word' id='word_1_156' title='bbox 616 1113 896 1190; x_wconf 89' lang='lat' dir='ltr'><strong>istorum,</strong></span> <span class='ocrx_word' id='word_1_157' title='bbox 937 1111 1335 1204; x_wconf 82' lang='lat' dir='ltr'><strong>abstineamus</strong></span> <span class='ocrx_word' id='word_1_158' title='bbox 1374 1111 1571 1190; x_wconf 89' lang='lat' dir='ltr'><strong>potius</strong></span> <span class='ocrx_word' id='word_1_159' title='bbox 1608 1113 1687 1173; x_wconf 90' lang='lat' dir='ltr'><strong>ab</strong></span> <span class='ocrx_word' id='word_1_160' title='bbox 1726 1111 1811 1173; x_wconf 91' lang='lat' dir='ltr'><strong>eis</strong></span> <span class='ocrx_word' id='word_1_161' title='bbox 1848 1111 2336 1204; x_wconf 79' lang='lat' dir='ltr'><strong>commonendis,</strong></span> <span class='ocrx_word' id='word_1_162' title='bbox 2375 1115 2556 1204; x_wconf 78' lang='lat' dir='ltr'><strong>quam</strong></span> <span class='ocrx_word' id='word_1_163' title='bbox 2596 1121 2661 1172; x_wconf 90' lang='lat' dir='ltr'><strong>vt</strong></span> <span class='ocrx_word' id='word_1_164' title='bbox 2698 1130 2910 1190; x_wconf 87' lang='lat' dir='ltr'><strong>pacem</strong></span> <span class='ocrx_word' id='word_1_165' title='bbox 2949 1111 3360 1173; x_wconf 88' lang='lat' dir='ltr'><strong>dimoueamus</strong></span> 
     </span>
     <span class='ocr_line' id='line_1_17' title="bbox 428 1190 3356 1285; baseline -0.001 -31"><span class='ocrx_word' id='word_1_166' title='bbox 428 1193 769 1273; x_wconf 86' lang='lat' dir='ltr'><strong>Ecclesiae,</strong></span> <span class='ocrx_word' id='word_1_167' title='bbox 817 1193 1015 1254; x_wconf 89' lang='lat' dir='ltr'><strong>donec</strong></span> <span class='ocrx_word' id='word_1_168' title='bbox 1068 1191 1402 1254; x_wconf 84' lang='lat' dir='ltr'><strong>misericors</strong></span> <span class='ocrx_word' id='word_1_169' title='bbox 1456 1191 1554 1252; x_wconf 92' lang='lat' dir='ltr'><strong>ille</strong></span> <span class='ocrx_word' id='word_1_170' title='bbox 1592 1191 1929 1285; x_wconf 80' lang='lat' dir='ltr'><strong>Dominus,</strong></span> <span class='ocrx_word' id='word_1_171' title='bbox 1985 1190 2089 1269; x_wconf 90' lang='lat' dir='ltr'><strong>qui</strong></span> <span class='ocrx_word' id='word_1_172' title='bbox 2141 1191 2328 1252; x_wconf 86' lang='lat' dir='ltr'><strong>nostri</strong></span> <span class='ocrx_word' id='word_1_173' title='bbox 2367 1191 2639 1252; x_wconf 80' lang='lat' dir='ltr'><strong>misertus</strong></span> <span class='ocrx_word' id='word_1_174' title='bbox 2679 1201 2766 1252; x_wconf 89' lang='lat' dir='ltr'><strong>est</strong></span> <span class='ocrx_word' id='word_1_175' title='bbox 2805 1193 2942 1252; x_wconf 67' lang='lat' dir='ltr'><strong>etim</strong></span> <span class='ocrx_word' id='word_1_176' title='bbox 2985 1191 3096 1252; x_wconf 86' lang='lat' dir='ltr'><strong>sibi</strong></span> <span class='ocrx_word' id='word_1_177' title='bbox 3137 1191 3356 1253; x_wconf 89' lang='lat' dir='ltr'><strong>inimici</strong></span> 
     </span>
     <span class='ocr_line' id='line_1_18' title="bbox 430 1271 3358 1350; baseline -0.001 -15"><span class='ocrx_word' id='word_1_178' title='bbox 430 1291 732 1350; x_wconf 87' lang='lat' dir='ltr'><strong>essemus,</strong></span> <span class='ocrx_word' id='word_1_179' title='bbox 790 1273 949 1333; x_wconf 84' lang='lat' dir='ltr'><strong>viam</strong></span> <span class='ocrx_word' id='word_1_180' title='bbox 991 1271 1335 1350; x_wconf 81' lang='lat' dir='ltr'><strong>patefecerit</strong></span> <span class='ocrx_word' id='word_1_181' title='bbox 1372 1271 1485 1333; x_wconf 91' lang='lat' dir='ltr'><strong>illis</strong></span> <span class='ocrx_word' id='word_1_182' title='bbox 1524 1271 1982 1334; x_wconf 83' lang='lat' dir='ltr'><strong>misericordiae.</strong></span> <span class='ocrx_word' id='word_1_183' title='bbox 2023 1271 2121 1331; x_wconf 90' lang='lat' dir='ltr'><strong>Ad</strong></span> <span class='ocrx_word' id='word_1_184' title='bbox 2163 1290 2486 1348; x_wconf 83' lang='lat' dir='ltr'><strong>summam,</strong></span> <span class='ocrx_word' id='word_1_185' title='bbox 2537 1273 2704 1349; x_wconf 90' lang='lat' dir='ltr'><strong>quod</strong></span> <span class='ocrx_word' id='word_1_186' title='bbox 2743 1282 2970 1332; x_wconf 88' lang='lat' dir='ltr'><strong>veteres</strong></span> <span class='ocrx_word' id='word_1_187' title='bbox 3001 1283 3358 1333; x_wconf 85' lang='lat' dir='ltr'><strong>monuerunt</strong></span> 
     </span>
     <span class='ocr_line' id='line_1_19' title="bbox 430 1350 3356 1444; baseline -0.001 -30"><span class='ocrx_word' id='word_1_188' title='bbox 430 1353 579 1414; x_wconf 90' lang='lat' dir='ltr'><strong>olim</strong></span> <span class='ocrx_word' id='word_1_189' title='bbox 620 1372 743 1415; x_wconf 91' lang='lat' dir='ltr'><strong>non</strong></span> <span class='ocrx_word' id='word_1_190' title='bbox 786 1371 913 1414; x_wconf 86' lang='lat' dir='ltr'><strong>esse</strong></span> <span class='ocrx_word' id='word_1_191' title='bbox 952 1353 1323 1414; x_wconf 90' lang='lat' dir='ltr'><strong>mouendum</strong></span> <span class='ocrx_word' id='word_1_192' title='bbox 1362 1353 1583 1412; x_wconf 87' lang='lat' dir='ltr'><strong>malum</strong></span> <span class='ocrx_word' id='word_1_193' title='bbox 1624 1353 1791 1430; x_wconf 91' lang='lat' dir='ltr'><strong>quod</strong></span> <span class='ocrx_word' id='word_1_194' title='bbox 1830 1353 1986 1413; x_wconf 90' lang='lat' dir='ltr'><strong>bene</strong></span> <span class='ocrx_word' id='word_1_195' title='bbox 2025 1351 2285 1444; x_wconf 79' lang='lat' dir='ltr'><strong>positum</strong></span> <span class='ocrx_word' id='word_1_196' title='bbox 2326 1361 2445 1429; x_wconf 88' lang='lat' dir='ltr'><strong>est,</strong></span> <span class='ocrx_word' id='word_1_197' title='bbox 2487 1350 2607 1412; x_wconf 92' lang='lat' dir='ltr'><strong>id</strong></span> <span class='ocrx_word' id='word_1_198' title='bbox 2589 1371 2651 1412; x_wconf 93' lang='grc' dir='ltr'><strong>ιιι</strong></span> <span class='ocrx_word' id='word_1_199' title='bbox 2671 1352 2792 1412; x_wconf 88' lang='lat' dir='ltr'><strong>hoc</strong></span> <span class='ocrx_word' id='word_1_200' title='bbox 2811 1351 3122 1414; x_wconf 85' lang='lat' dir='ltr'><strong>hominum</strong></span> <span class='ocrx_word' id='word_1_201' title='bbox 3142 1369 3356 1430; x_wconf 84' lang='lat' dir='ltr'><strong>genere</strong></span> 
     </span>
     <span class='ocr_line' id='line_1_20' title="bbox 430 1429 3359 1511; baseline 0 -17"><span class='ocrx_word' id='word_1_202' title='bbox 430 1432 742 1496; x_wconf 90' lang='lat' dir='ltr'><strong>obseruari</strong></span> <span class='ocrx_word' id='word_1_203' title='bbox 782 1449 933 1510; x_wconf 88' lang='lat' dir='ltr'><strong>opus</strong></span> <span class='ocrx_word' id='word_1_204' title='bbox 973 1442 1063 1494; x_wconf 89' lang='lat' dir='ltr'><strong>est</strong></span> <span class='ocrx_word' id='word_1_205' title='bbox 1101 1429 1557 1493; x_wconf 78' lang='lat' dir='ltr'><strong>accuratissime.</strong></span> <span class='ocrx_word' id='word_1_206' title='bbox 1598 1431 1939 1493; x_wconf 88' lang='lat' dir='ltr'><strong>Videndum</strong></span> <span class='ocrx_word' id='word_1_207' title='bbox 1984 1443 2048 1492; x_wconf 86' lang='lat' dir='ltr'><strong>vt</strong></span> <span class='ocrx_word' id='word_1_208' title='bbox 2085 1433 2163 1493; x_wconf 91' lang='lat' dir='ltr'><strong>ab</strong></span> <span class='ocrx_word' id='word_1_209' title='bbox 2203 1431 2272 1492; x_wconf 90' lang='lat' dir='ltr'><strong>iis</strong></span> <span class='ocrx_word' id='word_1_210' title='bbox 2313 1431 2416 1510; x_wconf 90' lang='lat' dir='ltr'><strong>qui</strong></span> <span class='ocrx_word' id='word_1_211' title='bbox 2445 1449 2679 1510; x_wconf 88' lang='lat' dir='ltr'><strong>semper</strong></span> <span class='ocrx_word' id='word_1_212' title='bbox 2707 1431 2847 1493; x_wconf 90' lang='lat' dir='ltr'><strong>mali</strong></span> <span class='ocrx_word' id='word_1_213' title='bbox 2871 1441 3033 1511; x_wconf 88' lang='lat' dir='ltr'><strong>sunt,</strong></span> <span class='ocrx_word' id='word_1_214' title='bbox 3075 1441 3359 1510; x_wconf 84' lang='lat' dir='ltr'><strong>certoque</strong></span> 
     </span>
     <span class='ocr_line' id='line_1_21' title="bbox 430 1513 3359 1604; baseline -0.001 -30"><span class='ocrx_word' id='word_1_215' title='bbox 430 1513 687 1575; x_wconf 89' lang='lat' dir='ltr'><strong>consilio</strong></span> <span class='ocrx_word' id='word_1_216' title='bbox 727 1513 871 1574; x_wconf 90' lang='lat' dir='ltr'><strong>dant</strong></span> <span class='ocrx_word' id='word_1_217' title='bbox 910 1531 1155 1604; x_wconf 87' lang='lat' dir='ltr'><strong>operam</strong></span> <span class='ocrx_word' id='word_1_218' title='bbox 1196 1513 1388 1590; x_wconf 80' lang='lat' dir='ltr'><strong>malo,</strong></span> <span class='ocrx_word' id='word_1_219' title='bbox 1426 1531 1504 1573; x_wconf 90' lang='lat' dir='ltr'><strong>ne</strong></span> <span class='ocrx_word' id='word_1_220' title='bbox 1544 1513 1773 1572; x_wconf 88' lang='lat' dir='ltr'><strong>bonum</strong></span> <span class='ocrx_word' id='word_1_221' title='bbox 1814 1513 2058 1590; x_wconf 89' lang='lat' dir='ltr'><strong>quidem</strong></span> <span class='ocrx_word' id='word_1_222' title='bbox 2099 1523 2470 1590; x_wconf 83' lang='lat' dir='ltr'><strong>expetamus,</strong></span> <span class='ocrx_word' id='word_1_223' title='bbox 2511 1523 2612 1572; x_wconf 89' lang='lat' dir='ltr'><strong>aut</strong></span> <span class='ocrx_word' id='word_1_224' title='bbox 2633 1529 3119 1573; x_wconf 90' lang='lat' dir='ltr'><strong>commoueamus</strong></span> <span class='ocrx_word' id='word_1_225' title='bbox 3139 1531 3359 1591; x_wconf 86' lang='lat' dir='ltr'><strong>magno</strong></span> 
     </span>
     <span class='ocr_line' id='line_1_22' title="bbox 428 1591 3356 1684; baseline -0 -30"><span class='ocrx_word' id='word_1_226' title='bbox 428 1593 560 1655; x_wconf 87' lang='lat' dir='ltr'><strong>siue</strong></span> <span class='ocrx_word' id='word_1_227' title='bbox 619 1593 955 1670; x_wconf 85' lang='lat' dir='ltr'><strong>Ecclesiae,</strong></span> <span class='ocrx_word' id='word_1_228' title='bbox 1016 1592 1144 1653; x_wconf 89' lang='lat' dir='ltr'><strong>siue</strong></span> <span class='ocrx_word' id='word_1_229' title='bbox 1202 1600 1407 1653; x_wconf 91' lang='lat' dir='ltr'><strong>nostro</strong></span> <span class='ocrx_word' id='word_1_230' title='bbox 1448 1591 1742 1670; x_wconf 87' lang='lat' dir='ltr'><strong>ipsorum,</strong></span> <span class='ocrx_word' id='word_1_231' title='bbox 1782 1603 1882 1653; x_wconf 86' lang='lat' dir='ltr'><strong>aut</strong></span> <span class='ocrx_word' id='word_1_232' title='bbox 1922 1591 2170 1652; x_wconf 90' lang='lat' dir='ltr'><strong>aliorum</strong></span> <span class='ocrx_word' id='word_1_233' title='bbox 2215 1594 2401 1652; x_wconf 88' lang='lat' dir='ltr'><strong>ma10.</strong></span> <span class='ocrx_word' id='word_1_234' title='bbox 2444 1593 2543 1652; x_wconf 91' lang='lat' dir='ltr'><strong>Ab</strong></span> <span class='ocrx_word' id='word_1_235' title='bbox 2583 1592 2654 1652; x_wconf 87' lang='lat' dir='ltr'><strong>iis</strong></span> <span class='ocrx_word' id='word_1_236' title='bbox 2694 1597 2836 1653; x_wconf 79' lang='lat' dir='ltr'><strong>vero</strong></span> <span class='ocrx_word' id='word_1_237' title='bbox 2875 1592 2980 1684; x_wconf 82' lang='lat' dir='ltr'><strong>qui</strong></span> <span class='ocrx_word' id='word_1_238' title='bbox 3019 1591 3356 1654; x_wconf 88' lang='lat' dir='ltr'><strong>infirmitate</strong></span> 
     </span>
     <span class='ocr_line' id='line_1_23' title="bbox 432 1671 3356 1753; baseline 0 -20"><span class='ocrx_word' id='word_1_239' title='bbox 432 1685 539 1734; x_wconf 88' lang='lat' dir='ltr'><strong>aut</strong></span> <span class='ocrx_word' id='word_1_240' title='bbox 574 1672 949 1753; x_wconf 87' lang='lat' dir='ltr'><strong>ignoratione</strong></span> <span class='ocrx_word' id='word_1_241' title='bbox 989 1672 1295 1751; x_wconf 85' lang='lat' dir='ltr'><strong>rapiuntur</strong></span> <span class='ocrx_word' id='word_1_242' title='bbox 1332 1671 1392 1732; x_wconf 88' lang='lat' dir='ltr'><strong>in</strong></span> <span class='ocrx_word' id='word_1_243' title='bbox 1435 1673 1688 1748; x_wconf 90' lang='lat' dir='ltr'><strong>malum,</strong></span> <span class='ocrx_word' id='word_1_244' title='bbox 1728 1671 2042 1733; x_wconf 88' lang='lat' dir='ltr'><strong>mouendis</strong></span> <span class='ocrx_word' id='word_1_245' title='bbox 2062 1672 2346 1750; x_wconf 87' lang='lat' dir='ltr'><strong>tantisper</strong></span> <span class='ocrx_word' id='word_1_246' title='bbox 2365 1689 2713 1750; x_wconf 88' lang='lat' dir='ltr'><strong>caueamus,</strong></span> <span class='ocrx_word' id='word_1_247' title='bbox 2755 1673 2901 1734; x_wconf 88' lang='lat' dir='ltr'><strong>dum</strong></span> <span class='ocrx_word' id='word_1_248' title='bbox 2921 1673 3003 1732; x_wconf 87' lang='lat' dir='ltr'><strong>ita</strong></span> <span class='ocrx_word' id='word_1_249' title='bbox 3023 1691 3084 1732; x_wconf 89' lang='lat' dir='ltr'><strong>se</strong></span> <span class='ocrx_word' id='word_1_250' title='bbox 3105 1673 3356 1734; x_wconf 87' lang='lat' dir='ltr'><strong>habent·</strong></span> 
     </span>
     <span class='ocr_line' id='line_1_24' title="bbox 432 1751 3356 1832; baseline -0 -18"><span class='ocrx_word' id='word_1_251' title='bbox 432 1755 542 1814; x_wconf 90' lang='lat' dir='ltr'><strong>sed</strong></span> <span class='ocrx_word' id='word_1_252' title='bbox 602 1753 801 1832; x_wconf 74' lang='lat' dir='ltr'><strong>potius</strong></span> <span class='ocrx_word' id='word_1_253' title='bbox 853 1753 1197 1814; x_wconf 87' lang='lat' dir='ltr'><strong>studeamus</strong></span> <span class='ocrx_word' id='word_1_254' title='bbox 1246 1752 1331 1814; x_wconf 88' lang='lat' dir='ltr'><strong>eis</strong></span> <span class='ocrx_word' id='word_1_255' title='bbox 1380 1753 1758 1832; x_wconf 86' lang='lat' dir='ltr'><strong>benefacere,</strong></span> <span class='ocrx_word' id='word_1_256' title='bbox 1814 1771 1951 1812; x_wconf 88' lang='lat' dir='ltr'><strong>cum</strong></span> <span class='ocrx_word' id='word_1_257' title='bbox 2003 1752 2112 1814; x_wconf 90' lang='lat' dir='ltr'><strong>erit</strong></span> <span class='ocrx_word' id='word_1_258' title='bbox 2149 1753 2538 1813; x_wconf 89' lang='lat' dir='ltr'><strong>commodum</strong></span> <span class='ocrx_word' id='word_1_259' title='bbox 2552 1797 2570 1830; x_wconf 92' lang='lat'><strong>,</strong></span> <span class='ocrx_word' id='word_1_260' title='bbox 2613 1769 2794 1830; x_wconf 89' lang='lat' dir='ltr'><strong>quam</strong></span> <span class='ocrx_word' id='word_1_261' title='bbox 2831 1753 3051 1812; x_wconf 87' lang='lat' dir='ltr'><strong>malum</strong></span> <span class='ocrx_word' id='word_1_262' title='bbox 3092 1751 3356 1831; x_wconf 89' lang='lat' dir='ltr'><strong>ipsorum</strong></span> 
     </span>
     <span class='ocr_line' id='line_1_25' title="bbox 430 1798 2810 1924; baseline -0 -31"><span class='ocrx_word' id='word_1_263' title='bbox 430 1835 794 1911; x_wconf 88' lang='lat' dir='ltr'><strong>accendere,</strong></span> <span class='ocrx_word' id='word_1_264' title='bbox 834 1851 913 1894; x_wconf 89' lang='lat' dir='ltr'><strong>ne</strong></span> <span class='ocrx_word' id='word_1_265' title='bbox 950 1851 1055 1910; x_wconf 90' lang='lat' dir='ltr'><strong>spe</strong></span> <span class='ocrx_word' id='word_1_266' title='bbox 1096 1831 1522 1894; x_wconf 88' lang='lat' dir='ltr'><strong>beneficiorum</strong></span> <span class='ocrx_word' id='word_1_267' title='bbox 1562 1798 1758 1924; x_wconf 79' lang='lat' dir='ltr'><strong>nobis</strong></span> <span class='ocrx_word' id='word_1_268' title='bbox 1776 1849 2149 1893; x_wconf 86' lang='lat' dir='ltr'><strong>accersamus</strong></span> <span class='ocrx_word' id='word_1_269' title='bbox 2187 1832 2524 1910; x_wconf 73' lang='lat' dir='ltr'><strong>importune</strong></span> <span class='ocrx_word' id='word_1_270' title='bbox 2565 1833 2810 1892; x_wconf 89' lang='lat' dir='ltr'><strong>malum.</strong></span> 
     </span>
    </p>

    <p class='ocr_par' dir='ltr' id='par_1_6' title="bbox 427 1909 3357 2552">
     <span class='ocr_line' id='line_1_26' title="bbox 515 1909 3353 2004; baseline -0 -30"><span class='ocrx_word' id='word_1_271' title='bbox 515 1913 634 1975; x_wconf 91' lang='lat' dir='ltr'><strong>Sed</strong></span> <span class='ocrx_word' id='word_1_272' title='bbox 674 1913 819 1992; x_wconf 90' lang='lat' dir='ltr'><strong>quid</strong></span> <span class='ocrx_word' id='word_1_273' title='bbox 859 1913 909 1973; x_wconf 92' lang='lat' dir='ltr'><strong>si</strong></span> <span class='ocrx_word' id='word_1_274' title='bbox 946 1911 1218 1974; x_wconf 91' lang='lat' dir='ltr'><strong>homines</strong></span> <span class='ocrx_word' id='word_1_275' title='bbox 1260 1922 1431 1974; x_wconf 86' lang='lat' dir='ltr'><strong>erunt</strong></span> <span class='ocrx_word' id='word_1_276' title='bbox 1470 1931 1592 1972; x_wconf 92' lang='lat' dir='ltr'><strong>non</strong></span> <span class='ocrx_word' id='word_1_277' title='bbox 1632 1911 1873 1973; x_wconf 90' lang='lat' dir='ltr'><strong>inimico</strong></span> <span class='ocrx_word' id='word_1_278' title='bbox 1914 1931 2058 1990; x_wconf 88' lang='lat' dir='ltr'><strong>erga</strong></span> <span class='ocrx_word' id='word_1_279' title='bbox 2091 1912 2416 1974; x_wconf 88' lang='lat' dir='ltr'><strong>Ecclesiam</strong></span> <span class='ocrx_word' id='word_1_280' title='bbox 2457 1915 2513 1974; x_wconf 75' lang='grc' dir='ltr'><strong>δι</strong></span> <span class='ocrx_word' id='word_1_281' title='bbox 2554 1912 2686 1990; x_wconf 90' lang='lat' dir='ltr'><strong>pios</strong></span> <span class='ocrx_word' id='word_1_282' title='bbox 2724 1909 2958 1972; x_wconf 86' lang='lat' dir='ltr'><strong>animo?</strong></span> <span class='ocrx_word' id='word_1_283' title='bbox 2995 1913 3210 2004; x_wconf 78' lang='lat' dir='ltr'><strong>horum</strong></span> <span class='ocrx_word' id='word_1_284' title='bbox 3229 1913 3353 1974; x_wconf 89' lang='lat' dir='ltr'><strong>duo</strong></span> 
     </span>
     <span class='ocr_line' id='line_1_27' title="bbox 430 1991 3355 2084; baseline -0.001 -28"><span class='ocrx_word' id='word_1_285' title='bbox 430 2013 679 2074; x_wconf 86' lang='lat' dir='ltr'><strong>genera,</strong></span> <span class='ocrx_word' id='word_1_286' title='bbox 719 2010 872 2072; x_wconf 89' lang='lat' dir='ltr'><strong>quae</strong></span> <span class='ocrx_word' id='word_1_287' title='bbox 910 1996 1047 2054; x_wconf 90' lang='lat' dir='ltr'><strong>ante</strong></span> <span class='ocrx_word' id='word_1_288' title='bbox 1085 1991 1460 2068; x_wconf 77' lang='lat' dir='ltr'><strong>dicebamuS,</strong></span> <span class='ocrx_word' id='word_1_289' title='bbox 1501 2009 1735 2084; x_wconf 87' lang='lat' dir='ltr'><strong>semper</strong></span> <span class='ocrx_word' id='word_1_290' title='bbox 1774 1991 2054 2084; x_wconf 88' lang='lat' dir='ltr'><strong>distingui</strong></span> <span class='ocrx_word' id='word_1_291' title='bbox 2093 2011 2335 2054; x_wconf 88' lang='lat' dir='ltr'><strong>necesse</strong></span> <span class='ocrx_word' id='word_1_292' title='bbox 2355 2003 2473 2053; x_wconf 83' lang='lat' dir='ltr'><strong>est:</strong></span> <span class='ocrx_word' id='word_1_293' title='bbox 2516 1993 2671 2053; x_wconf 89' lang='lat' dir='ltr'><strong>Nam</strong></span> <span class='ocrx_word' id='word_1_294' title='bbox 2692 1991 2788 2068; x_wconf 84' lang='lat' dir='ltr'><strong>aliJ‘</strong></span> <span class='ocrx_word' id='word_1_295' title='bbox 2811 2004 2950 2054; x_wconf 88' lang='lat' dir='ltr'><strong>sunt</strong></span> <span class='ocrx_word' id='word_1_296' title='bbox 2967 2009 3089 2052; x_wconf 87' lang='lat' dir='ltr'><strong>non</strong></span> <span class='ocrx_word' id='word_1_297' title='bbox 3112 1991 3355 2072; x_wconf 87' lang='lat' dir='ltr'><strong>inimici,</strong></span> 
     </span>
     <span class='ocr_line' id='line_1_28' title="bbox 428 2071 3356 2164; baseline -0.001 -30"><span class='ocrx_word' id='word_1_298' title='bbox 428 2075 527 2150; x_wconf 88' lang='lat' dir='ltr'><strong>alij</strong></span> <span class='ocrx_word' id='word_1_299' title='bbox 590 2078 732 2134; x_wconf 81' lang='lat' dir='ltr'><strong>vero</strong></span> <span class='ocrx_word' id='word_1_300' title='bbox 790 2071 965 2134; x_wconf 89' lang='lat' dir='ltr'><strong>amici</strong></span> <span class='ocrx_word' id='word_1_301' title='bbox 1026 2071 1249 2164; x_wconf 75' lang='lat' dir='ltr'><strong>reipsa,</strong></span> <span class='ocrx_word' id='word_1_302' title='bbox 1289 2073 1345 2132; x_wconf 87' lang='lat'>&amp;</span> <span class='ocrx_word' id='word_1_303' title='bbox 1386 2073 1553 2132; x_wconf 88' lang='lat' dir='ltr'><strong>bono</strong></span> <span class='ocrx_word' id='word_1_304' title='bbox 1590 2072 1794 2133; x_wconf 85' lang='lat' dir='ltr'><strong>animo</strong></span> <span class='ocrx_word' id='word_1_305' title='bbox 1834 2072 1894 2132; x_wconf 90' lang='lat' dir='ltr'><strong>in</strong></span> <span class='ocrx_word' id='word_1_306' title='bbox 1937 2072 2266 2133; x_wconf 88' lang='lat' dir='ltr'><strong>Ecclesiam</strong></span> <span class='ocrx_word' id='word_1_307' title='bbox 2306 2072 2420 2132; x_wconf 92' lang='lat' dir='ltr'><strong>Dei</strong></span> <span class='ocrx_word' id='word_1_308' title='bbox 2461 2092 2536 2132; x_wconf 93' lang='lat' dir='ltr'><strong>ac</strong></span> <span class='ocrx_word' id='word_1_309' title='bbox 2569 2073 2836 2164; x_wconf 78' lang='lat' dir='ltr'><strong>membra</strong></span> <span class='ocrx_word' id='word_1_310' title='bbox 2875 2072 3048 2133; x_wconf 79' lang='lat' dir='ltr'><strong>illius·</strong></span> <span class='ocrx_word' id='word_1_311' title='bbox 3090 2072 3244 2133; x_wconf 88' lang='lat' dir='ltr'><strong>Cum</strong></span> <span class='ocrx_word' id='word_1_312' title='bbox 3285 2073 3356 2133; x_wconf 87' lang='lat' dir='ltr'><strong>iis</strong></span> 
     </span>
     <span class='ocr_line' id='line_1_29' title="bbox 428 2151 3353 2245; baseline -0 -31"><span class='ocrx_word' id='word_1_313' title='bbox 428 2163 629 2216; x_wconf 88' lang='lat' dir='ltr'><strong>autem</strong></span> <span class='ocrx_word' id='word_1_314' title='bbox 670 2152 775 2230; x_wconf 91' lang='lat' dir='ltr'><strong>qui</strong></span> <span class='ocrx_word' id='word_1_315' title='bbox 814 2170 937 2214; x_wconf 88' lang='lat' dir='ltr'><strong>non</strong></span> <span class='ocrx_word' id='word_1_316' title='bbox 976 2151 1199 2212; x_wconf 90' lang='lat' dir='ltr'><strong>inimici</strong></span> <span class='ocrx_word' id='word_1_317' title='bbox 1238 2163 1406 2224; x_wconf 81' lang='lat' dir='ltr'><strong>sunt,</strong></span> <span class='ocrx_word' id='word_1_318' title='bbox 1451 2151 1549 2212; x_wconf 90' lang='lat' dir='ltr'><strong>hic</strong></span> <span class='ocrx_word' id='word_1_319' title='bbox 1590 2152 1805 2214; x_wconf 89' lang='lat' dir='ltr'><strong>modus</strong></span> <span class='ocrx_word' id='word_1_320' title='bbox 1846 2153 1923 2212; x_wconf 89' lang='lat' dir='ltr'><strong>ad</strong></span> <span class='ocrx_word' id='word_1_321' title='bbox 1965 2151 2446 2245; x_wconf 87' lang='lat' dir='ltr'><strong>procurationem</strong></span> <span class='ocrx_word' id='word_1_322' title='bbox 2489 2151 2651 2230; x_wconf 86' lang='lat' dir='ltr'><strong>pacis</strong></span> <span class='ocrx_word' id='word_1_323' title='bbox 2687 2153 2750 2213; x_wconf 89' lang='lat' dir='ltr'><strong>in</strong></span> <span class='ocrx_word' id='word_1_324' title='bbox 2771 2152 3043 2212; x_wconf 87' lang='lat' dir='ltr'><strong>Ecclesia</strong></span> <span class='ocrx_word' id='word_1_325' title='bbox 3062 2153 3353 2213; x_wconf 86' lang='lat' dir='ltr'><strong>tenendus</strong></span> 
     </span>
     <span class='ocr_line' id='line_1_30' title="bbox 428 2231 3357 2312; baseline -0.001 -18"><span class='ocrx_word' id='word_1_326' title='bbox 428 2245 546 2312; x_wconf 90' lang='lat' dir='ltr'><strong>est,</strong></span> <span class='ocrx_word' id='word_1_327' title='bbox 586 2244 649 2294; x_wconf 85' lang='lat' dir='ltr'><strong>vt</strong></span> <span class='ocrx_word' id='word_1_328' title='bbox 688 2231 886 2310; x_wconf 89' lang='lat' dir='ltr'><strong>potius</strong></span> <span class='ocrx_word' id='word_1_329' title='bbox 924 2231 1127 2293; x_wconf 85' lang='lat' dir='ltr'><strong>vincas</strong></span> <span class='ocrx_word' id='word_1_330' title='bbox 1166 2231 1397 2292; x_wconf 88' lang='lat' dir='ltr'><strong>animos</strong></span> <span class='ocrx_word' id='word_1_331' title='bbox 1438 2231 1703 2310; x_wconf 89' lang='lat' dir='ltr'><strong>ipsorum</strong></span> <span class='ocrx_word' id='word_1_332' title='bbox 1744 2235 1799 2292; x_wconf 76' lang='grc' dir='ltr'><strong>δι</strong></span> <span class='ocrx_word' id='word_1_333' title='bbox 1838 2231 2158 2293; x_wconf 88' lang='lat' dir='ltr'><strong>amicitiam</strong></span> <span class='ocrx_word' id='word_1_334' title='bbox 2179 2231 2460 2294; x_wconf 89' lang='lat' dir='ltr'><strong>concilies</strong></span> <span class='ocrx_word' id='word_1_335' title='bbox 2482 2233 2658 2293; x_wconf 88' lang='lat' dir='ltr'><strong>bonis</strong></span> <span class='ocrx_word' id='word_1_336' title='bbox 2677 2232 3079 2308; x_wconf 85' lang='lat' dir='ltr'><strong>sermonibus,</strong></span> <span class='ocrx_word' id='word_1_337' title='bbox 3120 2232 3357 2310; x_wconf 84' lang='lat' dir='ltr'><strong>officiis,</strong></span> 
     </span>
     <span class='ocr_line' id='line_1_31' title="bbox 427 2311 3355 2391; baseline -0.001 -17"><span class='ocrx_word' id='word_1_338' title='bbox 427 2313 744 2391; x_wconf 88' lang='lat' dir='ltr'><strong>exemplis,</strong></span> <span class='ocrx_word' id='word_1_339' title='bbox 780 2315 837 2373; x_wconf 80' lang='grc' dir='ltr'><strong>δι</strong></span> <span class='ocrx_word' id='word_1_340' title='bbox 874 2313 1051 2373; x_wconf 90' lang='lat' dir='ltr'><strong>rebus</strong></span> <span class='ocrx_word' id='word_1_341' title='bbox 1092 2311 1529 2389; x_wconf 87' lang='lat' dir='ltr'><strong>consimilibus,</strong></span> <span class='ocrx_word' id='word_1_342' title='bbox 1569 2314 1749 2389; x_wconf 74' lang='lat' dir='ltr'><strong>quam</strong></span> <span class='ocrx_word' id='word_1_343' title='bbox 1790 2322 1853 2372; x_wconf 91' lang='lat' dir='ltr'><strong>vt</strong></span> <span class='ocrx_word' id='word_1_344' title='bbox 1884 2311 2221 2390; x_wconf 78' lang='lat' dir='ltr'><strong>importune</strong></span> <span class='ocrx_word' id='word_1_345' title='bbox 2241 2315 2318 2372; x_wconf 91' lang='lat' dir='ltr'><strong>ab</strong></span> <span class='ocrx_word' id='word_1_346' title='bbox 2339 2311 2451 2374; x_wconf 90' lang='lat' dir='ltr'><strong>illis</strong></span> <span class='ocrx_word' id='word_1_347' title='bbox 2471 2311 2667 2390; x_wconf 85' lang='lat' dir='ltr'><strong>exigas</strong></span> <span class='ocrx_word' id='word_1_348' title='bbox 2687 2313 3026 2373; x_wconf 87' lang='lat' dir='ltr'><strong>benefacta:</strong></span> <span class='ocrx_word' id='word_1_349' title='bbox 3073 2312 3355 2372; x_wconf 88' lang='lat' dir='ltr'><strong>Animum</strong></span> 
     </span>
     <span class='ocr_line' id='line_1_32' title="bbox 427 2357 3356 2472; baseline 0 -19"><span class='ocrx_word' id='word_1_350' title='bbox 427 2392 673 2457; x_wconf 89' lang='lat' dir='ltr'><strong>istorum</strong></span> <span class='ocrx_word' id='word_1_351' title='bbox 724 2357 943 2453; x_wconf 90' lang='lat' dir='ltr'><strong>adduci</strong></span> <span class='ocrx_word' id='word_1_352' title='bbox 996 2391 1358 2471; x_wconf 75' lang='lat' dir='ltr'><strong>priuisquam</strong></span> <span class='ocrx_word' id='word_1_353' title='bbox 1409 2409 1617 2453; x_wconf 88' lang='lat' dir='ltr'><strong>manus</strong></span> <span class='ocrx_word' id='word_1_354' title='bbox 1670 2409 1911 2454; x_wconf 88' lang='lat' dir='ltr'><strong>necesse</strong></span> <span class='ocrx_word' id='word_1_355' title='bbox 1965 2403 2072 2454; x_wconf 89' lang='lat' dir='ltr'><strong>est.</strong></span> <span class='ocrx_word' id='word_1_356' title='bbox 2129 2392 2229 2471; x_wconf 91' lang='lat' dir='ltr'><strong>qui</strong></span> <span class='ocrx_word' id='word_1_357' title='bbox 2280 2394 2444 2455; x_wconf 81' lang='lat' dir='ltr'><strong>secus</strong></span> <span class='ocrx_word' id='word_1_358' title='bbox 2483 2393 2717 2472; x_wconf 91' lang='lat' dir='ltr'><strong>fecerit,</strong></span> <span class='ocrx_word' id='word_1_359' title='bbox 2771 2390 2820 2454; x_wconf 88' lang='lat' dir='ltr'><strong>is</strong></span> <span class='ocrx_word' id='word_1_360' title='bbox 2859 2398 3238 2472; x_wconf 87' lang='lat' dir='ltr'><strong>praepostere</strong></span> <span class='ocrx_word' id='word_1_361' title='bbox 3278 2393 3356 2454; x_wconf 89' lang='lat' dir='ltr'><strong>de</strong></span> 
     </span>
     <span class='ocr_line' id='line_1_33' title="bbox 430 2472 2584 2567; baseline 0 -33"><span class='ocrx_word' id='word_1_362' title='bbox 430 2475 629 2535; x_wconf 75' lang='lat' dir='ltr'><strong>officio</strong></span> <span class='ocrx_word' id='word_1_363' title='bbox 668 2474 888 2535; x_wconf 88' lang='lat' dir='ltr'><strong>iudicat</strong></span> <span class='ocrx_word' id='word_1_364' title='bbox 928 2472 1195 2551; x_wconf 87' lang='lat' dir='ltr'><strong>illorum,</strong></span> <span class='ocrx_word' id='word_1_365' title='bbox 1236 2474 1293 2531; x_wconf 75' lang='grc' dir='ltr'><strong>δι</strong></span> <span class='ocrx_word' id='word_1_366' title='bbox 1326 2489 1469 2533; x_wconf 85' lang='lat' dir='ltr'><strong>suo:</strong></span> <span class='ocrx_word' id='word_1_367' title='bbox 1508 2472 1675 2549; x_wconf 91' lang='lat' dir='ltr'><strong>quod</strong></span> <span class='ocrx_word' id='word_1_368' title='bbox 1707 2492 1966 2565; x_wconf 86' lang='lat' dir='ltr'><strong>magnae</strong></span> <span class='ocrx_word' id='word_1_369' title='bbox 2009 2484 2100 2535; x_wconf 89' lang='lat' dir='ltr'><strong>est</strong></span> <span class='ocrx_word' id='word_1_370' title='bbox 2136 2474 2584 2567; x_wconf 81' lang='lat' dir='ltr'><strong>imprudentiae.</strong></span> 
     </span>
    </p>

    <p class='ocr_par' dir='ltr' id='par_1_7' title="bbox 426 2550 3356 3750">
     <span class='ocr_line' id='line_1_34' title="bbox 508 2550 3354 2631; baseline 0 -16"><span class='ocrx_word' id='word_1_371' title='bbox 508 2554 612 2615; x_wconf 89' lang='lat' dir='ltr'><strong>Sin</strong></span> <span class='ocrx_word' id='word_1_372' title='bbox 650 2563 847 2615; x_wconf 89' lang='lat' dir='ltr'><strong>autem</strong></span> <span class='ocrx_word' id='word_1_373' title='bbox 886 2552 1159 2613; x_wconf 86' lang='lat' dir='ltr'><strong>homines</strong></span> <span class='ocrx_word' id='word_1_374' title='bbox 1196 2550 1372 2613; x_wconf 86' lang='lat' dir='ltr'><strong>amici</strong></span> <span class='ocrx_word' id='word_1_375' title='bbox 1414 2564 1581 2631; x_wconf 87' lang='lat' dir='ltr'><strong>sunt,</strong></span> <span class='ocrx_word' id='word_1_376' title='bbox 1620 2552 1722 2630; x_wconf 89' lang='lat' dir='ltr'><strong>qui</strong></span> <span class='ocrx_word' id='word_1_377' title='bbox 1762 2553 2026 2613; x_wconf 83' lang='lat' dir='ltr'><strong>animum</strong></span> <span class='ocrx_word' id='word_1_378' title='bbox 2068 2555 2223 2614; x_wconf 83' lang='lat' dir='ltr'><strong>vltro</strong></span> <span class='ocrx_word' id='word_1_379' title='bbox 2264 2552 2550 2614; x_wconf 88' lang='lat' dir='ltr'><strong>adiecturi</strong></span> <span class='ocrx_word' id='word_1_380' title='bbox 2589 2552 2705 2613; x_wconf 92' lang='lat' dir='ltr'><strong>sint</strong></span> <span class='ocrx_word' id='word_1_381' title='bbox 2743 2552 2822 2613; x_wconf 88' lang='lat' dir='ltr'><strong>ad</strong></span> <span class='ocrx_word' id='word_1_382' title='bbox 2863 2552 3354 2615; x_wconf 83' lang='lat' dir='ltr'><strong>benefaciendum</strong></span> 
     </span>
     <span class='ocr_line' id='line_1_35' title="bbox 428 2631 3355 2713; baseline 0.001 -20"><span class='ocrx_word' id='word_1_383' title='bbox 428 2632 761 2709; x_wconf 88' lang='lat' dir='ltr'><strong>Ecclesiae,</strong></span> <span class='ocrx_word' id='word_1_384' title='bbox 800 2633 900 2693; x_wconf 90' lang='lat' dir='ltr'><strong>hic</strong></span> <span class='ocrx_word' id='word_1_385' title='bbox 942 2637 1261 2710; x_wconf 81' lang='lat' dir='ltr'><strong>vtrumque</strong></span> <span class='ocrx_word' id='word_1_386' title='bbox 1298 2632 1423 2694; x_wconf 89' lang='lat' dir='ltr'><strong>fieri</strong></span> <span class='ocrx_word' id='word_1_387' title='bbox 1462 2651 1575 2710; x_wconf 89' lang='lat' dir='ltr'><strong>pro</strong></span> <span class='ocrx_word' id='word_1_388' title='bbox 1616 2631 2046 2695; x_wconf 84' lang='lat' dir='ltr'><strong>commoditate</strong></span> <span class='ocrx_word' id='word_1_389' title='bbox 2087 2644 2308 2713; x_wconf 89' lang='lat' dir='ltr'><strong>potest,</strong></span> <span class='ocrx_word' id='word_1_390' title='bbox 2349 2645 2552 2695; x_wconf 88' lang='lat' dir='ltr'><strong>nostra</strong></span> <span class='ocrx_word' id='word_1_391' title='bbox 2589 2631 2789 2693; x_wconf 82' lang='lat' dir='ltr'><strong>officia</strong></span> <span class='ocrx_word' id='word_1_392' title='bbox 2827 2632 2889 2693; x_wconf 88' lang='lat' dir='ltr'><strong>in</strong></span> <span class='ocrx_word' id='word_1_393' title='bbox 2909 2632 3042 2694; x_wconf 90' lang='lat' dir='ltr'><strong>illos</strong></span> <span class='ocrx_word' id='word_1_394' title='bbox 3063 2634 3355 2712; x_wconf 84' lang='lat' dir='ltr'><strong>exerceri,</strong></span> 
     </span>
     <span class='ocr_line' id='line_1_36' title="bbox 429 2711 3356 2791; baseline 0 -18"><span class='ocrx_word' id='word_1_395' title='bbox 429 2716 483 2773; x_wconf 76' lang='grc' dir='ltr'><strong>δι</strong></span> <span class='ocrx_word' id='word_1_396' title='bbox 523 2713 777 2775; x_wconf 80' lang='lat' dir='ltr'><strong>vicissim</strong></span> <span class='ocrx_word' id='word_1_397' title='bbox 818 2712 1053 2773; x_wconf 90' lang='lat' dir='ltr'><strong>illorum</strong></span> <span class='ocrx_word' id='word_1_398' title='bbox 1092 2731 1235 2791; x_wconf 85' lang='lat' dir='ltr'><strong>erga</strong></span> <span class='ocrx_word' id='word_1_399' title='bbox 1268 2712 1599 2773; x_wconf 82' lang='lat' dir='ltr'><strong>Ecclesiam</strong></span> <span class='ocrx_word' id='word_1_400' title='bbox 1640 2712 1953 2791; x_wconf 88' lang='lat' dir='ltr'><strong>occupari:</strong></span> <span class='ocrx_word' id='word_1_401' title='bbox 1994 2723 2058 2773; x_wconf 85' lang='lat' dir='ltr'><strong>vt</strong></span> <span class='ocrx_word' id='word_1_402' title='bbox 2077 2724 2204 2774; x_wconf 89' lang='lat' dir='ltr'><strong>tum</strong></span> <span class='ocrx_word' id='word_1_403' title='bbox 2227 2713 2440 2774; x_wconf 89' lang='lat' dir='ltr'><strong>nostris</strong></span> <span class='ocrx_word' id='word_1_404' title='bbox 2460 2711 2762 2775; x_wconf 88' lang='lat' dir='ltr'><strong>beneficiis</strong></span> <span class='ocrx_word' id='word_1_405' title='bbox 2781 2712 3074 2773; x_wconf 85' lang='lat' dir='ltr'><strong>lucrifiant</strong></span> <span class='ocrx_word' id='word_1_406' title='bbox 3095 2713 3356 2791; x_wconf 88' lang='lat' dir='ltr'><strong>Christo,</strong></span> 
     </span>
     <span class='ocr_line' id='line_1_37' title="bbox 430 2792 3356 2873; baseline -0.001 -18"><span class='ocrx_word' id='word_1_407' title='bbox 430 2793 767 2873; x_wconf 70' lang='lat' dir='ltr'><strong>praesertim</strong></span> <span class='ocrx_word' id='word_1_408' title='bbox 818 2792 1038 2853; x_wconf 86' lang='lat' dir='ltr'><strong>fiducia</strong></span> <span class='ocrx_word' id='word_1_409' title='bbox 1087 2802 1289 2853; x_wconf 87' lang='lat' dir='ltr'><strong>nostra</strong></span> <span class='ocrx_word' id='word_1_410' title='bbox 1328 2794 1406 2854; x_wconf 94' lang='lat' dir='ltr'><strong>de</strong></span> <span class='ocrx_word' id='word_1_411' title='bbox 1450 2792 1593 2870; x_wconf 89' lang='lat' dir='ltr'><strong>ipsis</strong></span> <span class='ocrx_word' id='word_1_412' title='bbox 1633 2795 1967 2871; x_wconf 86' lang='lat' dir='ltr'><strong>explorata,</strong></span> <span class='ocrx_word' id='word_1_413' title='bbox 2004 2804 2130 2854; x_wconf 89' lang='lat' dir='ltr'><strong>tum</strong></span> <span class='ocrx_word' id='word_1_414' title='bbox 2174 2794 2348 2854; x_wconf 90' lang='lat' dir='ltr'><strong>etiam</strong></span> <span class='ocrx_word' id='word_1_415' title='bbox 2393 2794 2511 2855; x_wconf 88' lang='lat' dir='ltr'><strong>suis</strong></span> <span class='ocrx_word' id='word_1_416' title='bbox 2553 2793 2818 2871; x_wconf 90' lang='lat' dir='ltr'><strong>ipsorum</strong></span> <span class='ocrx_word' id='word_1_417' title='bbox 2858 2792 3028 2853; x_wconf 86' lang='lat' dir='ltr'><strong>factis</strong></span> <span class='ocrx_word' id='word_1_418' title='bbox 3068 2795 3356 2871; x_wconf 87' lang='lat' dir='ltr'><strong>quodam-</strong></span> 
     </span>
     <span class='ocr_line' id='line_1_38' title="bbox 430 2872 3356 2951; baseline 0 -18"><span class='ocrx_word' id='word_1_419' title='bbox 430 2874 615 2935; x_wconf 88' lang='lat' dir='ltr'><strong>modo</strong></span> <span class='ocrx_word' id='word_1_420' title='bbox 668 2872 1111 2951; x_wconf 76' lang='lat' dir='ltr'><strong>obstringamur</strong></span> <span class='ocrx_word' id='word_1_421' title='bbox 1157 2873 1235 2933; x_wconf 87' lang='lat' dir='ltr'><strong>ad</strong></span> <span class='ocrx_word' id='word_1_422' title='bbox 1288 2873 1681 2934; x_wconf 87' lang='lat' dir='ltr'><strong>constantiam</strong></span> <span class='ocrx_word' id='word_1_423' title='bbox 1736 2873 1891 2933; x_wconf 82' lang='lat' dir='ltr'><strong>illius</strong></span> <span class='ocrx_word' id='word_1_424' title='bbox 1940 2872 2030 2933; x_wconf 89' lang='lat' dir='ltr'><strong>sui</strong></span> <span class='ocrx_word' id='word_1_425' title='bbox 2087 2874 2146 2933; x_wconf 90' lang='lat' dir='ltr'><strong>in</strong></span> <span class='ocrx_word' id='word_1_426' title='bbox 2189 2874 2617 2935; x_wconf 81' lang='lat' dir='ltr'><strong>benefaciendo</strong></span> <span class='ocrx_word' id='word_1_427' title='bbox 2657 2873 2858 2948; x_wconf 89' lang='lat' dir='ltr'><strong>studij.</strong></span> <span class='ocrx_word' id='word_1_428' title='bbox 2894 2874 3051 2933; x_wconf 87' lang='lat' dir='ltr'><strong>Nam</strong></span> <span class='ocrx_word' id='word_1_429' title='bbox 3093 2890 3198 2933; x_wconf 85' lang='lat' dir='ltr'><strong>cnr</strong></span> <span class='ocrx_word' id='word_1_430' title='bbox 3237 2875 3356 2935; x_wconf 91' lang='lat' dir='ltr'><strong>hoc</strong></span> 
     </span>
     <span class='ocr_line' id='line_1_39' title="bbox 430 2949 3356 3047; baseline 0.001 -34"><span class='ocrx_word' id='word_1_431' title='bbox 430 2952 615 3015; x_wconf 88' lang='lat' dir='ltr'><strong>modo</strong></span> <span class='ocrx_word' id='word_1_432' title='bbox 672 2971 797 3014; x_wconf 88' lang='lat' dir='ltr'><strong>non</strong></span> <span class='ocrx_word' id='word_1_433' title='bbox 857 2962 1150 3014; x_wconf 87' lang='lat' dir='ltr'><strong>certemus</strong></span> <span class='ocrx_word' id='word_1_434' title='bbox 1209 2952 1641 3013; x_wconf 87' lang='lat' dir='ltr'><strong>benefaciendo</strong></span> <span class='ocrx_word' id='word_1_435' title='bbox 1702 2970 1837 3013; x_wconf 90' lang='lat' dir='ltr'><strong>cum</strong></span> <span class='ocrx_word' id='word_1_436' title='bbox 1882 2952 1995 3015; x_wconf 88' lang='lat' dir='ltr'><strong>illis</strong></span> <span class='ocrx_word' id='word_1_437' title='bbox 2037 2949 2416 3015; x_wconf 80' lang='lat' dir='ltr'><strong>hominibus?</strong></span> <span class='ocrx_word' id='word_1_438' title='bbox 2469 2953 2686 3030; x_wconf 87' lang='lat' dir='ltr'><strong>quibus</strong></span> <span class='ocrx_word' id='word_1_439' title='bbox 2725 2954 2890 3013; x_wconf 90' lang='lat' dir='ltr'><strong>Deus</strong></span> <span class='ocrx_word' id='word_1_440' title='bbox 2931 2954 3069 3014; x_wconf 86' lang='lat' dir='ltr'><strong>fecit</strong></span> <span class='ocrx_word' id='word_1_441' title='bbox 3083 2954 3356 3047; x_wconf 85' lang='lat' dir='ltr'><strong>promis·</strong></span> 
     </span>
     <span class='ocr_line' id='line_1_40' title="bbox 428 3031 3357 3112; baseline 0 -19"><span class='ocrx_word' id='word_1_442' title='bbox 428 3032 626 3094; x_wconf 88' lang='lat' dir='ltr'><strong>siones</strong></span> <span class='ocrx_word' id='word_1_443' title='bbox 666 3050 847 3093; x_wconf 88' lang='lat' dir='ltr'><strong>causa</strong></span> <span class='ocrx_word' id='word_1_444' title='bbox 884 3031 1193 3093; x_wconf 77' lang='lat' dir='ltr'><strong>Ecclesiae</strong></span> <span class='ocrx_word' id='word_1_445' title='bbox 1231 3048 1404 3110; x_wconf 88' lang='lat' dir='ltr'><strong>suae,</strong></span> <span class='ocrx_word' id='word_1_446' title='bbox 1446 3032 1501 3092; x_wconf 73' lang='grc' dir='ltr'><strong>δι</strong></span> <span class='ocrx_word' id='word_1_447' title='bbox 1540 3032 1961 3110; x_wconf 88' lang='lat' dir='ltr'><strong>amplissimam</strong></span> <span class='ocrx_word' id='word_1_448' title='bbox 2003 3034 2304 3110; x_wconf 89' lang='lat' dir='ltr'><strong>quandam</strong></span> <span class='ocrx_word' id='word_1_449' title='bbox 2345 3051 2549 3093; x_wconf 89' lang='lat' dir='ltr'><strong>earum</strong></span> <span class='ocrx_word' id='word_1_450' title='bbox 2591 3042 2818 3112; x_wconf 89' lang='lat' dir='ltr'><strong>partem</strong></span> <span class='ocrx_word' id='word_1_451' title='bbox 2859 3052 2996 3093; x_wconf 92' lang='lat' dir='ltr'><strong>cum</strong></span> <span class='ocrx_word' id='word_1_452' title='bbox 3039 3033 3148 3112; x_wconf 89' lang='lat' dir='ltr'><strong>piis</strong></span> <span class='ocrx_word' id='word_1_453' title='bbox 3181 3033 3357 3112; x_wconf 87' lang='lat' dir='ltr'><strong>assig-</strong></span> 
     </span>
     <span class='ocr_line' id='line_1_41' title="bbox 430 3111 3354 3191; baseline 0 -18"><span class='ocrx_word' id='word_1_454' title='bbox 430 3111 608 3173; x_wconf 85' lang='lat' dir='ltr'><strong>nauit.</strong></span> <span class='ocrx_word' id='word_1_455' title='bbox 666 3114 823 3174; x_wconf 90' lang='lat' dir='ltr'><strong>Gen.</strong></span> <span class='ocrx_word' id='word_1_456' title='bbox 886 3132 977 3173; x_wconf 85' lang='lat'><strong>12.</strong></span> <span class='ocrx_word' id='word_1_457' title='bbox 1036 3132 1089 3173; x_wconf 89' lang='grc'><strong>2.</strong></span> <span class='ocrx_word' id='word_1_458' title='bbox 1142 3130 1199 3189; x_wconf 82' lang='grc'><strong>3.</strong></span> <span class='ocrx_word' id='word_1_459' title='bbox 1252 3130 1407 3189; x_wconf 84' lang='lat' dir='ltr'><strong>quos</strong></span> <span class='ocrx_word' id='word_1_460' title='bbox 1458 3112 1726 3174; x_wconf 86' lang='lat' dir='ltr'><strong>Christus</strong></span> <span class='ocrx_word' id='word_1_461' title='bbox 1780 3132 1893 3191; x_wconf 92' lang='lat' dir='ltr'><strong>pro</strong></span> <span class='ocrx_word' id='word_1_462' title='bbox 1934 3112 2109 3174; x_wconf 90' lang='lat' dir='ltr'><strong>nobis</strong></span> <span class='ocrx_word' id='word_1_463' title='bbox 2148 3112 2294 3173; x_wconf 85' lang='lat' dir='ltr'><strong>dixit</strong></span> <span class='ocrx_word' id='word_1_464' title='bbox 2335 3132 2488 3185; x_wconf 84' lang='lat' dir='ltr'><strong>esse,</strong></span> <span class='ocrx_word' id='word_1_465' title='bbox 2527 3112 3014 3191; x_wconf 88' lang='lat' dir='ltr'><strong>quandoquidem</strong></span> <span class='ocrx_word' id='word_1_466' title='bbox 3053 3132 3176 3173; x_wconf 89' lang='lat' dir='ltr'><strong>non</strong></span> <span class='ocrx_word' id='word_1_467' title='bbox 3218 3124 3354 3173; x_wconf 87' lang='lat' dir='ltr'><strong>sunt</strong></span> 
     </span>
     <span class='ocr_line' id='line_1_42' title="bbox 428 3192 3352 3285; baseline 0.001 -34"><span class='ocrx_word' id='word_1_468' title='bbox 428 3193 707 3255; x_wconf 88' lang='lat' dir='ltr'><strong>aduersus</strong></span> <span class='ocrx_word' id='word_1_469' title='bbox 742 3211 884 3253; x_wconf 90' lang='lat' dir='ltr'><strong>nos:</strong></span> <span class='ocrx_word' id='word_1_470' title='bbox 928 3194 1077 3255; x_wconf 89' lang='lat' dir='ltr'><strong>Luc.</strong></span> <span class='ocrx_word' id='word_1_471' title='bbox 1118 3212 1176 3271; x_wconf 90' lang='lat'><strong>9.</strong></span> <span class='ocrx_word' id='word_1_472' title='bbox 1216 3192 1433 3269; x_wconf 87' lang='lat' dir='ltr'><strong>quibus</strong></span> <span class='ocrx_word' id='word_1_473' title='bbox 1471 3192 1743 3271; x_wconf 86' lang='lat' dir='ltr'><strong>promisit</strong></span> <span class='ocrx_word' id='word_1_474' title='bbox 1783 3194 2122 3253; x_wconf 90' lang='lat' dir='ltr'><strong>mercedem</strong></span> <span class='ocrx_word' id='word_1_475' title='bbox 2162 3194 2526 3285; x_wconf 87' lang='lat' dir='ltr'><strong>Prophetae,</strong></span> <span class='ocrx_word' id='word_1_476' title='bbox 2567 3192 2616 3253; x_wconf 90' lang='lat' dir='ltr'><strong>si</strong></span> <span class='ocrx_word' id='word_1_477' title='bbox 2639 3212 2740 3253; x_wconf 87' lang='lat' dir='ltr'><strong>vas</strong></span> <span class='ocrx_word' id='word_1_478' title='bbox 2761 3192 3044 3271; x_wconf 85' lang='lat' dir='ltr'><strong>frigidae</strong></span> <span class='ocrx_word' id='word_1_479' title='bbox 3027 3212 3088 3254; x_wconf 87' lang='grc' dir='ltr'><strong>ιιι</strong></span> <span class='ocrx_word' id='word_1_480' title='bbox 3109 3194 3352 3255; x_wconf 86' lang='lat' dir='ltr'><strong>nomine</strong></span> 
     </span>
     <span class='ocr_line' id='line_1_43' title="bbox 430 3271 3348 3367; baseline 0 -34"><span class='ocrx_word' id='word_1_481' title='bbox 430 3274 759 3367; x_wconf 87' lang='lat' dir='ltr'><strong>Prophetae</strong></span> <span class='ocrx_word' id='word_1_482' title='bbox 812 3271 1297 3335; x_wconf 86' lang='lat' dir='ltr'><strong>ministrauerint:</strong></span> <span class='ocrx_word' id='word_1_483' title='bbox 1346 3274 1517 3333; x_wconf 89' lang='lat' dir='ltr'><strong>Matt.</strong></span> <span class='ocrx_word' id='word_1_484' title='bbox 1566 3292 1653 3333; x_wconf 87' lang='grc' dir='ltr'><strong>ιο.</strong></span> <span class='ocrx_word' id='word_1_485' title='bbox 1698 3292 1796 3347; x_wconf 88' lang='grc'><strong>42.</strong></span> <span class='ocrx_word' id='word_1_486' title='bbox 1836 3290 2090 3350; x_wconf 91' lang='lat' dir='ltr'><strong>quorum</strong></span> <span class='ocrx_word' id='word_1_487' title='bbox 2131 3272 2476 3334; x_wconf 89' lang='lat' dir='ltr'><strong>societatem</strong></span> <span class='ocrx_word' id='word_1_488' title='bbox 2525 3274 2861 3345; x_wconf 81' lang='lat' dir='ltr'><strong>Abraham,</strong></span> <span class='ocrx_word' id='word_1_489' title='bbox 2905 3273 3132 3351; x_wconf 89' lang='lat' dir='ltr'><strong>Dauid,</strong></span> <span class='ocrx_word' id='word_1_490' title='bbox 3173 3276 3228 3333; x_wconf 77' lang='grc' dir='ltr'><strong>δι</strong></span> <span class='ocrx_word' id='word_1_491' title='bbox 3269 3273 3348 3351; x_wconf 86' lang='lat' dir='ltr'><strong>pij</strong></span> 
     </span>
     <span class='ocr_line' id='line_1_44' title="bbox 429 3352 3352 3431; baseline 0 -18"><span class='ocrx_word' id='word_1_492' title='bbox 429 3372 635 3413; x_wconf 86' lang='lat' dir='ltr'><strong>omnes</strong></span> <span class='ocrx_word' id='word_1_493' title='bbox 674 3352 733 3413; x_wconf 90' lang='lat' dir='ltr'><strong>in</strong></span> <span class='ocrx_word' id='word_1_494' title='bbox 776 3354 1161 3414; x_wconf 89' lang='lat' dir='ltr'><strong>Testamento</strong></span> <span class='ocrx_word' id='word_1_495' title='bbox 1201 3362 1453 3429; x_wconf 84' lang='lat' dir='ltr'><strong>vtroque</strong></span> <span class='ocrx_word' id='word_1_496' title='bbox 1491 3352 1813 3414; x_wconf 85' lang='lat' dir='ltr'><strong>conciliare</strong></span> <span class='ocrx_word' id='word_1_497' title='bbox 1850 3352 1964 3413; x_wconf 89' lang='lat' dir='ltr'><strong>sibi</strong></span> <span class='ocrx_word' id='word_1_498' title='bbox 2005 3371 2128 3414; x_wconf 89' lang='lat' dir='ltr'><strong>non</strong></span> <span class='ocrx_word' id='word_1_499' title='bbox 2168 3353 2616 3431; x_wconf 79' lang='lat' dir='ltr'><strong>dubitauerunt,</strong></span> <span class='ocrx_word' id='word_1_500' title='bbox 2655 3354 2792 3413; x_wconf 74' lang='lat' dir='ltr'><strong>cum</strong></span> <span class='ocrx_word' id='word_1_501' title='bbox 2835 3356 2890 3415; x_wconf 85' lang='lat'>&amp;</span> <span class='ocrx_word' id='word_1_502' title='bbox 2927 3354 3352 3415; x_wconf 86' lang='lat' dir='ltr'><strong>communitate</strong></span> 
     </span>
     <span class='ocr_line' id='line_1_45' title="bbox 428 3430 3354 3523; baseline 0 -31"><span class='ocrx_word' id='word_1_503' title='bbox 428 3442 667 3493; x_wconf 88' lang='lat' dir='ltr'><strong>naturae</strong></span> <span class='ocrx_word' id='word_1_504' title='bbox 686 3476 705 3511; x_wconf 91' lang='lat'><strong>,</strong></span> <span class='ocrx_word' id='word_1_505' title='bbox 766 3434 823 3492; x_wconf 75' lang='grc' dir='ltr'><strong>δι</strong></span> <span class='ocrx_word' id='word_1_506' title='bbox 882 3430 1343 3523; x_wconf 81' lang='lat' dir='ltr'><strong>promissionum</strong></span> <span class='ocrx_word' id='word_1_507' title='bbox 1404 3432 1735 3493; x_wconf 88' lang='lat' dir='ltr'><strong>diuinarum</strong></span> <span class='ocrx_word' id='word_1_508' title='bbox 1798 3432 2245 3495; x_wconf 88' lang='lat' dir='ltr'><strong>consociatione</strong></span> <span class='ocrx_word' id='word_1_509' title='bbox 2303 3435 2414 3494; x_wconf 85' lang='lat' dir='ltr'><strong>hos</strong></span> <span class='ocrx_word' id='word_1_510' title='bbox 2472 3432 2584 3493; x_wconf 85' lang='lat' dir='ltr'><strong>sibi</strong></span> <span class='ocrx_word' id='word_1_511' title='bbox 2644 3433 2996 3495; x_wconf 90' lang='lat' dir='ltr'><strong>coniunctos</strong></span> <span class='ocrx_word' id='word_1_512' title='bbox 3036 3452 3165 3495; x_wconf 89' lang='lat' dir='ltr'><strong>esse</strong></span> <span class='ocrx_word' id='word_1_513' title='bbox 3207 3434 3354 3494; x_wconf 89' lang='lat' dir='ltr'><strong>boni</strong></span> 
     </span>
     <span class='ocr_line' id='line_1_46' title="bbox 428 3510 3352 3591; baseline 0 -20"><span class='ocrx_word' id='word_1_514' title='bbox 428 3510 963 3573; x_wconf 89' lang='lat' dir='ltr'><strong>animaduerterint.</strong></span> <span class='ocrx_word' id='word_1_515' title='bbox 1004 3510 1345 3573; x_wconf 85' lang='lat' dir='ltr'><strong>Temeraria</strong></span> <span class='ocrx_word' id='word_1_516' title='bbox 1386 3512 1462 3573; x_wconf 89' lang='lat' dir='ltr'><strong>de</strong></span> <span class='ocrx_word' id='word_1_517' title='bbox 1500 3511 1592 3573; x_wconf 89' lang='lat' dir='ltr'><strong>his</strong></span> <span class='ocrx_word' id='word_1_518' title='bbox 1630 3512 1847 3573; x_wconf 86' lang='lat' dir='ltr'><strong>iudicia</strong></span> <span class='ocrx_word' id='word_1_519' title='bbox 1886 3512 2180 3573; x_wconf 89' lang='lat' dir='ltr'><strong>interdum</strong></span> <span class='ocrx_word' id='word_1_520' title='bbox 2219 3512 2416 3573; x_wconf 88' lang='lat' dir='ltr'><strong>audiui</strong></span> <span class='ocrx_word' id='word_1_521' title='bbox 2457 3515 2589 3591; x_wconf 92' lang='lat' dir='ltr'><strong>plus</strong></span> <span class='ocrx_word' id='word_1_522' title='bbox 2630 3513 2802 3573; x_wconf 79' lang='lat' dir='ltr'><strong>satiS.</strong></span> <span class='ocrx_word' id='word_1_523' title='bbox 2843 3515 2880 3572; x_wconf 80' lang='lat' dir='ltr'><strong>a</strong></span> <span class='ocrx_word' id='word_1_524' title='bbox 2921 3512 3138 3591; x_wconf 87' lang='lat' dir='ltr'><strong>quibus</strong></span> <span class='ocrx_word' id='word_1_525' title='bbox 3157 3512 3352 3573; x_wconf 85' lang='lat' dir='ltr'><strong>Chris-</strong></span> 
     </span>
     <span class='ocr_line' id='line_1_47' title="bbox 426 3590 3354 3670; baseline 0.001 -19"><span class='ocrx_word' id='word_1_526' title='bbox 426 3590 565 3652; x_wconf 86' lang='lat' dir='ltr'><strong>tiani</strong></span> <span class='ocrx_word' id='word_1_527' title='bbox 619 3591 953 3653; x_wconf 89' lang='lat' dir='ltr'><strong>abstineant</strong></span> <span class='ocrx_word' id='word_1_528' title='bbox 1004 3610 1115 3652; x_wconf 92' lang='lat' dir='ltr'><strong>oro</strong></span> <span class='ocrx_word' id='word_1_529' title='bbox 1168 3592 1225 3650; x_wconf 75' lang='grc' dir='ltr'><strong>δι</strong></span> <span class='ocrx_word' id='word_1_530' title='bbox 1279 3594 1565 3670; x_wconf 88' lang='lat' dir='ltr'><strong>obsecr0,</strong></span> <span class='ocrx_word' id='word_1_531' title='bbox 1604 3610 1681 3652; x_wconf 91' lang='lat' dir='ltr'><strong>ne</strong></span> <span class='ocrx_word' id='word_1_532' title='bbox 1721 3593 1779 3653; x_wconf 91' lang='lat' dir='ltr'><strong>in</strong></span> <span class='ocrx_word' id='word_1_533' title='bbox 1821 3592 2129 3654; x_wconf 85' lang='lat' dir='ltr'><strong>veritatem</strong></span> <span class='ocrx_word' id='word_1_534' title='bbox 2169 3593 2432 3654; x_wconf 90' lang='lat' dir='ltr'><strong>diuinam</strong></span> <span class='ocrx_word' id='word_1_535' title='bbox 2471 3597 2970 3670; x_wconf 80' lang='lat' dir='ltr'><strong>communemque</strong></span> <span class='ocrx_word' id='word_1_536' title='bbox 3011 3594 3354 3654; x_wconf 86' lang='lat' dir='ltr'><strong>charitatem</strong></span> 
     </span>
     <span class='ocr_line' id='line_1_48' title="bbox 426 3671 1303 3750; baseline 0 -19"><span class='ocrx_word' id='word_1_537' title='bbox 426 3671 749 3750; x_wconf 88' lang='lat' dir='ltr'><strong>impingant</strong></span> <span class='ocrx_word' id='word_1_538' title='bbox 790 3671 1303 3750; x_wconf 87' lang='lat' dir='ltr'><strong>periculosissime.</strong></span> 
     </span>
    </p>

    <p class='ocr_par' dir='ltr' id='par_1_8' title="bbox 428 3751 3350 4071">
     <span class='ocr_line' id='line_1_49' title="bbox 501 3751 3350 3831; baseline 0 -19"><span class='ocrx_word' id='word_1_539' title='bbox 501 3752 687 3828; x_wconf 81' lang='lat' dir='ltr'><strong>Quod</strong></span> <span class='ocrx_word' id='word_1_540' title='bbox 740 3751 789 3811; x_wconf 92' lang='lat' dir='ltr'><strong>si</strong></span> <span class='ocrx_word' id='word_1_541' title='bbox 844 3752 935 3812; x_wconf 87' lang='lat' dir='ltr'><strong>his</strong></span> <span class='ocrx_word' id='word_1_542' title='bbox 976 3751 1254 3813; x_wconf 89' lang='lat' dir='ltr'><strong>benefieri</strong></span> <span class='ocrx_word' id='word_1_543' title='bbox 1295 3753 1333 3810; x_wconf 78' lang='lat' dir='ltr'><strong>a</strong></span> <span class='ocrx_word' id='word_1_544' title='bbox 1372 3751 1547 3812; x_wconf 89' lang='lat' dir='ltr'><strong>nobis</strong></span> <span class='ocrx_word' id='word_1_545' title='bbox 1586 3762 1898 3830; x_wconf 89' lang='lat' dir='ltr'><strong>oportere,</strong></span> <span class='ocrx_word' id='word_1_546' title='bbox 1938 3756 1994 3813; x_wconf 76' lang='grc' dir='ltr'><strong>δι</strong></span> <span class='ocrx_word' id='word_1_547' title='bbox 2035 3760 2346 3831; x_wconf 87' lang='lat' dir='ltr'><strong>(quantum</strong></span> <span class='ocrx_word' id='word_1_548' title='bbox 2387 3752 2632 3831; x_wconf 90' lang='lat' dir='ltr'><strong>quidem</strong></span> <span class='ocrx_word' id='word_1_549' title='bbox 2677 3772 2782 3830; x_wconf 92' lang='lat' dir='ltr'><strong>per</strong></span> <span class='ocrx_word' id='word_1_550' title='bbox 2823 3772 2926 3813; x_wconf 90' lang='lat' dir='ltr'><strong>eos</strong></span> <span class='ocrx_word' id='word_1_551' title='bbox 2967 3751 3092 3813; x_wconf 84' lang='lat' dir='ltr'><strong>fieri</strong></span> <span class='ocrx_word' id='word_1_552' title='bbox 3133 3758 3350 3831; x_wconf 88' lang='lat' dir='ltr'><strong>potest)</strong></span> 
     </span>
     <span class='ocr_line' id='line_1_50' title="bbox 428 3831 3349 3925; baseline 0.001 -34"><span class='ocrx_word' id='word_1_553' title='bbox 428 3850 631 3909; x_wconf 89' lang='lat' dir='ltr'><strong>pacem</strong></span> <span class='ocrx_word' id='word_1_554' title='bbox 694 3831 997 3894; x_wconf 89' lang='lat' dir='ltr'><strong>Ecclesiae</strong></span> <span class='ocrx_word' id='word_1_555' title='bbox 1049 3832 1128 3891; x_wconf 91' lang='lat' dir='ltr'><strong>ab</strong></span> <span class='ocrx_word' id='word_1_556' title='bbox 1180 3832 1271 3891; x_wconf 87' lang='lat' dir='ltr'><strong>his</strong></span> <span class='ocrx_word' id='word_1_557' title='bbox 1322 3832 1649 3891; x_wconf 87' lang='lat' dir='ltr'><strong>secundum</strong></span> <span class='ocrx_word' id='word_1_558' title='bbox 1702 3832 1901 3893; x_wconf 89' lang='lat' dir='ltr'><strong>Deum</strong></span> <span class='ocrx_word' id='word_1_559' title='bbox 1951 3832 2237 3895; x_wconf 89' lang='lat' dir='ltr'><strong>conuenit</strong></span> <span class='ocrx_word' id='word_1_560' title='bbox 2267 3832 2503 3925; x_wconf 83' lang='lat' dir='ltr'><strong>expeti3</strong></span> <span class='ocrx_word' id='word_1_561' title='bbox 2542 3836 2767 3910; x_wconf 79' lang='lat' dir='ltr'><strong>quanto</strong></span> <span class='ocrx_word' id='word_1_562' title='bbox 2799 3832 2986 3911; x_wconf 87' lang='lat' dir='ltr'><strong>magis</strong></span> <span class='ocrx_word' id='word_1_563' title='bbox 3027 3836 3082 3893; x_wconf 78' lang='grc' dir='ltr'><strong>δι</strong></span> <span class='ocrx_word' id='word_1_564' title='bbox 3123 3833 3349 3894; x_wconf 88' lang='lat' dir='ltr'><strong>maiore</strong></span> 
     </span>
     <span class='ocr_line' id='line_1_51' title="bbox 428 3910 3347 3993; baseline 0.001 -22"><span class='ocrx_word' id='word_1_565' title='bbox 428 3911 593 3971; x_wconf 86' lang='lat' dir='ltr'><strong>etiam</strong></span> <span class='ocrx_word' id='word_1_566' title='bbox 628 3912 842 3973; x_wconf 82' lang='lat' dir='ltr'><strong>fiducia</strong></span> <span class='ocrx_word' id='word_1_567' title='bbox 870 3913 989 3971; x_wconf 86' lang='lat' dir='ltr'><strong>hoc</strong></span> <span class='ocrx_word' id='word_1_568' title='bbox 1028 3912 1221 3989; x_wconf 89' lang='lat' dir='ltr'><strong>ipsum</strong></span> <span class='ocrx_word' id='word_1_569' title='bbox 1262 3910 1456 3989; x_wconf 86' lang='lat' dir='ltr'><strong>expeti</strong></span> <span class='ocrx_word' id='word_1_570' title='bbox 1496 3914 1575 3972; x_wconf 91' lang='lat' dir='ltr'><strong>ab</strong></span> <span class='ocrx_word' id='word_1_571' title='bbox 1616 3912 1685 3971; x_wconf 88' lang='lat' dir='ltr'><strong>iis</strong></span> <span class='ocrx_word' id='word_1_572' title='bbox 1724 3930 1968 3973; x_wconf 88' lang='lat' dir='ltr'><strong>necesse</strong></span> <span class='ocrx_word' id='word_1_573' title='bbox 2007 3926 2126 3993; x_wconf 91' lang='lat' dir='ltr'><strong>est,</strong></span> <span class='ocrx_word' id='word_1_574' title='bbox 2179 3913 2281 3990; x_wconf 90' lang='lat' dir='ltr'><strong>qui</strong></span> <span class='ocrx_word' id='word_1_575' title='bbox 2323 3922 2638 3975; x_wconf 86' lang='lat' dir='ltr'><strong>censentur</strong></span> <span class='ocrx_word' id='word_1_576' title='bbox 2677 3913 2734 3973; x_wconf 86' lang='lat' dir='ltr'><strong>in</strong></span> <span class='ocrx_word' id='word_1_577' title='bbox 2776 3931 3027 3974; x_wconf 91' lang='lat' dir='ltr'><strong>numero</strong></span> <span class='ocrx_word' id='word_1_578' title='bbox 3069 3912 3347 3973; x_wconf 87' lang='lat' dir='ltr'><strong>domesti-</strong></span> 
     </span>
     <span class='ocr_line' id='line_1_52' title="bbox 428 3988 3348 4071; baseline 0.001 -20"><span class='ocrx_word' id='word_1_579' title='bbox 428 4010 631 4053; x_wconf 91' lang='lat' dir='ltr'><strong>corum</strong></span> <span class='ocrx_word' id='word_1_580' title='bbox 686 3988 1023 4053; x_wconf 82' lang='lat' dir='ltr'><strong>Ecclesiae?</strong></span> <span class='ocrx_word' id='word_1_581' title='bbox 1076 3994 1273 4069; x_wconf 89' lang='lat' dir='ltr'><strong>Atque</strong></span> <span class='ocrx_word' id='word_1_582' title='bbox 1321 3993 1471 4051; x_wconf 87' lang='lat' dir='ltr'><strong>haec</strong></span> <span class='ocrx_word' id='word_1_583' title='bbox 1524 4010 1701 4051; x_wconf 88' lang='lat' dir='ltr'><strong>causa</strong></span> <span class='ocrx_word' id='word_1_584' title='bbox 1755 4000 1875 4063; x_wconf 82' lang='lat' dir='ltr'><strong>est,</strong></span> <span class='ocrx_word' id='word_1_585' title='bbox 1933 4009 2040 4053; x_wconf 90' lang='lat' dir='ltr'><strong>cur</strong></span> <span class='ocrx_word' id='word_1_586' title='bbox 2087 4012 2201 4055; x_wconf 88' lang='lat' dir='ltr'><strong>nos</strong></span> <span class='ocrx_word' id='word_1_587' title='bbox 2249 3992 2466 4071; x_wconf 86' lang='lat' dir='ltr'><strong>passim</strong></span> <span class='ocrx_word' id='word_1_588' title='bbox 2517 3992 2842 4071; x_wconf 84' lang='lat' dir='ltr'><strong>Apostolus</strong></span> <span class='ocrx_word' id='word_1_589' title='bbox 2895 3994 2974 4053; x_wconf 86' lang='lat' dir='ltr'><strong>ad</strong></span> <span class='ocrx_word' id='word_1_590' title='bbox 3013 3992 3348 4054; x_wconf 85' lang='lat' dir='ltr'><strong>Christiana</strong></span> 
     </span>
    </p>
   </div>
   <div class='ocr_carea' id='block_1_5' title="bbox 3208 4090 3350 4155">
    <p class='ocr_par' dir='ltr' id='par_1_9' title="bbox 3208 4090 3350 4155">
     <span class='ocr_line' id='line_1_53' title="bbox 3208 4090 3350 4155; baseline -0.007 -21"><span class='ocrx_word' id='word_1_591' title='bbox 3208 4090 3350 4155; x_wconf 87' lang='lat' dir='ltr'><strong>erga</strong></span> 
     </span>
    </p>
   </div>
   <div class='ocr_carea' id='block_1_6' title="bbox 66 4566 3556 4873">
    <p class='ocr_par' dir='ltr' id='par_1_10' title="bbox 66 4566 3556 4873">
     <span class='ocr_line' id='line_1_54' title="bbox 66 4566 3556 4873; baseline 0 2"><span class='ocrx_word' id='word_1_592' title='bbox 66 4566 3556 4873; x_wconf 95' lang='lat' dir='ltr'><strong> </strong></span> 
     </span>
    </p>
   </div>
  </div>
 </body>
</html>
