3923 4875
564 297 669 359 152
1518 297 1839 341 ‘russas
1900 296 2550 341 rnnonoorcan.

1294 513 1429 572 XV.
1510 513 1641 571 DE
1702 511 2335 574 CREATIONE
2393 513 2779 572 MVNDI.

648 705 697 746 1.
779 687 941 747 Sicut
978 687 1037 747 in
1080 687 1419 748 hominibus
1460 690 1679 766 duplex
1718 689 2020 750 actionum
2058 706 2244 768 genus
2285 691 2677 750 obseruarunt
2715 688 3095 766 Philosophi:
3121 704 3304 748 vnum
3325 688 3489 764 quod

564 777 797 846 praeter
854 768 1151 828 actionem
1200 769 1427 828 nullum
1481 778 1617 846 post
1664 788 1727 830 se
1774 786 1924 847 opus
1965 769 2241 846 relinquit
2283 770 2363 829 ad
2409 769 2637 848 agentis
2681 768 3109 848 perfectionem
3157 767 3485 846 pertinens:

562 848 833 906 Alterum
873 849 1039 924 quod
1078 865 1229 925 opus
1268 859 1403 925 ρετ
1442 867 1505 908 se
1543 849 1845 928 relinquit,
1886 861 2092 926 estque
2129 849 2212 909 rei
2252 852 2442 910 sactae
2471 849 2670 927 potius
2689 853 2871 927 quam
2905 847 3131 926 agentis
3165 847 3485 925 perfectio:

566 944 821 1004 quorum
860 928 979 988 hoc
1021 927 1272 1004 externi,
1313 928 1457 988 illud
1477 927 1689 989 interni
1708 930 1903 1007 operis
1922 928 2163 990 nomine
2183 928 2584 1008 significarunt
2603 950 2617 989 :
2639 929 2721 990 ita
2742 929 2918 989 etiam
2938 937 3250 1004 vtrurnque
3270 927 3334 986 in
3353 928 3486 986 Deo

568 1008 953 1085 contemplari
992 1007 1155 1086 licet,
1194 1011 1331 1067 cum
1371 1011 1425 1068 &
1467 1009 1689 1068 Iehoua
1730 1007 1804 1069 sit
1843 1009 1899 1067 &
1940 1019 2106 1069 actus
2145 1025 2324 1086 purus
2339 1053 2358 1086 ,
2399 1008 2501 1085 qui
2535 1010 2612 1069 ab
2646 1019 2884 1070 aeterno
2917 1025 3151 1083 semper
3171 1005 3486 1086 intelligat,

568 1086 737 1163 velit,
770 1098 958 1148 amet:
1002 1091 1059 1148 δι
1096 1103 1292 1147 rerum
1326 1088 1891 1166 omniumjconditor
1910 1091 1967 1148 δι
1987 1089 2278 1166 princeps.
2318 1090 2412 1148 De
2433 1105 2688 1164 quorum
2713 1087 2907 1167 primo
2928 1090 3066 1146 cum
3089 1086 3486 1164 superioribus

574 1167 835 1228 thesibus
873 1179 1073 1228 actum
1112 1166 1212 1244 sit,
1254 1167 1400 1229 ordo
1440 1156 1731 1228 ixsstimtus
1776 1170 2072 1246 postulare
2105 1167 2338 1228 videtur
2371 1179 2434 1228 vt
2453 1167 2530 1228 ad
2551 1185 2796 1246 operum
2817 1167 2932 1228 Dei
2952 1177 3331 1226 externorum
3349 1185 3488 1225 con-

573 1246 1043 1325 templationem,
1083 1247 1297 1323 quibus
1336 1267 1462 1308 sese
1499 1251 1555 1309 δι
1594 1266 1760 1310 suam
1798 1259 2070 1308 naturam
2090 1247 2264 1308 nobis
2284 1249 2768 1326 cognoscendam
2787 1246 3050 1308 exhibuit
3067 1292 3085 1325 ,
3106 1257 3488 1306 transeamus.

662 1347 717 1388 2.
793 1327 1057 1404 Operum
1098 1329 1211 1387 Dei
1252 1339 1625 1389 externorum
1664 1327 1786 1388 duo
1826 1339 1961 1388 sunt
2003 1328 2194 1406 prima
2213 1329 2268 1386 δι
2288 1329 2600 1405 praecipua
2620 1347 2866 1406 genera:
2891 1343 3144 1406 quorum
3164 1337 3479 1402 vtrumque

573 1405 635 1464 in
694 1406 883 1467 varias
940 1412 1122 1485 porro
1180 1409 1405 1485 species
1464 1407 1843 1469 distribuitur.
1902 1407 2118 1468 Prioris
2167 1407 2398 1486 generis
2450 1426 2634 1485 opera
2687 1419 2821 1469 sunt
2861 1409 2962 1467 illa
3002 1425 3153 1484 quae
3194 1405 3470 1465 dicuntur

570 1485 897 1546 Creationis
937 1489 993 1546 &
1032 1487 1515 1548 Conseruationis
1558 1487 1764 1548 mundi
1800 1487 1862 1547 in
1901 1498 2112 1548 natura
2151 1504 2372 1547 rerum:
2397 1488 2742 1564 posterioris
2779 1506 2960 1564 opera
2978 1484 3402 1562 redemptionis
3429 1487 3484 1544 δι

571 1565 792 1643 gratiae
831 1567 910 1626 ad
948 1565 1275 1627 Ecclesiam
1314 1567 1683 1645 pertinentia.
1732 1565 1932 1646 Opera
1979 1567 2304 1626 creationis
2342 1568 2433 1626 vel
2475 1577 2610 1628 sunt
2647 1570 2819 1646 ὁρατὰ
2834 1612 2851 1645 ,
2872 1576 2937 1626 ut
2961 1565 3060 1626 hic
3083 1565 3342 1624 mundus
3361 1563 3484 1624 siue

570 1655 779 1705 natura
820 1645 1088 1706 inferior:
1130 1649 1225 1706 vel
1266 1648 1485 1725 ἀόρατα
1500 1692 1519 1726 ,
1556 1657 1623 1706 vt
1660 1649 1895 1708 coelum
1934 1649 2248 1708 beatorum
2265 1691 2284 1724 ,
2324 1646 2541 1724 Angeli
2558 1693 2575 1727 ,
2617 1648 2846 1706 animae
2885 1645 3224 1707 hominum:
3256 1644 3334 1704 de
3359 1643 3481 1720 qui-

574 1727 715 1804 buS,
766 1735 1055 1802 quatenus
1100 1727 1211 1786 sub
1252 1725 1785 1788 considerationem
1824 1726 2140 1788 creationis
2177 1727 2428 1804 cadunt,
2469 1746 2542 1787 ex
2587 1726 2773 1788 verbo
2814 1725 2928 1786 Dei
2971 1724 3162 1786 acturi
3203 1740 3422 1784 sumus.

652 1825 709 1881 3.
790 1805 1031 1865 Creatio
1044 1849 1061 1884 ,
1102 1816 1193 1865 est
1232 1804 1387 1866 actio
1427 1806 1541 1866 Dei
1574 1817 1846 1886 externa,
1887 1823 2008 1883 qua
2045 1805 2384 1866 immediate
2432 1826 2538 1885 per
2579 1825 2643 1868 se
2683 1823 2776 1866 res
2815 1809 2853 1865 a
2889 1823 3014 1866 non
3055 1823 3182 1865 esse
3221 1804 3299 1864 ad
3318 1821 3448 1864 esse
3461 1848 3480 1883 ,

573 1884 699 1944 sine
740 1883 1083 1946 alteratione
1097 1930 1116 1963 ,
1156 1904 1265 1962 pro
1308 1901 1411 1946 sua
1450 1885 1634 1948 libera
1672 1889 1976 1948 voluntate
2014 1884 2320 1964 produxit:
2369 1884 2548 1964 idque
2588 1895 2688 1946 aut
2725 1887 2884 1944 nulla
2921 1901 3163 1963 prorsus
3197 1882 3483 1962 praeexis-

573 1974 735 2024 tente
794 1964 1036 2025 materia
1096 1965 1346 2027 fundens
1406 1983 1513 2042 per
1568 1969 1846 2028 verbum:
1906 1977 2009 2026 aut
2065 1966 2126 2026 in
2181 1963 2487 2027 materiam
2527 1967 2646 2026 iam
2685 1969 2722 2025 a
2761 1983 2824 2025 se
2863 1973 3120 2026 creatam
3155 1965 3407 2025 sormam
3448 1967 3482 2022 e

576 2043 763 2102 nihilo
804 2055 1061 2105 creatam
1100 2045 1461 2106 induoendo.

567 2170 588 2187 .
651 2143 710 2196 4.
796 2123 1023 2184 Caussa
1061 2125 1390 2186 Creationis
1428 2126 1721 2204 Efficiens
1761 2135 1850 2187 est
1887 2128 2078 2206 DeuS,
2119 2137 2182 2186 vt
2224 2124 2578 2205 principium
2623 2135 2930 2186 externum
2969 2142 3181 2203 agenS,
3203 2139 3482 2200 mouens,

574 2205 907 2281 exemplare
920 2250 939 2283 ,
978 2206 1035 2265 δι
1074 2206 1247 2265 finale
1286 2221 1480 2265 rerum
1520 2207 1787 2266 omnium
1802 2249 1820 2284 ‚
1859 2207 2033 2267 Pater
2048 2251 2066 2285 ,
2103 2203 2282 2266 Filius
2297 2249 2314 2282 ‚
2357 2207 2412 2264 δι
2451 2205 2696 2283 Spiritus
2739 2205 2990 2264 Sanctus
3031 2203 3282 2264 essentia
3303 2219 3451 2261 vnus
3465 2247 3484 2280 ,

572 2289 839 2367 personis
878 2289 1083 2351 trinus.
1133 2293 1299 2350 Finis·
1341 2290 1581 2369 duplex:
1624 2291 1769 2354 alius
1810 2276 1892 2354 οὔ
1930 2292 2126 2370 cuius,
2163 2293 2310 2352 alius
2349 2275 2408 2380 (ᾖ
2448 2291 2574 2352 cui:
2615 2292 2782 2352 illum
2821 2291 3001 2351 finem
3049 2289 3244 2368 operis
3259 2335 3278 2368 ,
3317 2289 3478 2347 hunc

574 2371 751 2429 finem
790 2371 1089 2447 operantis
1128 2381 1347 2431 vocant
1384 2371 1644 2432 scholae.
1684 2375 1852 2434 Finis
1892 2371 2222 2433 Creationis
2258 2361 2340 2440 οἷ
2381 2371 2658 2436 naturalis
2697 2381 2816 2451 est,
2845 2389 3060 2449 nempe
3078 2380 3144 2430 vt
3163 2367 3482 2430 commode

574 2456 901 2517 secundum
940 2468 1207 2519 naturam
1250 2477 1311 2519 se
1351 2459 1609 2519 habeant
1648 2460 1883 2519 omnia:
1938 2460 2100 2522 Finis
2139 2442 2199 2547 qi
2238 2461 2527 2525 Coelestis
2566 2462 2624 2521 δι
2661 2458 2912 2520 Diuinus
2926 2503 2945 2538 ,
2967 2468 3032 2517 vt
3060 2458 3289 2535 singula
3307 2470 3482 2533 quae-

574 2552 689 2614 que
729 2536 789 2597 in
830 2547 1037 2597 natura
1074 2538 1189 2599 Dei
1227 2537 1451 2616 gloriae
1492 2538 1831 2600 inser-uiant.

654 2632 711 2693 5.
786 2618 1057 2677 Materia
1094 2618 1425 2679 Creationis
1464 2636 1589 2679 non
1628 2618 1743 2679 nisi
1778 2619 1951 2680 huius
1991 2622 2229 2700 mundi,
2270 2633 2360 2685 est
2391 2623 2596 2699 ingens
2625 2618 2726 2679 illa
2745 2636 2972 2697 massa,
2992 2632 3172 2695 quam
3195 2614 3473 2675 dixerunt

572 2696 755 2755 chaos
800 2696 1067 2758 informis
1082 2744 1099 2775 ,
1154 2697 1320 2757 omni
1356 2698 1569 2759 virulte
1610 2699 1764 2759 intus
1802 2716 2024 2773 vacua,
2070 2704 2126 2761 δε
2168 2702 2458 2783 indigesta
2493 2702 2706 2760 moles:
2747 2702 2784 2757 a
2822 2700 2958 2757 Deo
2998 2715 3072 2756 ex
3103 2696 3289 2756 nihilo
3333 2712 3478 2755 con-

545 2774 695 2835 ·dita
732 2776 863 2835 solo
904 2787 1147 2854 potente
1188 2780 1373 2839 verbo
1387 2822 1404 2856 ,
1445 2797 1517 2837 ex
1555 2795 1674 2856 qua
1711 2778 1964 2841 visibilia
2003 2780 2206 2843 omnia
2245 2784 2632 2844 educerentur
2671 2798 2746 2839 ex
2778 2775 3114 2856 priuatione
3146 2774 3207 2835 in
3229 2777 3480 2835 formam

572 2856 898 2915 naturalem
950 2874 1135 2917 suam.
1196 2860 1417 2917 Forma
1469 2868 1558 2918 est
1610 2859 1847 2939 moduS,
1898 2860 2215 2921 multitudo
2229 2908 2247 2942 ,
2301 2860 2636 2937 diuersitas,
2685 2860 2838 2919 ordo
2879 2872 3075 2917 rerum
3115 2854 3382 2915 omnium
3421 2852 3481 2913 in

572 2933 796 2993 mundo
834 2934 1203 2997 existentium
1218 2982 1235 3013 ,
1274 2938 1352 2997 ab
1394 2955 1512 2997 vno
1528 2984 1545 3017 ,
1584 2938 1779 3015 primo
1792 2984 1811 3011 ,
1856 2956 2092 3001 summo
2133 2943 2189 3000 δι
2227 2939 2654 3020 perfectissimo
2695 2940 2846 2999 Ente
2861 2982 2880 3010 ,
2922 2954 3033 3013 pro
3080 2934 3266 2995 libera
3303 2932 3482 3011 ipsius

570 3014 877 3075 uoluntate
916 3019 973 3076 δι
1011 3015 1237 3077 infinita
1274 3016 1539 3077 bonitate
1580 3017 1984 3097 sapientiaque
2023 3022 2308 3097 profecta.

649 3095 706 3151 6.
786 3094 1009 3155 Rerum
1049 3107 1377 3156 creatarum
1406 3096 1624 3175 duplex
1650 3100 1838 3158 ratio:
1872 3098 2214 3177 ἑπουρᾶνιος
2241 3096 2684 3179 supercaelestis
2699 3142 2717 3175 ,
2741 3100 2796 3157 81
2816 3093 3221 3157 Elementaris.
3263 3092 3477 3169 Super-

572 3173 827 3231 caelestis
865 3176 1001 3234 cum
1041 3174 1116 3235 sit
1155 3174 1457 3236 inuisibilis
1470 3220 1487 3253 ,
1528 3194 1639 3237 nec
1680 3177 1946 3239 sensibus
1987 3180 2249 3241 obnoxia
2264 3227 2280 3260 ,
2323 3200 2394 3241 ex
2431 3179 2562 3239 solo
2601 3179 2787 3238 verbo
2820 3176 2934 3236 Dei
2975 3176 3234 3235 reuelato
3267 3190 3345 3232 an
3375 3170 3448 3231 sit
3461 3216 3480 3249 ,

570 3252 978 3332 v(s.1634.)b1,
1018 3254 1163 3331 quid
1198 3276 1269 3315 ac
1308 3256 1493 3333 qualis
1536 3254 1609 3316 sit
1646 3256 1907 3317 discitur.
1950 3258 2098 3317 Esse
2137 3262 2506 3338 Angelorum
2543 3260 2598 3317 &
2630 3259 2941 3317 beatorum
2961 3253 3273 3315 hominum
3293 3250 3481 3312 domi-

570 3327 772 3389 cilium
786 3376 805 3407 ,
866 3332 1031 3409 quod
1090 3336 1401 3395 beatorum
1460 3339 1689 3396 caelum
1740 3336 2022 3429 appellari
2078 3339 2414 3418 consueuit,
2462 3354 2641 3397 nemo
2682 3336 2814 3414 pius
2853 3350 3116 3426 vnquam
3159 3330 3476 3421 dubitauit,

572 3426 713 3469 cum
768 3420 857 3470 tot
910 3415 965 3473 δι
1018 3423 1181 3474 tanta
1221 3415 1297 3474 de
1338 3413 1439 3474 illo
1478 3416 1541 3474 in
1581 3416 1759 3477 sacris
1800 3416 1982 3476 literis
2023 3420 2386 3494 reperiantur
2423 3416 2788 3493 testimonia,
2828 3426 2892 3475 vt
2933 3432 3060 3474 sine
3101 3428 3329 3472 summa
3369 3428 3480 3469 im·

572 3488 785 3579 pietate
825 3490 881 3549 sst
918 3490 1283 3569 impudentia
1320 3494 1521 3572 negari
1555 3513 1679 3555 non
1716 3495 1917 3574 possit.
1972 3497 2080 3555 Est
2118 3510 2316 3559 autem
2353 3498 2451 3557 hic
2489 3498 2656 3557 locus
2700 3495 2904 3570 νοητὸς
2919 3538 2938 3572 ,
2979 3510 3156 3570 supra
3195 3492 3306 3551 hos
3347 3487 3477 3548 visi-

570 3570 719 3629 biles
776 3570 833 3628 81
891 3572 1137 3634 mobiles
1197 3574 1373 3633 orbes
1386 3618 1404 3653 ,
1457 3572 1651 3651 primo
1712 3575 2027 3635 creationis
2084 3576 2182 3637 die
2239 3581 2276 3636 a
2328 3578 2462 3637 Deo
2521 3595 2594 3636 ex
2649 3575 2834 3633 nihilo
2885 3576 3072 3633 sactus
3125 3572 3478 3644 collocatus,

572 3650 858 3709 firmatus:
920 3650 1301 3729 incorporeus
1316 3700 1331 3723 ,
1389 3652 1846 3731 incorruptibilis
1862 3700 1878 3733 ,
1927 3655 2246 3717 immobilis
2262 3702 2278 3735 ,
2334 3656 2482 3716 nulli
2523 3652 2890 3731 corruptioni
2933 3662 3032 3712 aut
3073 3648 3332 3729 passioni
3371 3648 3477 3707 ob-

568 3728 807 3789 noxius:
849 3731 1137 3793 maximus
1152 3776 1169 3811 ,
1208 3732 1599 3793 lucidissimus
1613 3778 1631 3812 ,
1672 3754 1745 3794 ac
1784 3750 1956 3794 verus
1999 3734 2251 3810 ὅλυμπος
2271 3782 2288 3815 ,
2331 3733 2791 3815 pulcherrimus,
2832 3729 3310 3793 amoenissimus:
3351 3745 3475 3788 om-

571 3806 735 3867 nium
793 3809 1045 3888 denique
1104 3828 1209 3872 sua
1266 3825 1471 3873 natura
1528 3818 1583 3872 &
1643 3833 1749 3891 per
1789 3833 1851 3874 se
1911 3813 2310 3895 felicissimus,
2363 3815 2530 3893 quod
2585 3813 2645 3873 in
2689 3831 2762 3873 eo
2798 3814 2958 3872 Deus
2999 3830 3125 3873 sese
3167 3806 3476 3869 visendum

568 3887 815 3963 praebet
850 3890 1135 3951 maxime:
1195 3893 1438 3953 Incolae
1476 3894 1692 3970 Angeli
1728 3896 1783 3953 &
1821 3892 1982 3953 beati
2020 3910 2244 3954 omnes,
3382 3964 3396 3977 ο

654 3980 706 4038 7.
786 3968 1177 4031 Elementaris
1234 3971 1515 4047 munduS,
1569 3974 1663 4033 vel
1714 3983 1805 4033 est
1843 3972 2136 4049 superior,
2177 3975 2271 4034 vel
2311 3974 2574 4034 inferior.
2637 3972 2926 4049 Superior
2966 3981 3054 4030 est
3093 3966 3337 4029 visibilis
3379 3966 3476 4025 ma

564 4062 702 4121 pars
735 4048 972 4128 mundi,
1013 4068 1191 4128 quam
1230 4052 1578 4129 spectabiles
1618 4054 1791 4113 orbes
1834 4061 2158 4128 occupant,
2202 4070 2275 4113 ex
2305 4054 2516 4113 eadem
2547 4050 2793 4112 materia
2821 4049 3013 4129 prima
3029 4093 3046 4128 ,
3069 4067 3142 4109 ex
3163 4064 3282 4125 qua
3301 4046 3476 4107 etiam

568 4122 791 4200 reliqua
842 4128 1160 4210 elementa,
1208 4141 1511 4212 constans,
1565 4134 1623 4191 δι
1662 4134 1835 4194 coelo
1876 4130 2094 4192 extimo
2132 4132 2470 4194 terminata:
2513 4130 2680 4209 quod
2720 4131 2956 4189 coelum
2997 4137 3091 4190 est
3129 4123 3476 4215 simplicissi-

571 4217 763 4281 mum,
800 4209 1385 4283 praestantissimum,
1426 4214 1725 4288 longeque
1764 4214 1841 4271 ab
1880 4210 2008 4270 aliis
2047 4210 2345 4272 diuersum
2385 4226 2603 4289 corpus
2619 4254 2636 4289 ,
2677 4212 2716 4268 a
2757 4210 2890 4269 Deo
2925 4227 3002 4268 ex
3021 4206 3268 4268 materia
3287 4222 3476 4283 prima

568 4279 761 4357 primo
800 4284 899 4345 die
938 4298 1230 4367 creatum,
1270 4291 1597 4351 alterationi
1635 4294 1691 4351 &
1730 4287 2098 4367 corruptioni
2137 4309 2244 4367 per
2271 4312 2333 4353 se
2353 4290 2684 4353 obnoxium
2697 4288 2818 4367 ,ita
2835 4300 3010 4349 tenue
3031 4299 3099 4348 vt
3117 4286 3444 4427 sgfifrlmum
3459 4325 3476 4359 ,

3121 4386 3144 4426 1
3284 4378 3475 4423 rmum
