3923 4875
502 313 612 371 188
1447 319 1774 365 ‘russas
1839 315 2481 364 rusonoorcan.

497 486 876 549 distinctione
931 500 1112 562 quam
1151 481 1302 544 thesi
1349 499 1438 557 17.
1482 479 1926 561 proposuimus,
1968 480 2132 542 cuius
2168 483 2415 544 alterum
2455 483 2783 544 membrum
2822 479 2929 544 fuit
2968 483 3044 544 de
3084 483 3269 546 modo
3308 485 3413 562 qui

497 578 634 648 post
669 576 876 629 natum
917 563 1217 658 Christum
1255 561 1317 623 in
1355 561 1628 624 Ecclesia
1661 561 1942 655 obtinuit.
1979 641 1993 654 ι
2486 642 2499 656 0
3213 641 3227 655 .

501 641 3413 814 .d5{:mntn.33“}¹.t232.02¹1¹3⁶30.3²¹¹1⁸5..ffissss‘ssnssffmhffifflfflffaffiufflffi‘zsss

497 809 625 887 ipse
680 804 946 868 Christus
984 823 1048 865 se
1089 803 1206 882 legi
1245 801 1458 864 morali
1497 805 1554 865 δι
1593 802 1975 864 ceremoniali
2012 801 2373 882 submiserit3
2412 802 2519 864 sed
2556 802 2694 881 quia
2731 803 2809 862 ab
2848 821 2924 863 eo
2964 811 3233 882 tempore
3273 823 3411 865 coe-

497 896 712 966 perunt
771 883 1006 963 impleri
1061 900 1214 962 quae
1265 882 1470 944 Veteri
1523 885 1904 944 Testamento
1947 881 2253 962 praedicta
2292 883 2522 944 fuerant
2536 927 2555 960 ,
2594 883 2671 942 ad
2709 881 3188 945 constitutionem
3230 884 3409 944 Noui.

495 967 758 1028 Primum
817 965 1059 1044 quidem
1101 962 1232 1041 ipso
1272 963 1536 1024 aduentu
1575 961 1636 1024 in
1677 982 1916 1024 carnem
1931 983 1946 998 ·
1987 966 2197 1042 postea
2237 968 2380 1024 vero
2422 961 2775 1024 oeconomia
2812 964 2868 1023 δι
2904 961 3412 1025 administratione

498 1047 560 1107 in
601 1065 778 1107 carne
791 1089 810 1125 ,
850 1044 996 1105 dum
1034 1041 1364 1104 successiue
1407 1062 1477 1104 ea
1515 1045 1854 1122 praestabat
1876 1009 2161 1104 'dhristus
2174 1089 2192 1121 ,
2234 1059 2387 1121 quae
2428 1044 2507 1103 ad
2547 1041 3017 1120 redemptionem
3057 1043 3243 1104 nostri
3282 1063 3409 1122 per-

499 1127 797 1204 tinebant,
846 1121 1150 1204 speciatim
1205 1123 1465 1185 moriens
1503 1141 1614 1202 pro
1653 1121 1913 1202 peccatis
1951 1122 2196 1203 nostris3
2236 1122 2354 1200 qua
2392 1133 2582 1186 morte
2620 1120 2943 1184 Testatoris
2982 1125 3223 1184 Nouum
3263 1124 3411 1185 illud

499 1209 945 1267 Testamentum
958 1249 974 1278 ,
1015 1212 1211 1264 vetere
1251 1201 1586 1283 antiquato,
1627 1203 2007 1264 succedebat.

580 1288 681 1363 36.
761 1286 1058 1346 Iohannes
1117 1301 1262 1362 ergo
1319 1281 1612 1362 Baptista,
1659 1280 1928 1360 quamuis
1978 1283 2285 1362 Prophetis
2322 1284 2456 1343 luce
2493 1281 2945 1360 praedicationis
2982 1281 3171 1345 maior
3209 1283 3409 1345 fuerit:

497 1376 696 1427 tamen
738 1383 852 1425 nec
889 1363 1269 1442 Euangelista
1305 1361 1416 1424 fuit
1431 1409 1448 1444 ,
1487 1382 1600 1424 nec
1637 1364 1716 1425 N.
1755 1365 2018 1425 Testam.
2058 1363 2331 1442 opposite
2369 1362 2587 1440 sumpti
2628 1360 2921 1444 minister3
2962 1378 3146 1440 quare
3180 1361 3413 1425 medius

498 1445 742 1523 quidam
802 1447 974 1506 locus
1027 1447 1186 1505 recte
1237 1441 1322 1503 illi
1373 1441 1728 1522 assignamr,
1768 1452 1945 1521 prout
1988 1442 2182 1522 elogia
2220 1441 2434 1521 quibus
2473 1446 2510 1502 a
2546 1441 2785 1504 Christo
2824 1441 3161 1534 insignitur,
3201 1444 3414 1504 confir-

501 1535 693 1587 mant:
735 1525 959 1586 Matth.
1009 1545 1034 1584 1
1049 1544 1100 1587 1.
1145 1544 1171 1584 1
1189 1543 1241 1586 1.
1281 1521 1586 1615 Siquidem
1625 1523 2008 1585 anteambulo
2049 1523 2157 1584 fuit
2196 1541 2551 1602 praeparans
2589 1522 2745 1584 viam
2776 1521 3021 1586 Domni
3039 1566 3056 1601 ,
3085 1527 3139 1584 &
3160 1542 3410 1588 monens

503 1621 754 1684 regnum
793 1605 1102 1666 coelorum
1139 1620 1614 1683 appropinquare
1629 1649 1647 1684 ,
1687 1622 1809 1664 non
1848 1611 2047 1664 autem
2084 1621 2362 1682 praesens
2402 1621 2550 1666 esse.

583 1702 679 1762 37.
760 1687 961 1746 Morte
1013 1693 1212 1744 autem
1261 1682 1481 1745 Christi
1519 1684 1658 1744 cum
1699 1681 1952 1744 dicimus
1991 1693 2157 1745 vetus
2198 1683 2564 1761 antiquatum
2606 1682 2811 1762 fuisse,
2851 1683 2914 1745 id
2951 1682 3076 1744 iure
3114 1683 3245 1776 ipso
3285 1703 3409 1744 non

503 1775 670 1844 actu,
709 1762 1155 1842 intelligendum
1197 1773 1304 1824 est.
1365 1763 1521 1824 Nam
1561 1773 1880 1842 antequam
1919 1761 2319 1825 innouationis
2356 1763 2509 1824 illius
2534 1761 2929 1842 promulgatio
2959 1763 3411 1841 praedxcationis

512 1843 819 1923 Euangelij
879 1861 1030 1904 sono
1119 1839 1198 1902 ad
1259 1842 1464 1922 populi
1520 1860 1690 1904 aures
1739 1843 2130 1922 peruenisset,
2171 1843 2347 1905 etiam
2428 1842 2487 1904 ui
2529 1843 2705 1903 fidem
2744 1843 3072 1922 habebant,
3112 1853 3177 1904 vt
3216 1854 3411 1922 patres

507 1935 642 1986 ante
697 1933 954 1984 mortem
1007 1887 1255 2000 Christi,
1307 1925 1444 1984 vere
1484 1924 1686 1984 fideles
1723 1933 1908 1984 erant.
1968 1927 2051 1984 At
2090 1923 2193 2002 qui
2230 1922 2367 1984 audi
2466 1923 2704 1984 diuinae
2743 1921 2894 1985 illius
2932 1924 3152 2002 gratiae
3188 1941 3411 1984 annun-

507 2003 783 2082 tiatione,
822 2005 899 2064 V.
939 2004 1200 2064 Testam.
1242 2001 1676 2083 adhaerebant,
1719 2021 1936 2082 corpus
1966 2002 2159 2083 ipsum
2186 2002 2546 2076 reiicientes,
2580 2002 2819 2064 vmbras
2838 2004 3063 2064 tantum
3084 2004 3411 2083 habebant,

505 2087 562 2144 δι
613 2081 1094 2162 promissionem,
1137 2082 1346 2143 foedus
1359 2129 1377 2162 ,
1426 2084 1483 2143 δε
1532 2087 1977 2145 Testamentum
2018 2083 2324 2162 proprium
2364 2083 2749 2161 repudiabant
2785 2083 2849 2144 in
2886 2083 3122 2146 Christo
3138 2127 3157 2163 ,
3191 2082 3253 2144 in
3289 2101 3411 2162 quo

503 2172 592 2225 est
631 2161 870 2224 illorum
909 2163 1416 2240 complementum
1456 2167 1512 2224 &
1551 2173 1951 2242 augmentum.

582 2245 680 2318 38.
758 2241 859 2302 Ad
905 2251 1146 2303 naturae
1185 2241 1340 2304 illius
1379 2244 1453 2303 N.
1493 2245 1568 2304 T.
1609 2243 2052 2322 indagationem
2094 2249 2195 2322 (ne
2234 2243 2405 2305 nimis
2444 2241 2658 2322 prolixi
2696 2242 2899 2318 simus)
2940 2241 3083 2304 illud
3122 2241 3230 2304 erit
3268 2261 3409 2303 con-

497 2320 998 2383 uenientissimum
1013 2367 1031 2402 ‚
1086 2321 1136 2382 si
1178 2325 1463 2402 compa(f.
1511 2321 2001 2402 1665.)rationem
2041 2325 2163 2386 eius
2200 2341 2339 2384 cum
2379 2321 2583 2384 Veteri
2618 2321 3012 2384 instituamus:
3054 2322 3219 2401 quod
3250 2341 3411 2385 com·

499 2402 682 2463 mode
720 2403 824 2464 fiet
862 2420 936 2464 ex
976 2401 1392 2465 attributorum
1407 2449 1424 2484 ,
1465 2403 1768 2465 vetustatis
1807 2413 1950 2496 puta
1990 2403 2171 2485 illius,
2211 2404 2268 2464 δε
2306 2402 2586 2465 nouitatis
2624 2400 2787 2465 istius
2826 2400 3242 2466 declaratione.

577 2502 674 2562 39.
755 2486 942 2544 Vetus
982 2485 1430 2544 Testamentum
1469 2484 1740 2545 absolute
1771 2484 2105 2566 dxcebatur,
2126 2485 2293 2565 quod
2310 2495 2506 2577 partes
2526 2484 2673 2545 duas
2692 2484 2821 2544 illas
2840 2483 3134 2563 continet,
3154 2498 3405 2562 quarum

499 2580 618 2623 vna
655 2572 745 2625 est
782 2562 1019 2625 alterius
1059 2562 1527 2641 praeparatoria:
1570 2563 1772 2625 Altera
1813 2569 1955 2626 vero
1995 2566 2153 2645 typis
2182 2564 2357 2626 variis
2386 2564 2751 2625 adumbrata.
2794 2562 2958 2623 Huic
2976 2579 3203 2625 nouum
3224 2581 3408 2642 oppo-

498 2641 656 2703 nitur
693 2661 818 2703 non
857 2642 1183 2703 substantia
1196 2688 1215 2722 ,
1249 2642 1356 2703 sed
1391 2644 1836 2722 praeparatione
1877 2645 1956 2705 ad
1995 2665 2127 2708 eam
2142 2693 2159 2725 ,
2198 2654 2325 2705 tum
2367 2643 2544 2705 etiam
2588 2642 2740 2705 illius
2778 2641 3181 2721 designandae
3200 2643 3406 2704 modo,

501 2724 657 2783 Nam
722 2720 991 2800 quamuis
1047 2724 1144 2783 lex
1203 2734 1440 2783 maneat
1497 2725 1699 2803 reg-ula
1754 2726 2055 2787 bonorum
2105 2742 2351 2803 operum
2366 2769 2384 2801 ,
2437 2733 2635 2785 tamen
2674 2722 3043 2801 praeparatio
3082 2723 3263 2802 ipsius
3302 2740 3411 2801 per

501 2800 840 2863 seruitutem
900 2802 1110 2863 duram
1167 2800 1328 2863 illam
1343 2848 1362 2881 ,
1421 2801 1540 2865 iam
1588 2823 1713 2866 non
1755 2804 2096 2881 requiritur,
2145 2804 2251 2865 vbi
2296 2822 2407 2883 pro
2448 2805 2723 2865 confesso
2760 2821 2887 2865 esse
2929 2802 3140 2882 debet,
3180 2804 3408 2864 nullum

500 2880 808 2944 hominem
846 2900 920 2941 ex
961 2880 1238 2959 operibus
1275 2881 1421 2960 legis
1460 2881 1758 2944 iustificari
1795 2903 1989 2962 posse.
2048 2885 2269 2947 Modus
2308 2889 2451 2945 vero
2485 2881 2862 2961 proponendi
2888 2883 3255 2944 Testamenti
3274 2882 3409 2943 talis

499 2979 626 3021 esse
666 2962 846 3023 debet
860 3006 878 3038 ,
918 2972 982 3021 vt
1021 2961 1083 3022 in
1123 2960 1288 3022 tanta
1326 2963 1460 3023 luce
1497 2961 1803 3042 Euangelij
1844 2964 2093 3027 vmbrae
2132 2964 2347 3027 cedant
2386 2962 2727 3056 aduenienti
2765 2962 3025 3041 corpori.
3165 3040 3179 3054 .
3262 3040 3277 3054 ⁶

499 3040 1522 3191 cossihassssffdcssnsspffifflssfissssss·
1557 3045 2283 3203 iffixfisstz‘ssfinffiss
2321 3042 2515 3201 333?
2527 3041 3413 3213 ffissffi‘znffiaffl

497 3216 749 3275 operum
808 3200 1055 3262 salutem
1117 3211 1413 3279 proponat
1469 3202 1532 3263 in
1591 3202 1856 3283 Christo,
1916 3205 2054 3264 cum
2107 3208 2295 3265 Vetus
2348 3204 2527 3264 vitam
2581 3202 2819 3263 offerret
2859 3218 2997 3262 cum
3038 3200 3411 3279 conditione,

499 3278 915 3340 maledictione
969 3279 1550 3343 contrauenientibus
1601 3282 1830 3344 addita:
1881 3299 2035 3361 quae
2094 3282 2342 3347 seruitus
2382 3285 2521 3343 cum
2559 3281 2731 3345 fuerit
2769 3281 3079 3343 durissima
3092 3328 3109 3362 ,
3148 3290 3214 3341 vt
3251 3283 3413 3342 clare

498 3357 680 3418 docet
717 3359 1044 3437 Apostolus
1081 3360 1253 3421 Rom.
1300 3378 1355 3436 ⁷·
1395 3360 1772 3423 similitudine
1812 3366 1849 3423 a
1889 3362 2170 3444 coniugio
2211 3364 2523 3441 desumpta
2538 3408 2556 3441 ‚
2593 3362 2697 3423 vbi
2736 3362 2813 3423 de
2842 3360 3188 3423 h‘beratione
3210 3364 3248 3421 a
3264 3359 3411 3439 legis

495 3434 663 3498 istius
700 3435 1006 3529 seruitute,
1051 3454 1186 3499 eum
1224 3458 1398 3519 agere
1412 3486 1430 3520 ,
1471 3443 1567 3502 vel
1607 3460 1680 3501 ex
1719 3460 1794 3503 eo
1833 3443 2060 3505 clarum
2101 3454 2190 3505 est
2226 3443 2390 3523 quod
2404 3488 2421 3521 ,
2456 3440 2707 3519 exempli
2728 3442 2913 3521 gratia
2927 3487 2945 3520 ,
2966 3440 3231 3503 meminit
3250 3458 3411 3501 man-

499 3516 624 3577 dati
658 3516 1028 3595 prohibentis
1067 3518 1606 3599 concupiscentiam
1622 3567 1640 3600 ,
1680 3523 1847 3600 quod
1887 3524 2063 3601 plane
2104 3534 2191 3586 est
2229 3524 2473 3586 morale.

577 3616 671 3670 41.
756 3598 955 3675 Atque
995 3598 1058 3658 in
1099 3596 1266 3659 illum
1306 3618 1544 3661 sensum
1584 3601 1931 3679 accipienda
1966 3614 2055 3663 est
2092 3605 2192 3665 illa
2232 3601 2598 3682 comparatio
2640 3602 2758 3679 qua
2786 3603 2921 3663 Vet.
2949 3604 3208 3663 Testam.
3244 3597 3411 3659 litera

496 3676 782 3737 occidens
795 3722 813 3751 ,
853 3676 1243 3740 ministerium
1284 3678 1491 3741 mortis
1524 3684 1580 3741 δι
1619 3680 2050 3775 damnationis,
2085 3685 2144 3744 &
2180 3685 2276 3745 lex
2316 3682 2533 3762 scripta
2562 3682 2623 3743 in
2642 3680 2856 3743 tabulis
2874 3680 3119 3759 lapideis
3132 3724 3151 3758 ,
3172 3677 3413 3757 dicitur-3

503 3774 556 3817 2.
605 3756 743 3819 Cor.
785 3776 842 3833 3.
883 3762 941 3819 6.
1001 3758 1242 3819 Nouum
1291 3769 1490 3821 autem
1531 3760 1920 3823 ministerium
1961 3763 2197 3841 spiritus
2238 3767 2294 3824 δι
2332 3768 2518 3843 vitae,
2560 3761 2907 3840 inscriptum
2945 3758 3229 3822 cordibus
3242 3804 3261 3832 .,
3300 3761 3413 3819 &c.

575 3854 674 3909 42.
752 3835 958 3897 Tertio
1017 3839 1152 3899 Vet.
1214 3841 1476 3902 Testam.
1536 3840 1786 3904 sumitur
1845 3861 1956 3919 pro
2011 3844 2239 3905 ratione
2288 3841 2525 3905 alterius
2572 3840 2751 3919 partis
2798 3837 3267 3903 testamentariae
3304 3858 3414 3916 per

495 3914 692 3991 legem
741 3916 1202 3977 ceremonialem
1258 3919 1313 3978 δι
1365 3921 1604 3981 vmbras
1644 3920 2073 3995 declarandae,
2114 3930 2304 4001 eaque
2345 3941 2469 3982 non
2510 3920 2779 3985 ordinate
2819 3922 2899 3983 ad
2936 3940 3063 3982 rem
3103 3922 3413 3998 figuratam

492 3992 896 4073 considerata,
957 3996 1064 4057 sed
1117 3998 1420 4077 opposite3
1480 4000 1628 4061 Inde
1688 4000 1963 4062 dicuntur
2022 4005 2267 4064 vmbrae
2316 4001 2493 4063 fuisse
2540 4001 2601 4063 in
2652 4000 2855 4063 Veteri
2894 4002 3156 4063 Testam.
3195 4016 3413 4077 corpus

491 4081 686 4132 autem
727 4072 788 4133 in
831 4076 1047 4156 Nouo,
1088 4080 1196 4137 &o
1239 4080 1432 4139 Hebr.
1483 4100 1576 4141 10.
1625 4101 1675 4139 1.

586 4170 710 4243 43..
766 4154 998 4247 Quartp
1039 4153 1295 4235 denique
1335 4160 1473 4220 loco
1490 4205 1508 4238 ,
1544 4158 1680 4221 illae
1719 4159 1870 4222 duae
1889 4162 2271 4241 acceptiones
2289 4170 2627 4240 postremae
2645 4160 2727 4222 ita
2744 4158 3183 4239 coniunguntur
3198 4205 3214 4232 ,
3236 4158 3413 4250 etiam

499 4235 774 4307 opposite
816 4236 1218 4297 consrderatae
1235 4282 1253 4314 ,
1292 4249 1361 4299 vt
1399 4239 1726 4301 secundum
1768 4260 1866 4302 eas
1905 4240 2131 4304 dicatur
2169 4245 2357 4304 Vetus
2395 4243 2869 4303 Testamentum:
2907 4258 3030 4319 quo
3052 4256 3227 4301 sensu
3244 4247 3423 4301 sumit

504 4310 833 4387 Apostolus
847 4356 866 4390 ,
924 4316 1060 4375 cum
1115 4316 1190 4377 de
1229 4318 1614 4380 Testamento
1655 4323 1873 4383 Vetere
1913 4320 2147 4383 disserit
2184 4322 2247 4383 in
2285 4318 2535 4401 epistola
2572 4322 2653 4383 ad
2692 4322 2951 4383 Galatas,
3012 4322 3171 4383 Nam
3184 4318 3269 4461 {n
3301 4316 3424 4459 ιιὶ11ιε

3226 4414 3303 4460 ua
3344 4414 3413 4458 us
