3923 4875
1478 402 2081 455 PRAEFATIO.
3172 402 3253 453 xt

335 574 778 659 compilatam
797 626 814 654 ,
859 584 926 641 et
960 596 1132 660 quae
1171 577 1238 641 in
1275 578 1562 643 editione
1600 578 2215 662 Lugduno-Batava
2256 581 2414 644 anni
2463 592 2629 663 1595
2671 580 2970 664 pagellas
3000 580 3269 663 69--72

339 667 608 732 huiusce
651 666 860 733 libelli
885 668 1119 733 sortita
1153 678 1270 734 est.
1319 668 1672 735 Terminus
1691 672 1760 735 in
1781 690 1961 735 anno
1989 668 2339 735 millesimo
2364 672 2914 755 quingentissimo
2936 692 3269 756 nonnage—

337 760 512 824 simo
547 760 766 824 tertio,
823 758 1176 825 Ulterioris
1200 762 1434 828 aetatis
1457 764 1736 846 scripta,
1791 771 1864 826 ut
1889 784 1993 827 res
2016 763 2157 846 ipsa
2180 761 2448 841 clamat,
2476 765 2737 829 desunt.
2794 762 3044 828 Contra
3068 764 3269 827 etiarn

341 851 667 916 anecdota
707 850 818 917 hic
859 861 1282 917 recensentur
1333 860 1413 931 ι).
1479 853 1628 917 Hac
1665 854 2101 932 decurtatum,
2144 852 2255 919 illa
2277 864 2502 921 autem
2527 864 2719 938 parte
2742 855 3105 939 pleniorem
3129 855 3269 921 eius

334 963 616 1027 operum
648 943 1026 1027 catalogum
1053 945 1302 1029 primus
1327 946 1509 1010 dedit
1532 944 1942 1025 MEURSIUS,
1984 947 2051 1009 in
2078 944 2373 1011 Athenis
2397 946 2717 1025 Batavis,
2760 946 2843 1010 11.
2880 965 3026 1030 149,
3069 968 3269 1030 quem

331 1044 596 1099 secutus
623 1046 724 1101 est
739 1034 1264 1119 Verheydenius.
1309 1034 1636 1101 Inferioris
1661 1046 1858 1102 notae
1882 1036 2262 1123 catalogum
2287 1038 2548 1123 scripsit
2564 1036 2878 1103 GLASIUS
2904 1040 2969 1102 in
2993 1036 3267 1123 Godgel.

333 1123 750 1204 cherland‚
777 1128 842 1191 in
865 1148 1049 1192 voce.
1099 1127 1511 1212 Conspectus
1537 1130 1668 1193 iam
1697 1130 1954 1195 uberior
1979 1132 2297 1214 reperitur
2320 1130 2390 1194 in
2405 1129 2575 1194 VAN
2596 1144 2745 1195 DER
2762 1128 2903 1207 ΑΛ,
2929 1129 3260 1215 Bibltogr.

347 1217 842 1283 Woordenboek
861 1268 878 1296 ‚
929 1218 1040 1283 IX.
1095 1234 1246 1301 250.
1319 1220 1476 1285 Veri
1541 1222 1826 1285 nominis
1889 1231 2110 1287 autem
2157 1222 2723 1307 bibliographiam
2770 1221 2938 1286 Iunii
2987 1242 3262 1306 operum

281 1338 288 1343 ·
333 1330 532 1374 nemo
566 1308 909 1393 hucusque
949 1312 1214 1376 molitus
1253 1322 1352 1377 est
1388 1322 1652 1395 praeter
1697 1334 1903 1379 unum
1946 1312 2284 1391 HAGIUM,
2334 1314 2401 1379 in
2429 1314 2498 1379 la
2524 1314 2787 1379 France
2799 1322 3222 1398 protestante
3251 1363 3268 1392 ‚

333 1403 400 1464 in
441 1422 606 1466 voce
646 1400 862 1486 (Tom.
890 1402 972 1481 11,
1000 1425 1066 1487 p.
1097 1406 1320 1487 338—-
1330 1404 1522 1489 390),
1553 1425 1721 1491 opus
1755 1406 1952 1471 laude
1986 1406 2269 1489 dignius.
2310 1406 2455 1472 Nec
2484 1416 2711 1471 tamen
2749 1414 3107 1490 propterea
3146 1426 3269 1470 acu

333 1491 442 1557 ille
469 1514 587 1577 per
621 1494 848 1558 omnia
886 1514 1022 1559 rem
1061 1495 1311 1579 tetigit,
1358 1498 1535 1581 quod
1569 1496 1759 1563 facile
1796 1498 1954 1563 mihi
1991 1496 2214 1562 credet
2242 1498 2353 1581 qui
2381 1508 2587 1576 tenet,
2624 1498 2921 1583 Hagium
2948 1518 3033 1561 ne
3068 1498 3273 1581 ipsius

335 1586 610 1669 quidem
637 1585 804 1649 Iunii
831 1596 1264 1670 conspectum
1296 1610 1590 1672 unquam
1621 1588 1928 1655 habuisse
1951 1589 2042 1655 ob
2079 1588 2331 1654 oculos,
2380 1588 2635 1657 Idcirco
2666 1609 2791 1674 pro
2820 1588 2991 1655 virili
3022 1608 3273 1653 errores

335 1697 504 1759 quos
544 1677 664 1741 etsi
699 1676 976 1743 leviores
1006 1680 1336 1745 commisit
1377 1680 1544 1745 infra
1579 1682 1718 1765 ipse
1757 1683 1889 1747 iam
1929 1687 2313 1767 expurgare
2350 1691 2633 1747 conatus
2666 1700 2847 1763 sum,
2890 1690 2965 1747 ut
2995 1682 3271 1747 tandem

333 1770 497 1833 satis
545 1778 854 1835 accurata
895 1771 1084 1836 nobis
1129 1782 1418 1837 exstaret
1461 1772 1627 1836 Iunii
1673 1794 1952 1858 operum
1996 1772 2247 1839 tabula.

401 1976 454 2039 1)
491 1975 662 2029 Series
711 1992 922 2043 operum
981 1984 1030 2027 et
1063 1977 1446 2043 opusculorum,
1491 1993 1621 2045 qnae
1651 1992 1746 2043 pro
1778 1980 1912 2030 vitae
1945 1979 2217 2042 brevitate,
2262 1979 2641 2045 perturbatione
2675 1984 2725 2029 et
2762 1984 3005 2045 perpetua
3041 1990 3271 2027 commu-

331 2045 524 2095 tatione
569 2045 750 2095 crebro
795 2044 981 2095 mirum
1019 2060 1232 2095 numero
1265 2045 1592 2095 concinnavit
1623 2045 1826 2111 Iunius,
1873 2046 1927 2095 in
1960 2046 2117 2097 dorso
2149 2046 2602 2113 autobiographiae
2639 2046 2800 2113 ipsius
2832 2044 2907 2097 sie
2938 2060 2993 2096 se
3032 2044 3188 2095 habet
3218 2041 3275 2093 in

336 2112 646 2177 exemplari,
678 2112 818 2177 quod
853 2112 1146 2162 etiamnunc
1182 2120 1448 2163 conservat
1479 2112 1614 2162 Bibl.
1649 2112 1798 2163 Rem.
1839 2114 2031 2163 Amst.:

403 2180 590 2227 »Anno
623 2178 946 2233 clo.10.1.xl.
1000 2179 1266 2229 Ciceronis
1317 2180 1399 2229 De
1447 2179 1652 2245 legibus
1689 2179 1852 2231 libros
1903 2178 2137 2231 Gallicos
2192 2178 2319 2249 feci,
2368 2188 2417 2231 et
2451 2180 2565 2231 auxi
2618 2180 2775 2231 notis:
2821 2178 2913 2231 sed
2956 2178 2991 2244 ij
3029 2178 3084 2228 in
3119 2176 3274 2228 bellis

342 2245 590 2296 civilibus
623 2246 826 2295 Galliae
845 2282 861 2313 ‚
895 2254 948 2295 ut
979 2246 1084 2296 alia
1117 2246 1306 2311 multa,
1339 2246 1612 2311 perierunt.

401 2314 450 2362 A
463 2328 572 2362 nno
623 2313 729 2368 cla.
761 2312 836 2368 10.
868 2324 1014 2362 Lxm.
1075 2312 1351 2378 Epitomen
1387 2313 1570 2379 scripsi
1605 2313 1928 2364 Christianae
1966 2313 2303 2365 Institutionis
2334 2314 2545 2366 Ioannis
2578 2313 2813 2365 Caluini:
2846 2328 2999 2379 quam
3032 2310 3278 2363 Michaeli

336 2379 504 2446 Nigro
543 2394 693 2430 seruo
725 2380 826 2429 Dei
861 2380 1008 2429 dedi:
1029 2418 1043 2431 .
1063 2395 1168 2430 non
1204 2387 1379 2431 exstat.

403 2447 515 2503 cla.
533 2447 754 2501 10.1„xv.
790 2447 1090 2498 Orationem
1130 2448 1312 2514 scripsi
1348 2446 1552 2499 Gallice
1586 2449 1650 2499 ad
1685 2448 1883 2514 Regem
1919 2449 2292 2514 Hispaniorurn
2326 2463 2422 2516 pro
2456 2449 2756 2501 defensione
2792 2444 2974 2512 Belgij.

404 2515 512 2569 clo.
531 2515 606 2568 10.
625 2525 770 2563 var.
807 2514 1203 2564 Confessionem
1239 2515 1562 2580 Belgicamm
1597 2515 1942 2566 Ecclesiamm
1978 2517 2272 2582 recognoui.

399 2581 618 2698 ξςξιειειὲι
655 2582 836 2646 scripsi
870 2581 1264 2632 Confessionem
1298 2597 1360 2632 ex
1395 2581 1680 2648 Scripturas
1715 2584 1886 2635 verbis
1919 2583 2294 2634 concinnatam.
2330 2582 2602 2634 Nobilitati
2638 2582 2803 2648 Belgij
2834 2581 2969 2648 apud
2988 2579 3274 2633 Centronas

343 2665 408 2699 ex
447 2665 462 2697 1
533 2665 566 2697 n
605 2664 706 2698 am.
740 2665 848 2698 non
883 2657 1055 2700 exstat.

411 2714 732 2766 Concionem
763 2715 990 2766 habitam
1026 2715 1079 2766 in
1113 2731 1296 2782 campo
1329 2715 1692 2782 Limburgensi
1725 2717 1792 2768 ad
1825 2717 1985 2768 altum
2020 2717 2123 2768 Dei
2160 2723 2389 2769 montem
2424 2731 2649 2784 pagum:
2686 2723 2734 2767 et
2752 2715 3109 2768 defensionem
3136 2713 3276 2762 illius

340 2786 586 2837 adversus
619 2782 985 2832 Leodiensium
1019 2784 1474 2833 Franciscanorum
1509 2784 1792 2835 clamores:
1829 2799 1935 2835 non
1970 2791 2143 2834 exstat.

409 2851 734 2916 Responsum
769 2849 835 2898 ad
869 2849 1046 2899 fratres
1079 2850 1474 2902 Zandwicenses
1511 2851 1564 2900 in
1597 2851 1816 2916 Anglia,
1855 2853 1923 2901 de
1957 2852 2183 2916 imagine
2220 2851 2425 2902 Christi.

400 2917 508 2970 clo.
527 2917 602 2970 Io.
621 2927 784 2965 van.
821 2917 1039 2966 Breuem
1071 2923 1335 2966 tractatum
1370 2919 1436 2968 de
1472 2917 1650 2967 ritibus
1687 2917 1739 2968 in
1773 2918 2011 2968 Ecclesia
2045 2917 2427 2970 conformandis
2457 2931 2471 2968 :
2506 2923 2555 2968 et
2576 2923 2711 2968 certa
2728 2917 2894 2982 capita
2912 2915 3020 2965 sive
3038 2913 3279 2964 articulos

331 2989 401 3038 de
437 2983 690 3049 regimine
725 2983 1016 3033 Ecclesiae:
1052 2985 1190 3049 quod
1226 2984 1469 3051 scriptum
1501 2981 1748 3035 Geneuae
1785 2992 1836 3035 et
1871 2985 1926 3034 in
1957 2985 2201 3035 Heluetia
2217 2985 2425 3050 quidam
2443 3001 2536 3050 pro
2555 3001 2647 3034 suo
2664 2982 2959 3034 venditavit.
2980 2997 3083 3032 non
3101 2987 3275 3031 exstat.

401 3050 772 3101 Defensionem
808 3050 1052 3101 aduersus
1087 3051 1292 3100 fratrem
1330 3051 1569 3101 Natalem
1606 3051 1955 3102 Christianum
1990 3053 2233 3102 Iesuitam
2268 3052 2404 3119 apud
2443 3051 2880 3117 LimburgenseiS.
2916 3066 3022 3101 non
3056 3055 3230 3100 exstat.

401 3117 764 3168 Narrationem
797 3117 1154 3168 breuissimam
1189 3118 1532 3168 calamitatum
1565 3117 1754 3184 Belgij.
1788 3134 1894 3169 non
1929 3127 2104 3169 exstat.

404 3185 512 3239 clo.
529 3184 604 3239 10.
623 3195 766 3236 Lx1x.
802 3193 850 3235 et
883 3185 1236 3250 sequentibus,
1271 3185 1569 3235 Methodum
1607 3185 1914 3250 analyticam
1951 3187 2007 3236 in
2040 3184 2292 3252 Psalmos,
2323 3184 2503 3236 nescio
2540 3185 2681 3236 cuius
2714 3185 2770 3234 in
2804 3199 2983 3235 manus
3018 3182 3229 3234 venerit.

406 3252 842 3302 Commentarium
876 3253 930 3302 in
971 3263 1034 3301 10
1065 3252 1218 3318 capit.
1254 3251 1446 3302 GeneS.
1481 3267 1589 3302 non
1625 3259 1800 3303 exstat.

407 3320 516 3374 clo.
535 3319 612 3374 10.
630 3329 755 3367 Lxx.
789 3319 1019 3370 Examen
1051 3319 1310 3384 dialogist.
1344 3319 1427 3369 De
1473 3319 1590 3369 fide.
1625 3334 1732 3370 non
1767 3325 1941 3370 exstat.

408 3387 518 3441 cIo.
536 3386 610 3440 10.
635 3397 799 3435 Lxxn.
834 3385 1177 3436 Gramaticam
1213 3385 1420 3452 linguae
1455 3385 1705 3437 Gallicae.
1739 3401 1845 3436 non
1881 3391 2055 3437 exstat.

408 3453 516 3508 clo.
535 3454 610 3509 10.
629 3463 814 3503 Lxxm.
849 3453 1260 3503 Translationem
1301 3453 1484 3502 veteris
1519 3453 1830 3504 Testamenti
1867 3453 2017 3519 coepi
2052 3467 2167 3504 cum
2203 3453 2271 3503 D.
2305 3454 2622 3506 Immanuele
2654 3452 2950 3505 Tremellio.

408 3523 564 3570 Anno
598 3520 706 3574 clo.
729 3521 803 3574 10.
823 3531 1005 3570 Lxxvl.
1039 3521 1170 3570 Acta
1203 3519 1570 3586 Apostolorum
1605 3521 1836 3572 transtissi
1873 3537 1934 3572 ex
1974 3520 2215 3572 Arabico.

410 3589 518 3642 clo.
541 3589 616 3641 10.
636 3597 836 3637 Lxxvn.
873 3587 1131 3652 Epistolas
1169 3587 1310 3638 Pauli
1348 3587 1414 3636 ad
1451 3587 1751 3638 Corinthios
1783 3589 2019 3639 transtuli
2056 3605 2117 3639 ex
2153 3587 2398 3640 Arabico.

411 3653 804 3705 Confessionem
839 3653 960 3703 fidei
993 3653 1252 3704 Frederici
1288 3653 1363 3703 111
1395 3653 1556 3706 Elect.
1589 3654 1807 3705 Palatini
1842 3655 1942 3707 feci
1979 3655 2250 3707 Gallicam.

409 3721 630 3771 Primam
663 3721 874 3770 Ioannis
907 3721 1192 3787 Epistulam
1225 3720 1455 3770 transtuli
1491 3737 1554 3772 ex
1587 3721 1832 3772 Arabico.
1867 3739 1973 3774 non
2010 3729 2183 3774 exstat.

413 3789 522 3843 clo.
541 3788 617 3838 Ic.
641 3797 868 3839 Lxxvm.
904 3787 1204 3838 Orationem
1237 3789 1318 3838 De
1353 3787 1531 3854 lingua
1563 3789 1822 3840 Hebraea.

409 3855 451 3905 1.
485 3854 676 3904 Bodini
709 3855 1208 3906 Daemonomaniam
1243 3854 1478 3904 Latinam
1509 3855 1637 3907 feci.
1673 3855 2047 3907 Germanorum
2086 3856 2360 3908 Postulato.

409 3923 518 3976 clo.
542 3923 614 3976 10.
634 3932 812 3972 Lxxlx.
846 3923 1184 3988 Apocryphos
1217 3921 1378 3973 libros
1412 3923 1670 3987 transtuli,
1705 3931 1754 3974 et
1791 3923 2003 3976 instruxi
2041 3923 2192 3974 notis.

404 3989 659 4106 quaffiem
691 3987 899 4039 Tilium.
935 3991 1016 4040 De
1055 3991 1260 4056 regibus
1295 3997 1344 4040 et
1381 4005 1540 4056 regno
1575 3989 1841 4042 Gallorum
1875 3991 2113 4042 Latinum
2154 3990 2283 4057 feci,
2322 3989 2563 4041 historiae
2598 3990 2935 4042 studiosorum
2970 3987 3285 4056 quorundam

339 4073 440 4126 pos
565 4068 700 4105 rone.

413 4123 520 4178 clo.
544 4125 618 4177 10.
637 4133 798 4172 Lxxx,
834 4125 1230 4175 Grammaticam
1263 4123 1533 4175 Hebraeae
1569 4123 1776 4190 linguae
1811 4125 1970 4174 edidi.

411 4191 520 4245 clo.
553 4190 629 4239 Ie.
653 4199 834 4241 Lxxxl.
869 4191 1303 4243 Ecclesiasticum.
1335 4189 1517 4241 Latine
1557 4199 1605 4240 et
1646 4189 1842 4242 Galice.

410 4256 766 4325 Specularium
799 4258 1132 4309 Immanuelis
1165 4258 1426 4323 Tremellij
1465 4259 1710 4309 aduersus
1751 4258 2161 4308 Genebrardum.

409 4325 827 4379 cla.1:>.1.xxxu.
862 4325 1132 4376 Orationes
1166 4325 1292 4376 duas
1329 4326 1682 4376 Francotaliae
1715 4325 1914 4375 habitas
1949 4325 2015 4374 ad
2057 4325 2335 4374 lectionem
2370 4323 2555 4376 veteris
2589 4325 2917 4376 Testamenti.

411 4392 518 4447 010.
535 4392 612 4446 10.
631 4401 848 4443 Lxxxm.
883 4391 1198 4443 Orationem.
1229 4393 1308 4444 De
1339 4393 1442 4442 vita
1475 4401 1524 4443 et
1556 4393 1698 4443 obitu
1735 4392 2015 4443 Zachariae
2070 4391 2254 4442 Ursini.
