3923 4875
1375 369 1698 412 ‘russas
1758 365 2413 413 rneonoorcat.
3248 379 3359 436 139

443 529 811 591 communia:
870 529 1087 607 creari,
1125 527 1237 590 sini
1273 526 1395 590 labi
1434 527 1495 588 in
1534 537 1879 606 peccatum,
1918 529 1975 590 δι
2015 525 2074 588 in
2119 537 2374 590 mortem
2389 573 2406 608 ,
2445 530 2648 590 vocari
2687 535 2945 594 externe.
3010 536 3360 612 Disparitas

443 613 498 670 δι
537 609 952 670 dissimilitudo
967 653 986 688 ,
1023 625 1177 686 quae
1220 619 1310 669 est
1348 607 1499 668 inter
1537 607 1667 668 illas
1704 607 1767 669 in
1806 607 2188 686 sequentibus
2229 609 2555 687 apparebit.

523 709 579 766 3.
659 690 882 750 Electio
897 732 916 767 ,
953 698 1043 750 est
1086 686 1565 766 praedestinatiO,
1610 704 1730 766 qua
1769 687 1931 749 Deus
1971 687 2237 748 decreuit
2275 689 2357 748 ab
2395 699 2638 750 aeterno
2673 691 2833 768 apud
2851 711 2945 767 se,
2980 710 3188 752 eorum
3209 711 3360 771 quos

442 769 523 831 ad
558 770 869 829 ὕιοθοσίυ
909 767 1255 846 destinauit,
1294 765 1557 829 misereri
1590 765 1655 828 in
1682 766 1953 860 Christ0,
1985 767 2042 828 δι
2071 785 2176 828 eos
2211 767 2438 829 donare
2469 770 2892 846 conuersione,
2927 771 3076 849 fide,
3107 771 3323 834 iustitia
3349 822 3368 852 ,

445 851 502 910 ὅτ
564 847 805 908 tandem
867 847 989 910 vita
1028 858 1283 909 aeterna.
1344 849 1490 910 Esse
1526 858 1725 910 autem
1768 849 2164 916 Electionem‚
2206 849 2538 926 Prophetae
2552 893 2570 927 ,
2611 850 2913 929 Apostoli,
2956 869 3193 913 necnon
3233 852 3360 930 ipse

445 928 713 991 Christus
762 927 981 1005 passim
1026 927 1223 989 docet.
1282 929 1431 988 Esa.
1484 947 1579 1002 41.
1630 932 1690 989 8.
1740 948 1797 1005 9.
1857 930 2030 988 Rom.
2081 930 2138 987 8.
2193 947 2286 1004 29·
2345 929 2564 1006 Ephes.
2627 949 2676 990 1.
2731 950 2788 1004 4.
2845 933 3071 992 Matth.
3117 951 3210 992 20.
3263 937 3352 996 16.

444 1007 587 1070 Eius
611 1015 822 1085 partes
860 1007 1012 1070 duae
1051 1016 1218 1084 sunt,
1258 1006 1625 1086 praeparatio
1666 1007 1889 1086 gratiae
1929 1009 1988 1068 &
2025 1005 2270 1084 gloriae.

520 1108 576 1162 4.
655 1086 975 1150 Electionis
1012 1086 1183 1149 huius
1222 1088 1385 1148 nulla
1427 1097 1592 1148 extra
1630 1089 1825 1150 Deum
1866 1107 2048 1148 causa
2085 1087 2346 1164 efficiens
2386 1097 2489 1150 aut
2529 1087 2844 1166 impulsiua
2883 1089 2944 1150 in
2986 1089 3126 1168 ipsis
3165 1091 3357 1154 homi·

443 1167 615 1228 nibus
656 1167 991 1248 statuenda,
1029 1171 1067 1228 a
1104 1185 1221 1246 qua
1261 1167 1527 1245 praeuisa
1562 1179 1865 1246 permotus
1904 1166 2080 1228 suerit
2118 1169 2283 1228 Deus
2321 1167 2400 1227 ad
2437 1187 2550 1230 nos
2571 1167 2905 1246 eligendos:
2946 1189 3066 1230 non
3089 1173 3364 1234 voluntas

444 1246 724 1325 hominiS,
763 1266 887 1308 non
928 1247 1077 1308 fides
1116 1247 1419 1326 praeuisa,
1462 1266 1586 1307 non
1624 1249 1787 1310 bona
1824 1266 2039 1327 opera,
2079 1265 2200 1306 non
2243 1245 2496 1324 dignitas
2514 1247 2776 1328 generis,
2813 1261 2914 1310 aut
2937 1248 3106 1311 vllius
3125 1253 3364 1314 alterius

444 1326 915 1406 praerogatiuae..
944 1345 1069 1390 non
1102 1325 1373 1389 meritum
1403 1325 1621 1388 Christi
1652 1327 2020 1419 praeuisum,
2055 1345 2178 1386 non
2211 1325 2468 1406 denique
2500 1327 2632 1389 finis
2665 1328 3000 1391 electionis:
3039 1331 3144 1390 sed
3166 1333 3360 1393 solum

441 1405 675 1470 diuinae
713 1408 1033 1470 voluntatis
1073 1405 1511 1485 beneplacitum
1550 1408 1851 1483 (εὐδοκίαν
1891 1408 2193 1485 Scriptura
2227 1411 2436 1483 vocat)
2479 1407 2542 1468 in
2579 1408 2832 1486 gratuita
2869 1409 2994 1469 eius
3033 1409 3360 1474 dilectione

440 1486 766 1548 fundatum.
824 1490 997 1550 Rom.
1052 1507 1111 1564 9.
1176 1490 1266 1548 16.
1326 1488 1459 1548 Act.
1504 1506 1594 1563 13.
1636 1490 1731 1561 48.
1788 1489 1959 1548 Rom.
2004 1508 2060 1565 9.
2111 1506 2199 1546 11.
2261 1486 2443 1548 Deut.
2486 1505 2539 1562 7.
2586 1505 2639 1562 7.
2699 1490 2915 1566 Ephes.
2969 1510 3014 1550 r.
3061 1505 3118 1567 5.
3181 1492 3360 1552 Vnde

444 1568 509 1627 fit
564 1575 629 1628 vt
686 1567 937 1628 omnino
998 1577 1159 1628 certa
1222 1569 1279 1627 δι
1338 1569 1537 1644 firma,
1577 1567 1855 1644 nullaque
1892 1565 2240 1629 conditione
2279 1565 2462 1628 dubia
2500 1567 2578 1628 sit
2614 1578 2817 1629 nostra
2855 1569 3068 1630 electio
3083 1613 3100 1648 ,
3141 1569 3362 1649 quippe

442 1664 595 1724 quae
652 1665 767 1708 nec
828 1646 890 1708 in
942 1645 1149 1727 nobis,
1190 1665 1303 1707 nec
1344 1649 1383 1708 a
1420 1645 1596 1708 nobis
1632 1645 2044 1726 mutabilibus,
2085 1645 2194 1707 sed
2232 1649 2271 1706 a
2308 1648 2470 1726 Deo,
2511 1649 2569 1708 δι
2611 1647 2672 1708 in
2712 1650 2848 1708 Deo
2887 1649 3241 1711 immutabili
3283 1651 3358 1712 sit

444 1736 571 1787 tota
718 1726 816 1787 ita.

528 1823 580 1883 5.
606 1746 963 1882 Po{uoniam
1001 1817 1199 1867 autem
1236 1805 1529 1868 electione
1570 1808 1725 1866 facta
1764 1816 1853 1867 est
1892 1807 2034 1869 vnio
2073 1804 2262 1866 nostri
2301 1809 2356 1868 &
2399 1806 2742 1868 coniunctio
2761 1826 2898 1868 cum
2919 1810 3054 1868 Deo
3075 1807 3354 1888 eligente,

444 1884 645 1963 aliquo
684 1883 887 1947 medio
928 1903 1080 1964 opus
1120 1885 1259 1963 fuit,
1298 1901 1421 1962 quo
1460 1897 1581 1946 tam
1623 1885 1889 1948 diuersae
1928 1897 2173 1948 naturae
2213 1885 2742 1964 coniungerentur:
2786 1888 2926 1966 quia
2944 1887 3005 1948 in
3026 1888 3358 1966 nobisipsis

444 1982 567 2025 non
626 1982 857 2026 eramus
897 1975 1095 2026 tantae
1134 1965 1511 2028 excellentiae
1550 1984 1819 2044 capaces.
1882 1967 2030 2028 Ideo
2071 1963 2132 2026 in
2175 1964 2411 2026 Christo
2452 1967 2626 2028 electi
2663 1984 2864 2028 sumus
2877 2013 2894 2046 ,
2936 1969 2990 2028 δι
3032 1969 3356 2047 praestituti

443 2043 503 2103 in
562 2045 946 2124 adoptionem
998 2045 1255 2107 filiorum
1292 2045 1439 2106 Dei:
1481 2065 1605 2107 non
1648 2055 1709 2106 vt
1740 2063 1923 2124 purus
1965 2048 2127 2106 Deus
2167 2055 2288 2114 est,
2328 2046 2444 2106 hac
2483 2047 2641 2108 enim
2683 2047 2911 2108 ratione
2950 2049 3078 2126 ipse
3117 2064 3356 2126 quoque

442 2141 555 2184 nos
592 2124 796 2202 elegit:
836 2144 949 2186 nec
986 2134 1052 2186 vt
1086 2125 1335 2204 simplex
1372 2126 1556 2187 homo
1572 2172 1589 2202 ,
1630 2125 1717 2186 sic
1758 2125 1917 2186 enim
1956 2125 2205 2186 idoneus
2245 2143 2368 2186 non
2407 2138 2561 2186 esset
2603 2126 2660 2186 in
2693 2144 2816 2205 quo
2836 2127 3214 2206 eligeremur:
3249 2130 3356 2190 sed

443 2207 564 2280 qua
602 2205 999 2286 Osdroe-noc,
1038 2217 1219 2284 caput
1254 2215 1521 2266 nostrum
1537 2248 1555 2282 ,
1596 2207 1651 2264 &
1694 2204 1984 2266 mediator
2023 2213 2224 2266 noster
2263 2216 2536 2266 aeternus
2575 2216 2683 2267 est.
2739 2208 2956 2285 Ephes.
3006 2229 3056 2267 1.
3098 2227 3153 2281 4.

524 2284 581 2342 6.
663 2284 951 2358 Quamuis
1008 2295 1207 2346 autem
1264 2294 1561 2362 quotquot
1616 2283 1695 2344 ad
1748 2283 1939 2346 vitam
1999 2297 2300 2346 aeternam
2361 2285 2780 2362 praedestinati
2839 2297 2975 2347 sunt
2989 2331 3005 2361 ,
3049 2289 3321 2349 absolute
3337 2334 3356 2360 ,

446 2359 787 2442 simpliciter
827 2365 882 2422 δι
920 2362 1360 2426 immutabiliter
1397 2363 1813 2443 praedestinati
1866 2363 2014 2446 sint,
2054 2375 2190 2426 sunt
2229 2375 2426 2425 tamen
2469 2375 2632 2426 certa
2671 2368 2887 2458 media,
2933 2366 3149 2444 quibus
3191 2369 3356 2429 Deus

446 2460 587 2504 suos
642 2444 866 2505 electos
921 2445 1000 2505 ad
1039 2446 1287 2507 salutem
1328 2445 1623 2523 perducit:
1666 2448 1723 2507 ὅτ
1762 2444 2102 2523 quicunque
2141 2444 2218 2505 ad
2260 2446 2440 2506 finem
2477 2444 2643 2506 illum
2682 2464 2786 2507 seu
2827 2456 3009 2507 vitam
3049 2458 3352 2508 aeternam

442 2522 612 2584 electi
670 2534 839 2603 sunt,
898 2522 937 2599 ij
980 2523 1159 2585 etiam
1198 2543 1405 2586 omnes
1444 2525 1524 2586 ad
1562 2525 1663 2586 illa
1703 2524 1901 2587 media
1938 2525 2066 2587 sine
2089 2523 2322 2602 'quibus
2360 2526 2539 2586 finem
2574 2526 2867 2607 consequi
2906 2544 3030 2585 non
3070 2538 3349 2606 possunt,

442 2602 615 2664 electi
672 2614 835 2681 sunt,
894 2603 975 2664 ita
1020 2615 1085 2664 vt
1126 2621 1415 2682 nusquam
1454 2604 1533 2665 ad
1572 2606 1751 2667 finem
1791 2606 2169 2683 perueniant,
2215 2603 2316 2682 qui
2358 2625 2463 2683 per
2503 2604 2701 2667 media
2739 2606 2816 2667 ad
2858 2606 3038 2667 finem
3079 2605 3353 2667 ordinata

440 2700 565 2743 non
602 2684 923 2745 ambulant.
984 2684 1141 2745 Nam
1182 2686 1239 2744 δι
1276 2682 1523 2762 gratiam
1560 2684 1689 2745 viae
1705 2730 1723 2764 ,
1762 2686 1819 2745 δι
1899 2686 2112 2747 loriam
2151 2694 2344 2747 metae
2381 2684 2590 2745 vnicus
2631 2696 2890 2763 praestat
2931 2687 3110 2747 Deus.

520 2780 573 2838 7.
654 2762 875 2823 Omnia
911 2774 1141 2839 autem,
1183 2774 1303 2824 tam
1341 2763 1479 2825 finis
1518 2768 1699 2841 quam
1741 2705 1968 2843 medffn,
2009 2767 2220 2843 effecta
2259 2772 2398 2825 sunt
2437 2764 2764 2826 electionis.
2803 2768 2911 2825 Est
2932 2764 3089 2826 enim
3112 2775 3354 2827 aeterna

442 2841 902 2903 Praedestinatio
943 2843 1211 2904 omnium
1250 2842 1367 2903 Dei
1406 2843 1803 2905 saluificorum
1840 2846 2268 2907 beneficiorum
2309 2845 2442 2905 fons
2482 2847 2536 2906 δι
2578 2846 3044 2906 fundamentum.
3092 2845 3354 2907 Primum

445 2920 557 2982 Dei
596 2920 949 2983 beneficium
988 2924 1045 2983 δι
1078 2920 1382 2985 electionis
1420 2923 1695 2985 effectum
1710 2968 1727 3001 ,
1759 2934 1874 2999 est,
1907 2926 2070 3003 quod
2094 2925 2362 2986 Christus
2381 2941 2521 2985 cum
2541 2924 2718 3003 ipsius
2740 2924 2966 2986 scilicet
2989 2924 3358 2996 obedientia,

444 2999 698 3078 meritis,
760 3011 978 3080 morte,
1042 3001 1499 3081 resurrectione,
1559 3003 1777 3083 gloria,
1838 3004 2011 3065 datus
2049 3016 2138 3066 est
2175 3002 2382 3082 nobis,
2423 3004 2478 3063 &
2518 3024 2630 3065 nos
2665 3005 2806 3083 ipsi,
2847 3004 3202 3066 constitutus
3242 3024 3359 3065 me-

443 3080 639 3141 diator
696 3079 847 3141 inter
905 3081 1101 3142 Deum
1158 3084 1391 3145 Patrem
1448 3086 1505 3144 &
1562 3102 1701 3159 noa,
1741 3084 1797 3143 δι
1837 3094 2016 3175 caput
2058 3084 2326 3145 omnium
2365 3084 2719 3163 electorum,
2759 3087 2934 3145 Ioau.
2977 3105 3033 3162 3.
3087 3088 3174 3144 16.
3245 3088 3357 3145 Per

440 3158 741 3222 Christum
778 3171 977 3223 autem
1015 3162 1241 3241 reliqua
1278 3160 1479 3224 omnia
1518 3162 2066 3241 praedestinationis
2107 3166 2320 3226 effecta
2357 3162 2418 3223 in
2459 3183 2571 3225 nos
2611 3164 3112 3225 transfunduntur.
3179 3168 3350 3224 Haec

445 3241 555 3301 tria
610 3252 747 3301 sunt
804 3240 1120 3319 praecipua
1164 3260 1321 3321 quae
1356 3243 1435 3303 ab
1478 3245 1771 3321 Apostolo
1812 3242 2022 3303 ordine
2063 3254 2496 3306 enumerantur.
2558 3246 2729 3305 Rom.
2772 3249 2825 3304 8.
2875 3264 2970 3321 30.
3021 3264 3072 3303 1.
3137 3246 3357 3305 Efficax

446 3318 683 3381 vocatio
730 3321 811 3381 ad
850 3320 1166 3383 Christum.
1233 3341 1285 3383 2.
1326 3321 1687 3384 IustificatiO.
1730 3343 1786 3400 3.
1829 3322 2219 3385 Glorificatio.
2282 3326 2430 3386 Sunt
2469 3333 2668 3385 autem
2707 3324 2922 3385 effecta
2961 3323 3354 3401 praedestina-

449 3398 627 3461 tionis
664 3398 745 3459 ita
784 3399 934 3461 inter
970 3420 1035 3463 se
1074 3400 1375 3480 ordinata,
1416 3413 1479 3462 vt
1513 3402 1711 3481 priora
1752 3407 1807 3464 δι
1846 3404 2258 3481 praecedentia
2299 3413 2362 3464 vt
2395 3406 2673 3482 pleraque
2705 3404 2820 3464 sint
2853 3422 3065 3465 causae
3101 3404 3355 3465 efficien-

446 3490 535 3541 tes
548 3524 567 3557 ,
604 3480 703 3541 vel
738 3479 935 3557 potius
974 3480 1443 3543 instrumentales
1482 3481 1874 3561 posteriorum
1916 3486 1972 3545 &
2015 3483 2448 3563 insequentium
2463 3528 2482 3561 ,
2521 3502 2642 3544 non
2689 3494 2914 3545 contra.

534 3563 591 3619 8.
678 3558 967 3620 obiectum
1028 3560 1335 3623 electionis
1396 3569 1531 3623 sunt
1590 3563 1893 3636 homineS,
1944 3582 2068 3624 non
2109 3582 2318 3625 omnes
2355 3566 2413 3625 &
2450 3562 2664 3643 singuli
2679 3608 2697 3643 ,
2737 3564 2843 3625 sed
2882 3563 3085 3642 pauci,
3124 3562 3174 3623 si
3212 3580 3348 3624 cum

450 3656 671 3717 magno
726 3641 1117 3717 reproborum
1175 3658 1422 3703 numero
1484 3645 1877 3705 conferantur.
1935 3646 2161 3705 Matth.
2224 3660 2278 3721 7.
2345 3663 2434 3717 14.
2489 3644 2566 3704 ὁ*
2609 3664 2702 3705 20.
2751 3646 2839 3703 16.
2901 3646 3127 3704 Eorum
3169 3646 3258 3718 (vt
3295 3646 3350 3705 &

448 3718 864 3796 reproborum)
903 3737 1181 3781 numerus
1219 3723 1276 3782 δι
1313 3738 1625 3783 numerans
1663 3726 1751 3799 (vt
1784 3723 2112 3800 loquuntur
2153 3722 2523 3798 Scholastici)
2563 3728 2618 3785 δι
2661 3733 2999 3785 numeratus
3034 3721 3116 3783 ita
3157 3734 3350 3785 certus

451 3808 539 3859 est
594 3796 755 3875 apud
814 3801 1041 3878 Deum,
1090 3810 1154 3859 vt
1190 3798 1241 3860 is
1278 3817 1473 3879 neque
1509 3800 1741 3881 augeri,
1776 3819 1972 3881 neque
2012 3802 2228 3877 minui,
2267 3820 2462 3881 neque
2499 3803 2732 3865 alterari
2775 3802 2978 3882 possit.
3036 3804 3212 3863 loan.
3262 3822 3350 3879 13.

458 3880 547 3937 18.
610 3898 667 3938 2.
731 3879 879 3939 Tim.
940 3898 995 3941 2.
1048 3899 1139 3957 19.
1205 3899 1256 3941 1.
1310 3881 1485 3941 Ioan.
1544 3901 1597 3942 2.
1656 3902 1749 3960 19.
1806 3884 2030 3943 Neuter
2080 3888 2222 3945 vero
2272 3882 2448 3944 nobis
2500 3889 2663 3945 certo
2712 3892 3050 3961 compertus
3089 3892 3198 3943 est.
3256 3885 3350 3945 De

448 3973 699 4019 numero
734 3968 1083 4020 numerante
1120 3978 1243 4020 non
1282 3978 1499 4039 magno
1605 3980 1640 4022 e
1698 3960 1933 4023 solliciti
1974 3980 2102 4023 esse
2140 3964 2447 4024 debemus.
2496 3963 2596 4023 Ad
2634 3980 2942 4023 numerum
2981 3972 3351 4023 numeratum

449 4036 617 4115 quod
674 4036 882 4100 attinet
896 4083 913 4114 ,
955 4048 1019 4100 vt
1058 4037 1306 4117 quisque
1346 4058 1484 4101 man
1565 4050 1629 4103 to
1670 4040 1785 4103 Dei
1822 4051 2052 4103 tenetur
2092 4043 2334 4105 credere
2372 4042 2434 4103 in
2474 4040 2774 4104 Christum
2791 4087 2810 4122 ,
2847 4042 2929 4102 ita
2969 4040 3146 4102 etiam
3187 4062 3250 4105 se
3291 4044 3352 4103 in

449 4116 687 4178 Christo
746 4119 999 4180 electum
1046 4117 1233 4199 ,fuisse
1292 4118 1536 4181 credere
1594 4120 1804 4199 debet,
1873 4142 1899 4182 1
1965 4122 2104 4184 Cor.
2151 4142 2241 4199 13.
2284 4140 2341 4198 7.
2377 4122 2484 4183 sed
2524 4122 2777 4183 maxime
2817 4121 3211 4201 ChristianuS,
3251 4122 3355 4201 qui

454 4208 757 4275 praeterea
792 4198 969 4259 etiam
1008 4197 1085 4259 de
1126 4197 1376 4259 aliorum
1415 4200 1659 4262 fratrum
1698 4199 1989 4262 electione
2030 4204 2330 4263 confidere
2361 4201 2540 4262 debet
2553 4246 2572 4281 ,
2605 4202 2682 4261 de
2716 4201 2842 4263 aliis
2861 4222 2983 4261 non
3005 4204 3319 4281 desperare
3335 4248 3353 4280 ,

448 4274 563 4337 nisi
620 4276 931 4339 manifesta
987 4278 1154 4357 signa
1214 4279 1556 4358 ostendant,
1620 4281 1786 4359 quod
1839 4292 2090 4361 peccent
2125 4282 2205 4343 ad
2243 4292 2518 4343 mortem.
2557 4280 2824 4359 quamuis
2860 4284 3025 4344 nullo
3069 4283 3252 4343 modo
3291 4282 3353 4344 id

450 4365 748 4435 praestare
806 4356 1033 4436 possint
1090 4358 1362 4440 reprobi,
1422 4360 1529 4422 sed
1587 4359 1700 4423 soli
1760 4360 1968 4441 electi,
2013 4359 2118 4439 qui
2157 4361 2397 4441 quidem
2432 4380 2640 4435 omnes
2680 4380 2790 4423 suo
2829 4372 3099 4442 tempore
3135 4360 3198 4422 in
3235 4362 3355 4503 lige

2299 4486 2311 4503 .
3124 4458 3266 4501 mun
3309 4461 3349 4503 o
