3923 4875
1387 379 1808 422 FRAHCISCI
1863 379 2079 431 JUNU
2139 378 2339 421 VITA.
3232 382 3296 421 21

399 542 716 602 constituta
730 586 746 617 ,
805 540 1054 617 pecunia
1104 541 1216 617 ipsi
1255 559 1363 618 per
1403 558 1528 619 me,
1581 558 1760 617 quam
1800 550 1970 617 pater
2012 549 2343 617 curauerat,
2398 538 2589 597 refusa
2628 546 2797 598 esset.
2836 538 2998 597 Dum
3038 538 3189 597 haec
3214 539 3307 602 ‚ab

400 620 504 681 illo
566 631 687 680 tam
739 619 901 679 fideli
933 623 989 679 δι
1017 620 1317 681 laboriosa
1345 636 1489 679 cura
1521 638 1662 698 erga
1687 639 1784 679 me
1820 631 2191 697 gererentur,
2243 619 2439 679 variae
2469 636 2566 677 me
2598 619 2955 693 torquebant
2978 616 3309 695 angustiae,

402 719 551 777 quas
611 698 1054 761 dissimulabam
1107 702 1246 759 cum
1285 699 1443 775 apud
1483 699 1712 759 omneis
1729 744 1748 777 ,
1807 710 1933 759 tum
1974 701 2134 777 apud
2171 700 2331 758 hunc
2370 713 2569 757 meum
2608 696 2903 775 hospitem
2942 694 3310 773 diligentissi-

401 784 498 839 me
514 780 784 839 :aduersa
806 778 1084 841 valetudo
1099 826 1116 857 ,
1151 786 1462 858 συγκοιτον
1485 778 1791 841 cuiusdam
1812 796 1954 856 prae
1974 778 2245 839 sordibus
2264 797 2391 839 non
2410 775 2733 837 admodum
2752 775 2903 855 grati
2920 776 3310 853 consuetudo,

401 859 522 919 loci
581 858 1048 920 incommoditas
1097 861 1176 920 ad
1236 858 1430 919 studia
1480 860 1536 919 &
1579 858 1992 920 meditationes
2034 878 2229 919 sacras
2245 904 2263 937 ,
2319 858 2377 919 δι’
2415 856 2529 917 alia
2571 857 2782 934 multa,
2840 874 2992 933 quae
3032 857 3305 916 consulto

399 949 659 1017 praestat
695 938 946 1000 reticeri.
1001 941 1118 999 Sed
1157 938 1424 1000 omnium
1463 939 1718 999 maxime
1771 938 2035 999 animum
2082 955 2281 999 meum
2328 934 2665 999 sollicitudo
2714 935 2935 997 isthaec
2974 934 3307 1014 cruciabat,

401 1036 479 1078 ne
537 1018 769 1096 grauius
826 1018 1046 1096 hospiti
1089 1038 1225 1079 meo
1265 1029 1387 1078 tam
1426 1018 1694 1080 studioso
1733 1021 1790 1080 &
1828 1018 2057 1079 liberali
2094 1037 2236 1096 erga
2274 1036 2399 1096 me,
2458 1033 2609 1076 onus
2645 1016 3043 1093 importarem.
3105 1016 3306 1091 Quum

403 1098 601 1174 itaque
649 1099 727 1159 de
767 1100 888 1159 hoc
923 1108 1086 1159 metu
1125 1096 1578 1177 pudentissimO,
1617 1102 1673 1161 &
1713 1100 1788 1159 de
1830 1098 2152 1159 commoda
2190 1096 2518 1159 studiorum
2558 1113 2824 1157 meorum
2862 1096 3091 1157 ratione
3130 1113 3307 1172 saepe

401 1178 768 1255 multumque
807 1178 1188 1257 cogitassem,
1227 1179 1382 1238 vltro
1421 1178 1500 1237 ad
1539 1196 1774 1239 menses
1811 1189 2065 1255 quatuor
2103 1176 2382 1239 ieiunium
2420 1176 2547 1255 ipse
2587 1176 2767 1237 indixi
2806 1175 2978 1255 mihi,
3019 1179 3074 1237 &
3096 1175 3303 1236 horam

401 1258 630 1334 prandii
693 1258 754 1317 in
813 1258 1214 1319 ambulatione
1231 1302 1248 1335 ,
1305 1259 1507 1335 legens
1567 1260 1623 1319 &
1683 1257 2033 1319 memoriam
2093 1260 2294 1319 colens
2308 1301 2326 1334 ,
2388 1255 2677 1317 meditans
2690 1302 2707 1334 ,
2768 1274 2944 1317 orans
2982 1253 3303 1332 occupauit

395 1356 643 1428 vespere
689 1347 888 1397 autem
929 1356 1120 1399 coena
1159 1337 1369 1415 frugali
1412 1355 1546 1397 vsus
1587 1355 1746 1415 sum,
1813 1337 2131 1415 plurimum
2172 1338 2423 1399 sorbens
2463 1334 2603 1397 bina
2640 1354 2787 1411 oua,
2846 1338 2903 1396 &
2940 1335 3305 1396 mediocrem

395 1416 520 1477 vim
559 1418 839 1493 cyathum
879 1417 1170 1479 hauriens.
1215 1418 1332 1477 Sed
1375 1436 1446 1477 ex
1487 1416 1764 1477 diuturna
1803 1416 1914 1479 ista
1955 1419 2010 1476 &
2052 1417 2361 1495 peruicace
2400 1415 2596 1477 inedia
2634 1414 2914 1493 paulatim
2953 1434 3050 1475 me
3091 1414 3307 1475 inuasit

397 1498 563 1556 tabes
579 1542 596 1571 ,
655 1499 712 1557 δι
770 1496 852 1557 ita
909 1497 1104 1559 exedit
1162 1496 1445 1575 grauiter,
1497 1508 1563 1557 vt
1621 1498 1774 1558 vires
1827 1516 2035 1558 omnes
2096 1499 2440 1558 exhaustum
2490 1514 2705 1573 corpus
2742 1496 3080 1556 deficerent.
3124 1494 3307 1569 Quod

399 1577 620 1635 malum
661 1586 786 1637 tum
820 1577 1060 1639 demum
1093 1577 1278 1645 sensi,
1318 1593 1502 1652 quum
1543 1575 1894 1637 instantibus
1933 1576 2139 1637 amicis
2178 1580 2234 1638 δι
2264 1578 2463 1637 tabem
2494 1596 2687 1637 meam
2720 1595 2793 1636 ex
2824 1576 2989 1635 vultu
3019 1592 3303 1652 recogno-

405 1655 706 1715 scentibus
719 1700 738 1731 ,
777 1658 855 1717 ad
896 1657 1180 1718 maiorem
1221 1655 1340 1717 cibi
1380 1656 1616 1733 copiam
1656 1657 2005 1718 sumendam
2047 1656 2212 1732 veni,
2255 1658 2310 1716 &
2337 1656 2537 1717 viuere
2564 1654 2785 1717 institui
2803 1653 3125 1715 liberalius:
3168 1673 3307 1713 nam

399 1736 494 1795 vel
532 1734 744 1811 indusij
778 1736 959 1797 solius
999 1756 1181 1797 onere
1221 1736 1590 1814 praegrauati
1629 1736 1775 1796 mihi
1813 1740 1942 1797 esse
1981 1736 2209 1797 humeri
2244 1736 2611 1797 videbantur.
2654 1737 2774 1796 Sed
2813 1735 3172 1795 confirmans
3211 1754 3307 1794 me

402 1816 564 1875 Deus
623 1824 760 1892 post
814 1816 962 1876 illud
1023 1826 1254 1893 tempus
1272 1861 1290 1893 ,
1346 1817 1502 1876 lente
1561 1815 1808 1877 restituit
1865 1816 2265 1878 valetudinem
2278 1862 2295 1894 ,
2355 1833 2532 1894 quam
2591 1817 2727 1876 tabe
2769 1817 2929 1876 lenta
2966 1812 3309 1891 imprudens

405 1894 742 1954 afflixeram.
805 1899 1038 1957 Interea
1099 1907 1366 1956 metuens
1419 1905 1586 1974 pater
1645 1914 1722 1957 ne
1780 1897 1856 1957 ad
1914 1896 2215 1957 literarum
2266 1914 2562 1957 sacrarum
2602 1894 2794 1956 studia
2830 1893 3092 1954 animum
3132 1895 3307 1971 plane

405 1972 720 2035 adiicerem
733 2020 751 2052 ,
810 1978 1088 2037 confecta
1146 1995 1293 2053 pace
1351 1975 1414 2035 in
1472 1994 1658 2053 regno
1717 1977 1945 2037 Galliae
1986 1980 2041 2038 δι
2083 1976 2337 2055 publicis
2376 1977 2553 2036 rebus
2590 1986 2909 2051 vtcumque
2948 1972 3310 2051 constitutis,

399 2053 712 2131 pecuniam
773 2055 917 2115 mihi
957 2057 1237 2117 Geneuae
1275 2056 1570 2117 numerari
1610 2056 1774 2117 iubet
1787 2101 1804 2135 ,
1865 2057 2156 2134 certisque
2192 2055 2373 2116 literis
2412 2054 2691 2133 imperat,
2749 2066 2813 2114 vt
2850 2054 3133 2115 dissoluto
3172 2072 3308 2114 aere

399 2132 596 2194 alieno
653 2152 750 2193 res
802 2154 966 2195 meas
1025 2144 1422 2213 comportem,
1483 2138 1540 2195 &
1597 2134 2032 2213 quamprimum
2093 2138 2173 2197 ad
2229 2154 2293 2197 se
2352 2148 2608 2196 reuertar
2654 2135 2930 2213 domum,
2988 2137 3308 2212 propterea

401 2212 720 2290 pecuniam
758 2214 1046 2292 reliquam
1085 2214 1164 2273 ad
1203 2214 1485 2275 viaticum
1522 2218 1716 2276 solum
1752 2215 2050 2276 numerari
2080 2214 2221 2277 mihi
2242 2214 2511 2276 voluisse.
2552 2217 2695 2275 Erat
2712 2212 2953 2291 quidem
2972 2224 3307 2290 pergratum

406 2292 557 2369 patri
571 2338 588 2370 ,
629 2302 692 2353 vt
729 2295 1009 2371 pietatem
1051 2294 1332 2355 haberem
1371 2296 1532 2372 apud
1571 2314 1668 2355 me
1689 2317 1704 2355 ε
1725 2298 1834 2357 sed
1865 2315 1961 2357 me
1998 2314 2131 2357 eam
2152 2296 2368 2357 docere
2382 2340 2401 2372 ,
2438 2298 2495 2355 δι
2514 2294 2827 2355 vocatione
2848 2304 3011 2353 certa
3029 2291 3311 2371 profiteri,

407 2371 578 2432 vinus
637 2391 762 2434 non
817 2374 1020 2435 fuisset
1078 2392 1283 2452 passus
1305 2420 1322 2451 ,
1382 2374 1888 2451 quemadmodum
1947 2380 2155 2454 postea
2194 2395 2269 2435 ex
2305 2384 2487 2434 matre
2526 2374 2740 2435 didici:
2763 2372 3105 2452 praesertim
3144 2372 3309 2450 quod

410 2452 656 2530 diceret,
709 2453 757 2514 si
806 2455 972 2530 quod
1043 2473 1256 2516 munus
1306 2455 1568 2516 subirem
1619 2455 1942 2534 eiusmodi,
1994 2475 2057 2518 se
2096 2457 2237 2516 nihil
2274 2473 2532 2532 vnquam
2574 2454 2889 2532 voluptatis
2931 2474 3005 2514 ex
3042 2474 3141 2514 me
3180 2473 3308 2530 per-

404 2541 732 2609 cepturum.
777 2534 910 2613 Ego
949 2544 1180 2613 autem,
1220 2534 1386 2595 cuius
1426 2535 1690 2596 animum
1729 2535 1930 2596 diuina
1970 2553 2176 2596 manus
2218 2534 2561 2626 antegressis
2600 2537 2776 2595 rebus
2818 2533 3102 2594 malitiam
3137 2532 3309 2608 huius

403 2611 584 2672 seculi
598 2657 616 2690 ,
665 2623 1072 2692 contemptum
1112 2614 1344 2693 mundi,
1403 2617 1458 2675 δι
1498 2615 1689 2676 crucis
1729 2617 2125 2694 Euangelicae
2166 2614 2625 2676 Christianarum
2662 2613 2949 2674 mentium
2990 2619 3308 2691 συντρόφου

402 2690 710 2752 vtilitatem
769 2695 1082 2771 docuerat,
1143 2695 1202 2754 in
1255 2694 1542 2754 sententia
1599 2713 1762 2756 eram
1820 2698 1997 2773 plane
2054 2695 2287 2757 diuersa
2343 2697 2381 2754 a
2420 2693 2704 2755 sententia
2744 2693 2943 2771 patris.
2998 2691 3104 2752 sed
3167 2689 3311 2766 quid

403 2769 674 2848 agerem?
711 2772 850 2834 hinc
869 2771 1058 2834 iussus
1078 2777 1135 2834 &
1175 2773 1487 2851 imperium
1508 2775 1717 2853 patris,
1757 2775 1918 2835 illinc
1937 2776 2199 2836 studium
2219 2776 2274 2834 &
2294 2773 2659 2834 conscientia
2678 2775 2972 2851 quaedam
2992 2769 3311 2832 voluntatis

403 2849 520 2910 Dei
553 2870 649 2911 me
691 2853 858 2928 quasi
897 2851 1194 2914 diuersum
1229 2853 1661 2915 distrahebant:
1703 2874 1816 2915 nec
1849 2855 1952 2916 via
1990 2855 2163 2915 facile
2203 2853 2575 2932 aperiebatur
2596 2852 2773 2933 mihi,
2814 2871 2933 2930 qua
2952 2850 3150 2913 studio
3171 2868 3309 2911 meo

405 2929 802 2992 satisfacerem
819 2979 836 3011 ,
899 2935 955 2994 &
1015 2935 1298 2994 mandato
1359 2934 1558 3011 patris.
1620 2936 1955 2996 Commode
2016 2946 2209 2995 autem
2272 2953 2379 3011 per
2434 2933 2579 2994 illud
2642 2943 2873 3011 tempus
2910 2935 2987 2992 D.
3030 2928 3311 2992 Claudius

405 3010 742 3089 Preuotius,
799 3012 889 3072 vir
949 3013 1323 3074 doctissimus
1383 3017 1440 3074 &
1479 3015 1632 3092 patri
1669 3014 1789 3075 iam
1829 3015 1975 3076 olim
2014 3013 2339 3090 familiaris,
2400 3012 2462 3072 in
2502 3013 2754 3092 patriam
2794 3011 3279 3090 proficiscebatur
3294 3056 3311 3084 ,

403 3089 765 3152 Vxelloduni
802 3094 1106 3153 functurus
1143 3093 1466 3155 ministerio
1506 3094 1675 3155 verbi
1690 3097 1877 3154 :hunc
1919 3089 2033 3173 ego
2073 3093 2253 3154 literis
2290 3092 2533 3153 instruxi
2566 3094 2644 3152 ad
2682 3103 2915 3186 patrem
2931 3137 2949 3171 ,
2986 3090 3199 3168 quibus
3218 3109 3314 3151 me

403 3172 442 3228 a
483 3170 905 3232 commoditate
945 3173 1272 3234 studiorum
1312 3192 1582 3242 meorum
1620 3177 1989 3242 excusabam,
2016 3173 2167 3250 patri
2182 3219 2199 3250 ,
2260 3191 2475 3251 rogans
2536 3192 2611 3233 ne
2650 3171 3076 3233 diuturniorem
3116 3189 3313 3231 meam
3390 3184 3397 3190 ·

407 3250 943 3312 commorationem
984 3255 1268 3313 Geneuae
1307 3257 1485 3314 ferret
1523 3253 1776 3330 iniquius
1793 3300 1810 3331 ,
1853 3255 1959 3314 sed
1993 3253 2140 3314 illud
2168 3251 2380 3313 rationi
2400 3251 2729 3313 studiorum
2750 3269 3021 3314 meorum
3042 3253 3097 3312 &
3116 3259 3313 3328 postu-

402 3329 522 3388 lato
563 3349 702 3392 meo
732 3333 1170 3408 pernecessario
1209 3331 1564 3412 indulgeret:
1605 3333 1770 3394 cuius
1811 3333 1894 3393 rei
1927 3335 2002 3392 D.
2025 3331 2363 3394 Preuotium
2394 3343 2604 3393 testem
2624 3335 2749 3393 fore
2769 3331 3309 3410 locupletissimum.

410 3407 571 3469 Eece
621 3421 847 3489 autem,
904 3415 1201 3488 profectus
1240 3413 1381 3474 inde
1419 3413 1728 3474 Preuotius
1769 3423 2085 3489 antequam
2123 3414 2269 3472 fines
2310 3411 2637 3490 Biturigum
2678 3411 3111 3491 destrinxisset,
3150 3420 3316 3488 pater

405 3500 650 3549 cruenta
689 3501 880 3550 morte
922 3492 1242 3553 occiderat.
1275 3495 1340 3569 (f.
1369 3501 1480 3569 13.)
1522 3493 1736 3554 Caedis
1776 3494 1925 3553 haec
1965 3492 2074 3552 fuit
2112 3490 2369 3553 occasi0.
2410 3491 2769 3552 Vxelloduni
2808 3511 2929 3569 quo
2950 3490 3045 3552 die
3060 3491 3314 3550 celebra-

408 3567 581 3628 batur
604 3570 816 3630 festum
835 3571 1104 3648 corporis
1125 3572 1368 3632 Domini
1401 3576 1492 3648 (vt
1529 3576 1768 3648 vocant)
1809 3582 1947 3649 post
1986 3571 2475 3649 supplicationem
2514 3572 2814 3649 publicam
2856 3573 3058 3648 (vulgo
3078 3573 3317 3630 Proces-

411 3648 637 3709 sionem
697 3648 928 3731 dicunt)
985 3652 1217 3712 animus
1273 3653 1649 3729 quorundam
1696 3651 2140 3713 Pontificiorum
2189 3653 2341 3712 male
2381 3650 2720 3712 feriatorum
2759 3651 2971 3712 exarsit
3009 3651 3161 3710 adeo
3176 3695 3194 3727 ,
3254 3660 3316 3707 vt

414 3730 668 3788 tinnultu
707 3728 907 3804 inique
945 3741 1174 3808 praeter
1211 3732 1373 3809 pacis
1413 3732 1662 3794 recentis
1699 3733 1859 3808 leges
1889 3731 2143 3792 excitato
2163 3730 2226 3792 in
2246 3731 2753 3792 Ecclesiasterium
2777 3731 2901 3792 siue
2922 3730 3315 3809 proseucham

423 3817 764 3869 nostrorum
802 3809 1088 3872 irruerent
1102 3855 1119 3888 ‚
1180 3812 1453 3887 ferroque
1494 3814 1549 3872 &
1589 3813 1825 3871 flamma
1863 3823 2264 3889 grassarentur
2322 3809 2675 3887 promiscue.
2734 3813 2877 3871 Hoc
2938 3809 3197 3870 facinore
3235 3808 3315 3867 ad

417 3891 646 3965 Regem
697 3890 922 3966 perlato
939 3936 957 3968 ,
1010 3889 1228 3967 placuit
1279 3891 1530 3952 consilio
1584 3889 2008 3967 quaesitionem
2048 3890 2253 3952 haberi
2293 3893 2348 3950 δι
2388 3891 2673 3968 cognosci
2715 3891 2789 3951 de
2832 3909 2905 3950 eo
2944 3908 3051 3966 per
3086 3897 3315 3966 patrem

416 3967 815 4044 iudiciumque
863 3970 940 4028 de
989 3969 1328 4031 auctoribus
1375 3972 1453 4031 ad
1507 3973 1840 4047 exemplum
1889 3971 2065 4032 statui
2110 3972 2285 4048 plena
2328 3979 2617 4046 potestate
2656 3973 2711 4031 δι
2751 3968 3094 4030 auctoritate
3131 3966 3309 4045 regia.

416 4047 697 4126 Diploma
754 4047 970 4127 accipit
1027 4061 1194 4128 pater
1251 4050 1311 4109 in
1353 4051 1508 4110 hanc
1547 4050 1913 4111 sententiam.
1953 4054 2061 4111 Ille
2100 4049 2410 4110 consilium
2450 4065 2621 4108 suurn
2662 4048 3029 4110 dissimulans
3044 4094 3061 4128 ,
3122 4067 3194 4107 ac
3236 4065 3312 4106 ne

418 4126 590 4187 matri
640 4127 883 4204 quidem
925 4129 1206 4190 metuenti
1243 4132 1300 4189 &
1341 4129 1624 4190 sollicitae
1664 4129 1740 4189 de
1779 4131 1890 4190 hac
1931 4150 1995 4190 re
2034 4129 2334 4207 explicans
2349 4174 2365 4204 ,
2429 4145 2567 4188 cum
2608 4146 2716 4190 suo
2756 4128 3036 4189 comitatu
3074 4129 3312 4187 Vxello-

415 4207 642 4266 dunum
684 4207 873 4284 venit,
933 4219 996 4268 vt
1034 4229 1208 4287 saepe
1269 4211 1502 4270 fecerat.
1542 4209 1832 4270 Satellites
1872 4219 2037 4270 extra
2076 4209 2323 4287 opidum
2363 4210 2479 4268 huc
2518 4208 2658 4270 illuc
2692 4210 2953 4287 ablegat,
3011 4219 3311 4284 tamquam

414 4285 573 4347 aliud
633 4305 842 4364 agens:
901 4287 1028 4365 ipse
1068 4289 1124 4348 in
1168 4287 1426 4366 hospitio
1467 4291 1626 4350 velut
1667 4307 2014 4367 responsum
2056 4298 2401 4366 exspectans
2438 4287 2724 4360 subsistit,
2784 4288 2969 4350 tribus
3006 4289 3197 4348 solum
3238 4287 3314 4346 de

417 4365 702 4427 comitatu
741 4366 1065 4429 asseruatis.
1107 4369 1230 4430 Hic
1258 4370 1428 4447 plebs
1456 4379 1696 4448 repente
1718 4387 2056 4448 exsurgere:
2100 4368 2350 4446 curiam,
2395 4370 2556 4448 fora,
2591 4379 2790 4446 portas
2810 4368 2975 4447 opidi
2992 4384 3314 4446 occupare:

2996 4446 3313 4524 hospitium
