3923 4875
635 363 711 422 30
1558 359 1984 403 FRANCISCI
2037 359 2254 412 JUNH
2313 359 2516 405 vlTA.

630 536 704 578 eo
744 517 1026 594 tumultu,
1063 517 1119 576 δι
1158 515 1385 577 omneis
1425 515 1529 593 qui
1566 514 1731 575 domi
1751 523 1916 574 erant
1935 515 2298 592 compescui.
2334 515 2624 577 Postridie
2643 514 3034 611 Limburgum
3052 518 3341 580 abductus
3367 535 3494 578 sum
3507 561 3526 595 ,

630 595 732 657 vbi
768 561 1141 674 Magistratus
1181 613 1424 674 operam
1464 615 1657 657 meam
1697 614 1760 656 se
1796 605 2039 655 auctore
2079 595 2316 673 negauit
2355 596 2786 674 occupandam.
2825 597 3274 690 Indignanfibus
3310 597 3524 677 bonis,

630 675 689 735 in
704 692 949 767 pagum
988 695 1191 736 remeo
1232 677 1334 754 qui
1374 675 1589 738 dicitur
1628 674 2051 766 Summaniurn.
2091 675 2207 736 Die
2246 676 2493 736 Veneris
2506 721 2524 756 ,
2564 675 2667 754 qui
2711 676 2838 739 dies
2858 689 2983 740 erat
3001 677 3282 740 Octobris
3296 679 3518 738 XVIII.

628 754 882 833 primam
924 755 1083 834 apud
1107 755 1575 848 ’Limburgenses
1613 753 1986 816 concionem
2007 753 2246 816 habui
2227 775 2290 816 ιιι
2331 775 2544 834 campo
2582 775 2708 817 non
2745 759 2956 834 procul
2997 760 3234 849 Herua,
3273 761 3393 850 qua
3410 755 3524 817 itur

629 834 923 897 Leodium
937 881 955 914 ,
1014 835 1153 897 satis
1212 856 1428 929 magna
1466 835 1822 914 frequentia:
1879 833 1983 895 vbi
2021 833 2110 894 vir
2148 834 2392 913 quidam
2430 834 2652 896 adstitit
2689 839 2728 895 a
2767 846 2936 929 tergo
2977 836 3149 916 mihi,
3194 837 3297 930 qui
3335 857 3522 898 arma-

628 926 723 976 tus
762 917 1055 976 venabulo
1094 920 1230 977 ante
1269 915 1559 977 iurauerat
1596 935 1694 976 me
1732 919 1769 974 a
1806 933 1870 974 se
1910 913 2173 974 occisum
2212 914 2316 994 iri,
2355 915 2406 976 si
2442 917 2538 976 vel
2575 916 2654 976 ad
2693 882 3149 995 longitudinem
3141 916 3230 978 sui
3249 916 3526 978 venabuli

630 1015 727 1056 me
783 1007 984 1073 posset
1040 997 1339 1058 accedere.
1400 995 1726 1056 Hominem
1787 992 1973 1085 fregit
2020 995 2184 1055 Deus
2239 959 2469 1073 in’tegro
2529 996 2852 1075 venabulo,
2911 999 3065 1058 adeo
3110 1007 3174 1058 vt
3211 997 3523 1090 tranquille

630 1085 827 1136 mente
867 1077 1198 1168 composita
1238 1094 1575 1137 sermonem
1616 1074 1797 1152 ipsius
1837 1072 2142 1134 audiuerit.
2184 1077 2242 1134 A
2279 1074 2570 1136 concione
2611 1077 2880 1138 Heruarn
2917 1077 3185 1170 pransuri
3223 1077 3492 1138 venimus
3505 1123 3523 1156 ,

625 1155 793 1233 quasi
840 1175 952 1232 130
990 1155 1126 1248 viri:
1183 1157 1518 1256 eodemque
1560 1152 2002 1232 Limburgensis
2037 1155 2294 1232 Legatus
2333 1157 2575 1216 aduolat
2615 1171 2752 1216 cum
2793 1156 3097 1235 satelliti0,
3138 1167 3201 1218 vt
3233 1177 3330 1218 me
3361 1175 3523 1218 com·

624 1237 982 1314 prehendat,
1023 1235 1074 1297 si
1113 1246 1287 1314 pote:
1331 1235 1683 1314 signumque
1718 1233 1848 1294 dari
1886 1251 1961 1293 ex
1999 1234 2150 1294 aede
2188 1233 2377 1312 iubet,
2419 1254 2582 1296 arma
2601 1234 2837 1312 publice
2857 1202 3247 1328 conclamari,
3285 1238 3524 1316 plebem

622 1333 900 1377 accurere
940 1333 1015 1376 ex
1054 1315 1402 1395 propinquis
1440 1315 1626 1392 pagis.
1666 1311 1853 1374 Ieiuni
1892 1313 2089 1373 adhuc
2125 1315 2462 1391 procedunt
2494 1315 2682 1376 nostri
2695 1360 2713 1394 ,
2756 1335 2958 1377 mensa
2975 1316 3206 1396 relicta,
3247 1318 3324 1378 ad
3344 1334 3524 1408 quam

622 1413 1007 1474 coeperamus
1026 1397 1412 1457 accumbere.
1454 1393 1727 1472 strepitus
1748 1393 1968 1453 editur.
2012 1392 2073 1453 in
2113 1393 2290 1455 armis
2329 1403 2486 1456 stant
2523 1413 2666 1473 prae
2705 1395 2930 1457 foribus
2968 1397 3025 1456 &
3064 1397 3292 1458 omneis
3331 1396 3526 1458 aditus

622 1475 1148 1567 circummuniant,
1208 1495 1284 1536 ne
1338 1492 1519 1552 quam
1558 1473 1680 1534 vim
1720 1484 1978 1552 paterer,
2037 1483 2138 1533 aut
2175 1485 2471 1553 pateretur
2510 1476 2743 1536 domus,
2781 1477 2914 1567 Ego
2954 1479 3096 1537 vero
3135 1478 3330 1538 bonos
3345 1523 3364 1556 ,
3424 1476 3528 1554 qui

621 1556 700 1616 ad
738 1575 834 1616 me
880 1523 1148 1616 vicissim
1174 1555 1577 1616 aduentabant
1616 1553 1803 1631 intro,
1835 1555 2157 1615 nonnullos
2195 1572 2449 1632 moneo,
2490 1553 2539 1614 si
2569 1571 2697 1646 qua
2717 1555 2834 1615 alia
2853 1556 3003 1616 ratio
3023 1555 3276 1617 inueniri
3295 1567 3526 1636 potest,

620 1634 973 1736 prouideant
1009 1633 1479 1714 diligentissime,
1520 1644 1585 1694 vt
1623 1637 1661 1692 a
1700 1650 1901 1711 pugna
1940 1633 2302 1694 abstineatur
2340 1633 2700 1712 grauissimis
2738 1635 2906 1696 malis
2946 1635 3174 1697 omneis
3213 1637 3527 1697 affectura:

621 1713 685 1774 id
722 1713 917 1806 potius
957 1716 1115 1807 dent.
1140 1734 1415 1792 operam,
1457 1723 1521 1775 vt
1560 1716 1807 1774 honeste
1846 1714 1925 1774 de
1965 1715 2104 1774 loco
2145 1714 2427 1775 abeamus
2467 1717 2632 1792 ante,
2671 1718 2852 1792 quam
2891 1715 3157 1776 veniatur
3195 1717 3274 1777 ad
3295 1733 3524 1776 manus.

622 1793 847 1854 Placuit
882 1813 977 1855 res
1018 1793 1149 1872 vni,
1188 1795 1245 1854 &
1284 1794 1427 1854 item
1464 1792 1660 1854 alteri.
1704 1792 1805 1872 qui
1844 1793 2079 1871 postico
2119 1793 2338 1872 egressi
2378 1795 2739 1872 abrumpunt
2778 1813 3012 1875 sepem,
3053 1797 3109 1856 &
3137 1795 3312 1857 nobis
3335 1815 3524 1874 egres-

619 1873 697 1934 sis
754 1871 901 1934 alios
960 1873 1278 1935 inclamant
1336 1873 1643 1934 accinctos
1700 1890 1968 1951 pugnae:
2035 1873 2356 1934 ostendunt
2413 1893 2526 1934 nos
2565 1877 2727 1935 recta
2767 1840 3160 1955 Limburgum
3197 1875 3521 1953 proficisci.

617 1951 939 2014 consultius
1010 1955 1165 2032 fore,
1224 1965 1289 2015 vt
1346 1973 1443 2014 me
1500 1955 1833 2045 frequentes
1892 1963 2342 2031 prosequantur.
2419 1955 2626 2030 Itaque
2687 1965 3010 2031 sequuntur
3068 1975 3276 2016 omnes
3333 1955 3523 2035 illico,

616 2039 829 2111 meque
852 1999 1257 2126 ‘Limburgum
1296 2033 1597 2095 deducunt
1637 2031 2030 2125 incolumem,
2073 2033 2174 2094 vbi
2211 2032 2270 2092 in
2311 2035 2538 2110 templo
2579 2033 2674 2094 die
2716 2034 3034 2096 Dominico
3047 2081 3066 2110 ,
3107 2035 3211 2128 qui
3230 2037 3366 2114 XX,
3401 2046 3528 2096 erat

618 2111 899 2172 Octobris
913 2159 930 2191 ,
993 2113 1313 2174 conciones
1352 2114 1573 2175 habere
1609 2113 1811 2205 coepi,
1876 2110 2297 2174 demirantibus
2339 2113 2695 2192 Pontificiis,
2744 2114 2799 2173 δι
2839 2115 3242 2193 Anabaptistis
3284 2132 3524 2193 quoque

618 2190 702 2268 (hi
763 2191 922 2253 enim
974 2196 1293 2271 permultas
1344 2193 1469 2271 pias
1529 2191 1753 2254 animas
1806 2192 1867 2252 in
1917 2193 2057 2254 loco
2109 2194 2508 2270 turbauerant)
2548 2193 2933 2271 ringentibus.
2992 2198 3133 2256 Post
3173 2194 3524 2257 concionem

618 2274 791 2331 mane
854 2271 915 2331 in
948 2275 1196 2364 templo
1248 2273 1542 2346 habitam,
1602 2272 1727 2333 sine
1767 2290 1937 2333 mora
1976 2271 2054 2332 ad
2091 2274 2214 2333 duo
2254 2274 2440 2334 ferme
2479 2272 2746 2334 milliaria
2785 2275 2864 2334 ab
2903 2276 3048 2336 vrbe
3084 2273 3429 2353 proficiscor
3463 2274 3525 2335 in

618 2353 822 2412 locum
862 2351 965 2430 qui
1002 2356 1183 2446 vulgo
1224 2355 1397 2416 Altus
1428 2319 1549 2414 Dei
1587 2371 1763 2414 mons
1799 2353 2157 2445 appellatur,
2215 2352 2510 2413 Leodium
2551 2370 2782 2447 versus,
2822 2363 2886 2415 vt
2923 2354 3007 2416 ibi
3060 2355 3273 2416 iterum
3313 2353 3524 2416 concio

620 2432 1291 2497 haberetur.1ndictus
1330 2444 1527 2494 autem
1568 2434 1757 2493 suerat
1794 2431 1893 2493 ille
1933 2431 2242 2494 concionis
2280 2433 2450 2494 locus
2487 2433 2567 2493 ad
2603 2431 2763 2496 diem
2805 2432 2973 2495 illum
3013 2439 3264 2514 temere,
3323 2433 3526 2496 incon-

617 2514 771 2573 sulto
832 2533 928 2574 me
989 2523 1165 2591 atque
1224 2515 1596 2606 improbante
1656 2514 1899 2574 factum.
1940 2513 2059 2573 Sed
2098 2512 2238 2591 quia
2275 2514 2530 2591 populus
2569 2532 2646 2574 ex
2683 2513 2923 2592 regione
2963 2525 3090 2577 tota
3127 2526 3524 2577 conuenturus

617 2593 945 2672 frequentia
987 2592 1243 2655 maxima
1278 2596 1369 2671 (vt
1406 2591 1571 2669 fecit)
1612 2592 1952 2670 dicebatur,
1994 2592 2263 2672 quamuis
2303 2592 2380 2653 de
2399 2592 2690 2685 periculo·
2684 2597 2870 2655 factus
2889 2594 3270 2673 impendente
3289 2594 3525 2674 certior,

616 2673 781 2734 nolui
839 2673 1159 2736 desiderari
1222 2672 1485 2735 officium
1545 2688 1743 2733 meum
1758 2718 1777 2751 ,
1837 2682 1939 2733 aut
1977 2673 2210 2751 aspergi
2253 2672 2396 2731 mihi
2433 2674 2630 2733 labem
2675 2673 2974 2753 ignauiae,
3034 2675 3095 2735 in
3137 2674 3536 2735 ministerium·

619 2752 923 2832 Euangelij
938 2800 955 2831 ,
1015 2753 1181 2832 quod
1240 2752 1385 2814 mihi
1443 2750 1849 2814 concreditum
1908 2762 2028 2832 est,
2088 2768 2440 2813 recasuram.
2499 2754 2879 2815 Habentibus
2931 2754 3128 2831 itaque
3170 2754 3524 2816 concionem

615 2834 818 2912 nobiS,
858 2833 1161 2895 vniuersus
1198 2834 1453 2912 populus
1494 2852 1557 2893 se
1595 2832 1687 2893 bis
1727 2832 1789 2893 in
1826 2834 2030 2910 fugam
2070 2831 2260 2910 dedit,
2301 2831 2439 2893 licet
2477 2850 2822 2895 reuocat-em
2854 2850 2988 2894 eum
3029 2834 3214 2894 serio·
3247 2834 3340 2895 bis
3369 2838 3408 2894 a
3429 2854 3524 2894 me

617 2916 965 2974 recollectus
1004 2924 1125 2994 est,
1179 2930 1363 2990 quum
1422 2911 1625 2973 fuisset
1655 2911 1919 3003 primum
1957 2912 2287 2973 concitatus
2324 2912 2552 2973 incerto
2593 2930 2832 2974 rumore
2871 2932 2944 2973 ac
2982 2913 3202 2974 nuncio
3243 2916 3490 2992 puerulo
3505 2958 3522 2992 ,

616 2992 831 3054 deinde
892 2997 1031 3055 vero
1087 2960 1371 3071 adspectu
1413 2990 1765 3053 conterritus
1780 3037 1798 3070 ,
1851 2992 2019 3083 quod
2059 2990 2382 3069 equitatum
2423 2992 2559 3054 satis
2596 3010 2979 3054 numerosum
3019 2996 3180 3069 (nam
3218 2993 3388 3072 quasi
3429 2997 3524 3054 80.

618 3072 795 3133 fuisse
834 3072 1133 3149 dicuntur)
1171 3073 1233 3133 in
1274 3072 1453 3134 armis
1493 3075 1529 3132 a
1570 3070 1889 3132 Leodiensi
1929 3069 2234 3150 Episcopo
2275 3070 2631 3134 submissum
2651 3074 2731 3133 ad
2753 3074 3386 3164 comprehendendum
3409 3092 3526 3153 me,

618 3153 673 3210 δι
711 3151 829 3211 iam
870 3154 1332 3215 descendentem
1376 3157 1439 3212 in
1476 3154 1691 3213 vallem
1730 3149 2056 3212 subiectam
2095 3152 2174 3211 ad
2215 3170 2324 3211 nos
2363 3152 2917 3215 animaduerterent.
2958 3153 3283 3214 Plurimum
3304 3152 3402 3215 die
3423 3118 3526 3213 illo

616 3250 712 3291 me
752 3234 945 3310 DeuS,
986 3232 1307 3311 plurimum
1346 3232 1555 3310 populi
1594 3230 1749 3291 illius
1790 3229 2083 3310 animum,
2124 3231 2202 3292 ad
2243 3252 2340 3292 me
2361 3230 2676 3293 immotum
2698 3232 3106 3326 respicientiS,
3133 3232 3521 3295 confirmauit:

614 3311 766 3372 adeo
823 3320 888 3371 vt
948 3328 1132 3390 quum
1193 3329 1375 3391 eques
1433 3312 1514 3373 ad
1572 3322 1803 3403 tergum
1843 3326 2043 3371 meum
2082 3312 2411 3372 secundum
2453 3330 2622 3390 spem
2661 3313 3028 3391 accessisset,
3088 3313 3170 3373 illi
3213 3316 3423 3374 contra
3463 3312 3526 3372 in

614 3390 788 3451 armis
830 3393 1134 3454 obstarent
1172 3392 1250 3453 ad
1288 3410 1489 3470 sepem
1534 3390 1785 3452 restituti
1800 3436 1831 3482 ,
1874 3390 2327 3470 quibuscunque
2367 3393 2604 3452 fuerunt
2642 3410 2823 3453 arma.
2868 3392 3061 3453 Etiam
3103 3391 3524 3484 lapidationem

613 3469 900 3531 faeminae
940 3472 1161 3533 multae
1199 3470 1572 3532 minabantur
1612 3473 1774 3546 (nam
1814 3469 1924 3531 iter
1964 3482 2091 3531 erat
2129 3482 2442 3563 angustum
2475 3472 2760 3549 equitatui
2787 3474 2844 3531 &
2869 3477 3175 3565 praeceps)
3207 3474 3263 3533 ὅτ
3283 3471 3526 3533 fuissent

612 3552 907 3629 facturae,
962 3550 1074 3612 nisi
1129 3550 1299 3612 vnius
1352 3561 1453 3611 aut
1494 3549 1727 3611 alterius
1765 3549 1873 3609 viri
1914 3550 2132 3612 nobilis
2145 3598 2165 3631 ,
2225 3550 2326 3631 qui
2363 3561 2490 3611 tum
2529 3550 2744 3629 adfuit,
2806 3552 3150 3614 detinuisset
3187 3551 3523 3613 auctoritas.

614 3628 713 3689 Sic
752 3628 835 3690 illi
872 3650 937 3691 re
977 3630 1195 3692 infecta
1233 3630 1544 3692 abiuerunt
1574 3634 1611 3690 a
1651 3628 1859 3707 nobiS,
1902 3632 1957 3689 δι
1999 3650 2113 3708 ego
2155 3630 2354 3691 reveni
2393 3631 2642 3692 domum
2681 3634 2760 3692 ad
2798 3631 3099 3724 hospitem
3135 3648 3332 3693 meum
3365 3631 3523 3692 Lim-

611 3711 993 3801 burgensem,
1036 3711 1137 3773 vbi
1178 3710 1437 3771 maxima
1477 3727 1613 3771 cum
1660 3674 1964 3787 volup’tate
2003 3711 2171 3790 quasi
2211 3710 2582 3772 sennannum
2620 3712 2932 3773 aedificaul
2971 3713 3216 3773 domum
3256 3711 3522 3773 Domini.

611 3790 776 3850 Huic
816 3795 957 3853 vero
999 3790 1434 3853 confirmationi
1472 3789 1661 3851 sancti
1700 3788 2004 3865 ministerii
2046 3801 2184 3868 post
2214 3791 2624 3853 hebdomadas
2659 3791 2826 3870 quasi
2844 3791 2990 3852 duas
3011 3794 3263 3853 alterurn
3284 3808 3526 3869 quoque

610 3868 975 3948 signaculum
1018 3870 1287 3933 adhibuit
1324 3873 1489 3932 Deus
1504 3916 1521 3949 ,
1578 3868 1913 3930 admirabili
1954 3870 2345 3947 prouidentia.
2385 3872 2529 3932 Erat
2568 3870 2628 3931 ιιι
2673 3891 2831 3950 pago
2870 3870 3220 3933 Leodiensis
3261 3872 3525 3948 (opinor)

608 3950 733 4028 agri
772 3951 868 4011 cui
906 3960 943 4010 a
976 3954 1127 4013 valle
1159 3950 1525 4028 Dionysiana
1563 3968 1817 4041 nomen,
1858 3949 2112 4010 faemina
2150 3951 2440 4042 quaedam
2483 3969 2663 4029 anus,
2707 3955 2934 4013 habens
2975 3968 3352 4011 numerosam
3391 3970 3524 4028 pro·

606 4032 753 4108 lem,
796 4048 947 4107 quae
990 4048 1127 4093 cum
1168 4030 1581 4107 desperatione
1624 3994 1968 4108 grauissima
2005 4031 2489 4111 conflrctabatur,
2530 4050 2594 4092 se
2635 4032 2691 4091 &
2711 4032 2930 4093 liberos
2971 4048 3110 4091 suos
3146 4033 3184 4090 a
3222 4033 3356 4091 Deo
3397 4050 3526 4092 esse

610 4110 921 4171 damnatos
960 4110 1021 4170 in
1066 4110 1543 4172 maledictionem
1584 4121 1883 4171 aeternam
1922 4109 2291 4203 praedicans.
2331 4112 2402 4171 In
2439 4076 2554 4171 li’ac
2594 4121 2792 4172 autem
2835 4109 3248 4203 desperatione
3287 4110 3406 4171 iam
3449 4110 3526 4170 ad

612 4208 802 4250 annos
843 4190 1093 4267 amplius
1122 4191 1263 4252 treis
1297 4193 1353 4250 δι
1388 4191 1598 4253 decem
1632 4188 1909 4252 immersa
1940 4192 2155 4250 fuerat:
2179 4189 2437 4267 ideoque
2478 4189 2715 4267 saepius
2734 4189 3078 4252 exorcismis
3099 4192 3154 4250 δι
3173 4189 3527 4267 baptisteriis

616 4271 776 4329 velut
823 4270 1212 4331 daemoniaca
1262 4290 1367 4349 per
1418 4270 1789 4332 Sacrificulos
1830 4279 2054 4330 tentata
2069 4314 2086 4349 ,
2138 4289 2314 4348 saepe
2353 4268 2638 4331 vinculis
2646 4290 2753 4348 per
2797 4270 3022 4330 vicinos
3063 4269 3524 4347 verberibusque

618 4350 893 4411 cruciata.
934 4352 1275 4427 Vagabatur
1303 4350 1403 4411 illa
1442 4368 1580 4412 cum
1620 4348 1755 4411 feris
1796 4368 1901 4427 per
1940 4349 2149 4430 siluas,
2190 4352 2245 4411 δι
2281 4366 2665 4427 congressum
2699 4352 2766 4427 (f.
2797 4355 2911 4431 19.)
2945 4350 3214 4411 omnium
3234 4350 3530 4490 fugiebffii:²

3297 4448 3433 4489 vmc
