3923 4875
3764 0 3793 59 ι

570 131 750 192 quam
808 133 884 172 ex
944 113 1135 174 forma
1194 87 1483 174 essentiali
1544 117 1600 175 δι
1654 113 2112 192 proprietatibus
2164 113 2408 175 internis
2447 115 2573 176 eius
2611 113 3038 192 descripserat
3079 112 3502 193 probationem
3776 142 3789 199 ι

570 193 713 254 dicti
766 192 918 253 illius
972 193 1062 253 sui
1114 191 1361 253 instituit
1399 197 1437 254 a
1476 195 1667 254 forma
1706 207 1944 254 externa
1990 193 2114 254 eius
2155 195 2210 253 δι
2251 195 2710 287 proprietatibus
2749 206 3027 254 externae
3065 197 3333 266 formae,
3377 207 3500 254 tan·

569 292 748 351 quam
790 272 969 352 signis
1007 271 1459 334 euidentissimis
1497 275 1553 334 δι
1594 274 1934 352 simpliciter
1975 274 2347 353 necessariiS,
2387 295 2460 336 ex
2499 275 2716 352 quibus
2757 273 2986 335 interna
3009 276 3222 334 veritas
3241 293 3501 353 cognos-

568 365 753 414 catur.
816 353 1014 413 Huius
1072 354 1297 414 formae
1348 371 1579 414 summa
1618 365 1731 430 est,
1776 355 2038 414 Externa
2077 355 2422 416 communio
2465 365 2838 430 sanctorum,
2881 355 3107 414 habens
3147 371 3320 414 suam
3363 373 3500 414 cum

570 433 800 494 interna
840 433 1267 494 communione
1307 434 1656 512 analogiam.
1699 434 1853 495 Cum
1894 445 2092 494 autem
2135 434 2399 495 internae
2439 435 2907 513 communionis,
2937 452 3116 512 quam
3153 436 3293 493 ante
3321 453 3500 512 expo-

570 513 825 589 suimus,
865 513 979 572 sint
1019 523 1215 591 partes
1246 515 1433 573 duae:
1474 533 1623 586 vna,
1663 516 1699 573 a
1738 517 1873 574 Deo
1914 513 2261 592 respiciente
2293 515 2624 575 Ecclesiam
2659 534 2824 574 suam
2847 535 2954 592 per
2971 514 3254 592 gratiam3
3277 516 3500 591 altera,

570 595 649 654 ab
710 593 980 654 Ecclesia
1040 593 1389 671 respiciente
1450 595 1525 654 ad
1593 595 1789 653 Deum
1846 611 2018 654 suum
2069 613 2179 672 per
2231 595 2440 655 fidem.
2427 615 2440 628 ·
2483 597 2644 656 Iusta
2684 595 2957 673 analogia
2997 593 3147 654 inter
3187 605 3502 671 vtramque

568 675 821 735 formam
873 674 1243 752 postulabat,
1300 683 1364 732 vt
1407 673 1559 734 duae
1598 691 1837 752 quoque
1879 685 2072 752 partes
2111 674 2541 752 assignarentur
2581 685 2855 735 externae
2895 676 3122 734 formae
3163 674 3498 734 Ecclesiam

568 753 940 830 hominibus,
981 753 1085 832 qui
1126 754 1267 814 foris
1306 753 1529 833 vident,
1570 753 1957 814 indicaturae.
1999 755 2178 813 Hanc
2220 755 2510 814 rationem
2533 757 2834 832 Propheta
2853 754 3140 828 seruauit,
3163 755 3306 813 cum
3327 772 3496 832 argu·

566 835 777 894 mentis
818 837 854 892 a
894 835 1085 894 forma
1126 844 1368 893 externa
1408 834 1599 893 ductis
1638 833 1927 894 internam
1969 832 2275 894 veritatem
2308 833 2610 894 Ecclesiae
2651 836 2901 910 probare
2929 833 3243 895 statuisset.
3289 836 3500 910 Itaque
3822 836 3829 869 ¹

567 924 841 990 vtrasque
901 925 1096 991 partes
1156 914 1215 973 in
1277 912 1667 990 descriptione
1727 914 1955 974 formae
2016 924 2289 972 externae
2350 913 2780 974 circumscribit
2839 913 3320 992 diligentissime:
3377 926 3499 973 tum

568 1005 764 1072 partes
810 993 1113 1053 Ecclesiae
1153 992 1446 1054 tendentis
1488 993 1567 1052 ad
1606 995 1804 1054 Deum
1848 993 2048 1053 salutis
2089 1011 2262 1066 suae,
2303 1013 2454 1055 vers.
2495 1013 2555 1068 4.
2595 1006 2720 1054 ιιιιιι
2762 996 2906 1054 vero
2941 1004 3136 1072 partes
3157 994 3274 1052 Dei
3297 994 3502 1054 Eccle-

570 1074 717 1133 siam
758 1074 1013 1165 regentis
1055 1076 1110 1134 δι
1150 1073 1419 1134 ducentis
1460 1073 1787 1150 praesentia
1826 1073 2080 1164 gratiae,
2123 1093 2269 1133 vers·
2315 1089 2369 1151 5.

648 1157 716 1213 In
756 1155 875 1214 hoc
916 1153 1093 1232 igitur
1133 1171 1305 1213 versu
1347 1153 1511 1231 prior
1550 1153 1990 1213 communionis
2023 1163 2362 1213 sanctorum
2400 1155 2571 1213 locus
2610 1153 2669 1213 in
2705 1157 2868 1214 cultu
2901 1151 3126 1244 positus
3149 1153 3498 1232 exponitur,

568 1233 692 1293 siue
751 1233 811 1292 in
854 1245 1095 1293 externa
1120 1235 1323 1324 *cultus
1365 1252 1437 1292 ex
1479 1233 1577 1310 pio
1614 1235 1670 1294 &
1710 1233 1989 1310 religioso
2033 1252 2208 1292 sensu
2249 1233 2429 1293 animi
2471 1234 2921 1309 obseruatione,
2963 1231 3122 1309 Quia
3160 1243 3363 1292 autem
3405 1233 3502 1293 hic

567 1315 791 1382 cultus
836 1316 913 1372 de
954 1330 1076 1390 quo
1115 1312 1235 1372 iam
1276 1311 1489 1373 dicturi
1531 1330 1765 1390 sumuS,
1806 1315 2098 1389 quaedam
2141 1313 2322 1372 habet
2362 1313 2738 1391 communia,
2779 1313 2834 1372 δι
2871 1313 3166 1404 quaedam
3187 1311 3502 1390 singularia

568 1395 647 1452 ad
688 1385 939 1470 priscam
979 1393 1139 1453 illam
1181 1393 1511 1453 Ecclesiam
1556 1399 1755 1470 (quam
1802 1393 1964 1452 Deus
2005 1391 2181 1452 variis
2199 1393 2546 1452 rudimentis
2568 1393 2838 1469 instituit)
2859 1392 3097 1470 proprie
3116 1391 3498 1470 pertinentia;
3831 1415 3833 1417 ¹

568 1472 890 1532 videndum
956 1471 1129 1532 nobis
1192 1484 1312 1550 est,
1376 1483 1437 1532 vt
1496 1473 1748 1550 primum
1798 1473 1982 1532 verba
2042 1471 2170 1550 ipsa
2221 1475 2584 1550 Prophetae
2635 1483 2813 1552 prout
2851 1472 2928 1532 ad
2965 1471 3298 1532 Ecclesiam
3339 1471 3496 1531 illam

570 1551 997 1644 respiciebant,
1037 1569 1434 1628 exponamus.
1477 1553 1691 1613 deinde
1729 1557 1871 1613 vero
1912 1571 1987 1611 ex
2025 1551 2225 1630 figuris
2263 1551 2374 1613 illis
2405 1563 2583 1630 atque
2603 1551 2965 1614 vmbraculis
2986 1571 3492 1630 recognoscamus

566 1633 875 1692 veritatem
916 1649 1298 1692 communem
1339 1633 1641 1692 Ecclesiae
1682 1632 1835 1692 illius
1874 1631 1931 1691 δι
1971 1643 2228 1692 nostrae.

649 1714 717 1771 In
760 1711 987 1772 ratione
1032 1712 1333 1772 Ecclesiae
1374 1711 1555 1790 illius,
1599 1713 1763 1790 quod
1806 1713 1882 1772 ad
1925 1713 2182 1772 sormam
2223 1723 2526 1772 externam
2566 1709 2772 1773 attinet
2791 1755 2810 1785 ,
2845 1723 3100 1789 quatuor
3139 1723 3276 1772 sunt
3306 1711 3502 1789 capita

568 1811 643 1852 ex
701 1791 894 1851 verbis
957 1793 1288 1870 Prophetae
1350 1792 1755 1869 obseruanda,
1816 1791 2032 1869 quibus
2080 1794 2272 1852 forma
2332 1803 2577 1852 externa
2617 1793 2919 1884 Ecclesiae
2959 1792 3496 1852 circumscribitur·

569 1871 849 1931 nimirum
912 1890 1033 1947 reS,
1088 1890 1407 1950 personae,
1458 1871 1749 1948 actioneS,
1802 1875 1856 1932 &
1910 1870 2416 1932 circumstantiae.
2457 1889 2612 1948 quae
2655 1871 2858 1932 omnia
2902 1871 2964 1931 in
3003 1872 3155 1932 iusta
3198 1871 3503 1932 Ecclesiae

569 1951 685 2011 Dei
747 1951 1205 2030 constitutione,
1256 1963 1433 2028 prout
1490 1953 1646 2012 effici
1686 1951 1837 2011 inter
1878 1950 2150 2012 homines
2191 1962 2420 2030 potest,
2462 1953 2855 2012 necessarium
2899 1962 2988 2012 est
3026 1950 3349 2012 obseruari.
3411 1953 3504 2010 Ac

572 2049 765 2090 rerum
805 2029 1047 2121 quidem
1089 2031 1165 2090 ad
1209 2033 1461 2091 formam
1504 2043 1802 2092 externam
1848 2030 2150 2092 Ecclesiae
2192 2031 2609 2109 pertinentium
2650 2031 2864 2092 veritas
2885 2050 3007 2091 non
3029 2033 3106 2092 ab
3127 2031 3504 2106 hominibuS,

570 2111 676 2172 sed
716 2115 755 2170 a
794 2112 986 2170 forma
1030 2108 1259 2170 interna
1298 2111 1602 2171 Ecclesiae
1642 2113 1895 2202 pendet,
1936 2111 1998 2171 id
2043 2121 2160 2187 est,
2196 2115 2235 2170 a
2276 2111 2417 2171 reali
2456 2111 2556 2170 illa
2593 2111 2912 2188 relatione,
2951 2129 3070 2188 qua
3110 2111 3384 2172 homines
3401 2129 3499 2170 res

572 2194 714 2251 vere
772 2190 1002 2250 diuinas
1053 2189 1165 2250 sibi
1212 2193 1248 2250 a
1288 2192 1422 2250 Deo
1466 2193 1694 2251 oblatas
1736 2157 2062 2268 suscipiunt
2103 2203 2387 2268 tanquam
2429 2191 2506 2251 de
2546 2208 2725 2250 manu
2763 2191 2946 2268 illius,
2989 2200 3051 2251 vt
3093 2209 3330 2268 earum,
3372 2201 3500 2250 tan-

570 2289 749 2348 quam
802 2281 1176 2332 externarum
1230 2275 1319 2347 (vt
1370 2289 1506 2330 cum
1548 2271 1914 2330 Tertulliano
1948 2273 2183 2348 loquar)
2224 2271 2784 2332 contesserationem
2826 2281 3176 2348 argumento
3217 2269 3504 2348 sentiant,

566 2351 1103 2430 profiteanturque,
1156 2369 1219 2410 se
1260 2351 1318 2410 in
1359 2351 1689 2428 praesentia
1727 2349 1984 2429 gratiosa
2023 2351 2173 2428 Dei,
2215 2351 2270 2410 δι
2311 2351 2597 2411 relatione
2640 2350 2764 2410 siue
2795 2349 3174 2410 ordinatione
3194 2350 3504 2410 Ecclesiae

566 2432 643 2492 ad
684 2432 876 2510 ipsum
917 2429 1205 2522 symbolis
1245 2431 1503 2491 externis
1542 2442 1901 2507 contestata,
1942 2433 2190 2523 salutem
2231 2448 2398 2491 suam
2438 2450 2783 2522 agnoscere.
2835 2433 2903 2491 In
2945 2430 3035 2491 his
3075 2442 3275 2492 autem
3321 2431 3500 2490 rebus

568 2512 711 2589 quid
745 2524 833 2571 est
879 2510 1055 2590 boni,
1097 2512 1262 2588 quod
1305 2513 1489 2571 homo
1532 2512 1761 2571 adferre
1800 2508 2026 2588 possit?
2065 2510 2168 2588 qui
2206 2514 2260 2571 δι
2302 2510 2426 2588 ipse
2466 2512 2544 2571 ab
2586 2510 2750 2572 omni
2783 2512 2947 2572 bono
2978 2514 3034 2571 δι
3063 2512 3250 2571 salute
3269 2510 3503 2571 alienus

566 2602 655 2651 est
714 2602 907 2669 totuS,
968 2592 1023 2651 δι
1084 2610 1177 2651 res
1228 2610 1435 2651 omnes
1489 2592 1569 2651 ita
1612 2590 1988 2651 labefactauit
2029 2589 2342 2650 vitiositate
2382 2609 2518 2667 sua,
2561 2602 2625 2649 vt
2663 2591 2898 2668 omnia,
2937 2590 3112 2651 etiam
3159 2590 3208 2651 si
3247 2601 3504 2650 tentaret

568 2670 815 2744 millieS,
876 2671 1105 2763 ingrata
1164 2672 1334 2747 Dec,
1395 2683 1600 2750 vtpote
1662 2682 1910 2749 peccato
1971 2690 2079 2731 suo
2139 2670 2432 2749 ingratus,
2475 2682 2630 2731 esset
2671 2671 3068 2749 praestiturus,
3132 2670 3330 2746 Quam
3373 2688 3501 2729 rem

567 2750 791 2829 optime
826 2750 1127 2811 Michaeas
1170 2717 1541 2828 exprimebat
1579 2750 1811 2825 dicens,
1856 2750 1995 2826 Qua
2034 2770 2095 2809 re
2137 2750 2452 2811 instructus
2489 2750 2716 2811 veniam
2740 2762 2877 2811 ante
2895 2752 3212 2827 Iehouam,
3233 2748 3326 2811 &
3308 2768 3504 2809 meur-

568 2831 726 2891 uabo
768 2852 861 2891 me
904 2832 1156 2891 adorans
1198 2832 1395 2891 Deum
1437 2828 1773 2891 excelsum?
1813 2850 1888 2890 an
1929 2829 2163 2891 veniam
2204 2842 2340 2891 ante
2381 2849 2516 2892 eum
2557 2848 2695 2889 cum
2726 2830 3119 2909 holocaustiS,
3140 2847 3278 2890 cum
3303 2827 3502 2901 vitulis

567 2908 891 2972 anniculis?
946 2930 1023 2971 an
1070 2921 1318 2988 accepta
1372 2912 1619 2971 haberet
1672 2914 1893 2971 Iehoua
1950 2910 2133 2970 millia
2171 2907 2456 2971 arietum?
2509 2909 2800 2986 myriadas
2841 2912 3190 2971 torrentium
3227 2905 3382 2971 olei?
3422 2928 3502 2968 an

568 2992 773 3052 darem
832 2990 1291 3083 primogenitum
1358 3008 1555 3051 meum
1613 3009 1723 3068 pro
1776 2989 2112 3051 defectione
2167 2987 2334 3050 mea?
2377 2992 2633 3050 fructum
2680 2990 2899 3050 ventris
2940 2991 3058 3050 mei
3097 3009 3208 3068 pro
3247 3000 3502 3081 peccato

566 3070 799 3132 animae
842 3036 1065 3130 meae?
1087 3068 1371 3131 indicauit
1410 3070 1547 3147 tibi,
1591 3070 1629 3131 ὂ
1670 3072 1888 3148 home,
1931 3070 2075 3149 quid
2117 3070 2191 3129 sit
2232 3072 2483 3130 bonum.
2527 3070 2760 3146 Ecquid
2797 3070 3024 3129 Iehoua
3057 3069 3362 3147 requisiuit
3385 3070 3496 3128 abs

567 3162 661 3229 te,
722 3150 835 3211 nisi
886 3162 951 3211 vt
1000 3170 1276 3211 exerceas
1330 3150 1448 3229 ius,
1494 3150 1549 3209 δι
1590 3170 1753 3211 ames
1796 3150 2248 3241 benignitatem,
2294 3151 2348 3209 δι
2389 3149 2656 3210 modeste
2695 3152 2962 3211 ambules
3003 3167 3141 3210 cum
3183 3150 3318 3208 Deo
3357 3144 3504 3207 tuo?

569 3232 723 3293 Cum
786 3230 985 3308 itaque
1045 3230 1104 3289 in
1164 3230 1433 3291 Ecclesia
1488 3230 1602 3291 Dei
1644 3231 1723 3290 ad
1766 3230 1978 3290 iustam
2020 3228 2308 3291 rationem
2351 3237 2578 3291 tormae
2618 3240 2894 3291 externae
2934 3230 3088 3291 illius
3129 3239 3364 3289 sanctas
3405 3247 3500 3287 res

569 3331 671 3372 eas
710 3328 862 3403 quae
911 3313 1162 3370 formam
1204 3322 1507 3385 externam
1552 3309 1947 3403 constituunt,
2009 3328 2248 3369 necesse
2289 3308 2362 3369 sit
2401 3310 2693 3389 adhiberi;
2751 3326 2906 3387 quae
2947 3330 3038 3371 res
3077 3327 3382 3402 nunquam
3420 3309 3501 3367 ab

566 3390 841 3470 homine,
882 3392 987 3451 sed
1028 3394 1065 3450 a
1103 3391 1239 3451 Deo
1280 3392 1472 3451 solum
1514 3391 1716 3450 omnia
1754 3388 1815 3449 in
1857 3390 2133 3449 omnibus
2165 3400 2456 3482 operante
2496 3390 2552 3449 in
2599 3389 2866 3451 Ecclesia
2907 3408 3013 3450 sua
3048 3387 3327 3467 praestari
3362 3406 3500 3465 pos-

566 3482 733 3563 sunt,
798 3484 861 3531 vt
918 3471 1076 3532 idem
1132 3472 1359 3532 formae
1400 3482 1677 3531 externae
1717 3470 1791 3531 sit
1831 3480 2040 3529 auctor
2079 3469 2183 3547 qui
2219 3470 2482 3530 internae
2521 3480 2636 3531 est:
2671 3472 3005 3561 ‘propterea
3041 3470 3298 3560 priscam
3337 3468 3500 3528 illam

455 3618 468 3629 ,
564 3518 897 3613 Ecclesiam
939 3554 995 3613 δι
1037 3553 1259 3612 cultum
1304 3550 1427 3613 eius
1468 3561 1773 3610 externum
1814 3551 2114 3627 Propheta
2154 3549 2520 3622 describenS‚
2565 3548 2781 3610 omissa
2823 3551 2996 3627 plane
3039 3548 3340 3609 mentione
3372 3547 3496 3607 illa·

566 3650 697 3693 rum
740 3650 938 3692 rerum
981 3650 1129 3709 quas
1170 3630 1282 3692 sibi
1320 3629 1592 3692 homines
1637 3632 1907 3690 conferre
1948 3647 2124 3720 posse
2167 3628 2532 3705 viderentur,
2573 3630 2648 3689 ad
2689 3647 2790 3689 eas
2828 3630 3024 3689 solum
3065 3631 3159 3687 vel
3201 3628 3400 3707 potius
3421 3628 3500 3686 ad

568 3733 701 3775 eam
764 3714 953 3773 solum
1012 3712 1143 3789 pios
1199 3710 1537 3789 reuocauit,
1578 3727 1760 3787 quam
1813 3711 1980 3769 Deus
2019 3707 2080 3767 in
2125 3708 2393 3769 Ecclesia
2433 3727 2536 3769 sua
2574 3718 2784 3769 testem
2828 3708 3092 3768 salutaris
3135 3707 3501 3786 praesentiae

569 3811 708 3854 suae
750 3802 1042 3873 posuerat.
1086 3794 1265 3851 Hanc
1306 3810 1430 3851 rem
1474 3792 1771 3868 Propheta
1810 3788 2086 3867 exprimit
2121 3788 2442 3849 testimonii
2481 3790 2852 3867 appelatione
2894 3790 3030 3847 cum
3076 3788 3248 3848 dicit·
3291 3792 3502 3846 Ascen-

572 3876 707 3933 dere
750 3874 937 3933 tribus
978 3874 1081 3931 leh
1088 3892 1235 3932 ouae
1265 3874 1351 3931 ad
1386 3873 1762 3961 testimoniunf
1805 3872 2002 3929 datum
2043 3870 2283 3929 Israeli.
2324 3868 2754 3929 Testimonium
2795 3879 2990 3927 autem
3031 3867 3090 3927 in
3132 3868 3313 3947 vulgo
3355 3866 3500 3943 quid

572 3955 926 4035 appelletur,
986 3952 1265 4014 omnibus
1318 3962 1527 4012 notum
1578 3961 1695 4011 est:
1738 3950 1795 4010 in
1838 3952 2015 4009 rebus
2057 3948 2238 4009 sacris
2277 3948 2423 4027 quid
2464 3951 2824 4027 appelletur,
2866 3948 3186 4008 videndum
3228 3958 3331 4008 est
3393 3948 3502 4006 Est

3321 4024 3503 4105 igitur
