3923 4875
1364 363 1691 407 THBSBS
1744 361 2394 408 Tnnonoercnn.
3235 368 3338 407 121

496 545 551 603 9.
635 524 789 585 Ciim
837 533 1037 584 autem
1078 542 1151 584 ex
1188 532 1399 584 natura
1438 523 1512 584 sit
1552 541 1789 585 morum
1828 523 2183 586 naturalium
2222 533 2590 616 nostrorum,
2633 543 2706 584 ex
2747 524 3052 601 Scriptura
3091 529 3234 585 vere
3274 523 3348 585 sit

416 603 949 683 supernaturalium
1008 621 1245 664 morum
1304 607 1361 666 ὅτ
1420 605 1499 666 ad
1556 604 1740 665 vitam
1801 615 2102 666 aeternam
2155 602 2572 682 pertinentium
2619 604 2976 684 auctoritaS,
3018 609 3180 666 certe
3220 605 3348 683 ipsa

414 685 679 746 Naturae
720 702 857 745 cum
898 682 1201 762 Scriptura
1240 685 1299 744 S.
1342 684 1709 762 comparatio
1751 684 1895 760 de(f.
1931 687 2080 760 1607
2087 687 2447 778 .)monstrat,
2479 695 2545 744 vt
2565 683 2709 744 nihil
2729 701 2967 745 morum
2959 651 3344 746 naturalium

416 775 609 856 extra,
670 775 931 843 praeter,
970 775 1073 824 aut
1110 775 1323 825 contra
1359 775 1666 844 naturam,
1705 765 1980 842 adeoque
2019 764 2132 826 nisi
2169 768 2208 825 a
2245 774 2457 825 natura
2497 765 2773 843 docetur,
2814 765 2898 825 ita
2936 775 3345 843 supernatura-

412 845 561 905 lium
576 891 595 925 ,
654 844 759 922 qui
817 845 895 904 ad
959 845 1139 904 vitam
1187 845 1441 905 futuram
1484 855 1781 924 spectant,
1824 845 1972 906 nihil
2013 854 2204 937 extra,
2245 855 2510 936 praeter,
2550 855 2653 905 aut
2693 855 2906 905 contra
2947 845 3311 923 Scripturam
3325 890 3342 924 ,

410 923 559 984 nihil
599 923 711 984 nisi
750 943 824 984 ex
862 923 1163 1002 Scriptura
1213 924 1421 986 doceri
1460 925 1679 986 debere
1720 935 1824 986 aut
1862 943 2074 1004 posse·
2114 923 2226 985 nisi
2267 924 2400 1002 quis
2439 927 2590 986 forte
2619 935 2889 986 naturam
2910 925 2973 985 in
2995 943 3105 986 suo
3129 944 3347 1004 genere

412 1006 738 1082 perfectam
751 1048 769 1084 ,
830 1003 1192 1082 Scripturam
1251 1008 1395 1066 vero
1456 1004 1650 1066 minus
1710 1007 2032 1084 perfectam
2090 1015 2336 1085 statuat,
2393 1024 2466 1065 ac
2504 1004 2756 1083 proinde
2795 1003 2986 1083 magis
3029 1004 3090 1064 in
3134 1015 3345 1065 natura

413 1087 643 1163 Deum,
681 1087 861 1161 quam
902 1084 965 1145 in
1004 1083 1305 1163 Scriptura
1344 1085 1623 1163 sapuisse.

501 1185 592 1224 10.
672 1166 893 1225 Earum
943 1167 1089 1225 vero
1147 1164 1564 1226 Traditionum
1580 1211 1597 1243 ,
1656 1181 1812 1244 quae
1852 1167 1932 1226 ad
1974 1163 2348 1242 disciplinam
2389 1164 2712 1244 pertinent,
2755 1155 3167 1227 distinctiones
3208 1164 3342 1225 illae

412 1255 555 1304 sunt
592 1244 899 1323 propriae,
939 1263 1101 1322 quae
1130 1247 1169 1304 a
1211 1245 1535 1307 Pontificiis
1574 1244 1639 1306 in
1674 1247 1791 1307 hac
1831 1263 2042 1308 caussa
2082 1243 2300 1305 adferri
2339 1248 2550 1307 solent.
2601 1267 2652 1307 ι.
2693 1245 2802 1308 has
2844 1264 2972 1308 esse
2994 1255 3310 1324 perpetuas
3327 1290 3344 1324 ,

412 1337 480 1384 vt
516 1324 797 1402 (exempli
833 1327 1065 1401 caussa)
1107 1343 1307 1388 sacros
1347 1335 1551 1388 coetus
1590 1325 1829 1404 haberi,
1870 1327 1982 1388 ὅτε.
2024 1326 2154 1386 illas
2184 1325 2606 1417 temporarias,
2633 1335 2697 1388 vt
2739 1327 2947 1387 haberi
2980 1327 3043 1387 in
3073 1325 3345 1418 public0,

414 1415 518 1464 aut
576 1414 807 1466 secreto
823 1449 841 1484 ,
900 1415 1039 1465 ante
1097 1404 1405 1467 meridiem
1464 1408 1557 1467 vel
1617 1416 1753 1484 post
1812 1407 1923 1467 &c.
2000 1426 2051 1466 2.
2092 1408 2200 1466 has
2241 1387 2606 1468 vniuersales
2638 1425 2766 1467 esse
2781 1450 2799 1485 ,
2841 1410 2896 1467 δι
2939 1404 3342 1484 particulareis

412 1484 560 1545 illas.
622 1502 679 1560 3.
737 1484 881 1544 alias
938 1503 1068 1546 esse
1125 1486 1529 1578 Necessarias,
1579 1487 1635 1545 &
1674 1485 1815 1546 alias
1855 1485 2119 1548 LiberaS.
2185 1486 2340 1546 Nam
2390 1502 2780 1578 quaecunque
2831 1485 2968 1546 fidei
3013 1487 3068 1545 δι
3109 1503 3343 1547 ιιιοιιιιιι

416 1575 587 1642 sunt,
628 1583 700 1624 ea
737 1563 978 1656 proprie
1018 1576 1153 1626 sunt
1194 1564 1553 1644 necessaria,
1593 1576 1695 1626 aut
1731 1564 1925 1644 primo
1968 1570 2024 1628 &
2061 1584 2169 1645 per
2208 1585 2301 1645 se,
2341 1577 2442 1627 aut
2471 1564 2840 1628 secundario.
2863 1581 3020 1643 quae
3041 1566 3346 1627 ordinatae

418 1655 555 1705 sunt
595 1645 675 1706 ad
715 1643 1071 1723 principium
1110 1663 1283 1706 suum
1325 1645 1785 1708 immutabiliter.

502 1745 529 1784 1
543 1746 593 1786 1.
674 1725 829 1786 Cum
868 1734 1069 1785 autem
1110 1725 1259 1788 disci
1300 1725 1425 1787 lina
1460 1725 1608 1787 nihil
1647 1727 1722 1788 sit
1760 1725 1923 1788 aliud
1965 1729 2146 1804 quam
2186 1724 2340 1787 iusta
2377 1726 2706 1787 auxiliatrix
2721 1770 2739 1805 ,
2777 1736 2958 1804 atque
2999 1725 3344 1787 administra

418 1805 559 1866 fidei
620 1806 677 1864 δι
717 1823 989 1884 ιιιοιιιιιι,
1028 1816 1191 1867 certa
1293 1827 1329 1867 c
1369 1804 1670 1867 distinctio
1712 1810 1750 1866 a
1788 1807 1965 1868 nobis
2005 1804 2295 1868 statuitur.
2360 1808 2516 1867 Nam
2555 1822 2947 1899 quaecunque
2987 1807 3347 1867 documenta

420 1884 771 1976 disciplinae
830 1895 995 1956 sunt,
1047 1903 1199 1963 quae
1238 1905 1487 1979 genere,
1526 1885 1751 1965 specie,
1791 1888 1848 1946 δι
1889 1889 2010 1948 fine
2049 1903 2159 1947 suo
2200 1896 2571 1964 perpetuam,
2616 1885 3008 1947 vniuersalem
3049 1889 3104 1946 δι
3145 1905 3345 1946 neces-

417 1963 632 2026 sariam
693 1963 1129 2026 ordinationem
1190 1967 1789 2043 coniunctionemque
1842 1967 2066 2028 habent
2115 1981 2254 2026 cum
2305 1968 2510 2046 regula
2550 1966 2692 2028 fidei
2731 1969 2786 2026 &
2829 1983 3096 2044 morum,
3138 1982 3346 2027 eorum

418 2063 542 2105 non
602 2054 692 2106 est
744 2044 1012 2105 traditi0.
1055 2064 1195 2107 nam
1236 2046 1294 2106 in
1337 2046 1651 2124 Scripturis
1692 2047 1875 2108 sacris
1914 2048 2346 2125 comprehensa
2386 2056 2523 2107 sunt
2553 2050 2837 2139 expresse
2879 2056 2982 2107 aut
3019 2045 3346 2123 analogice.

418 2125 827 2202 Quaecunque
882 2128 1027 2185 vere
1084 2126 1145 2185 in
1204 2125 1655 2188 circumstantiis
1706 2129 1901 2205 posita
1952 2137 2122 2204 sunt,
2163 2143 2370 2188 eorum
2413 2126 2762 2187 traditiones
2801 2126 2865 2186 in
2904 2125 3174 2188 Ecclesia
3214 2145 3344 2186 esse

417 2216 519 2265 aut
558 2223 687 2266 esse
726 2222 934 2284 posse,
976 2216 1381 2267 verumtamen
1422 2208 1830 2299 temporaleis,
1870 2208 2280 2299 particulares,
2323 2209 2378 2266 δι
2419 2207 2634 2268 liberas
2674 2206 3074 2286 agnoscimus,

504 2304 595 2345 12.
673 2286 875 2361 Atque
926 2287 1137 2346 harum
1181 2287 1421 2364 quidem
1460 2254 1845 2348 traditionum
1883 2305 2038 2364 quae
2073 2287 2135 2348 in
2171 2285 2624 2347 circumstantiis
2656 2297 2967 2347 versantur
2987 2287 3084 2346 lex
3105 2286 3287 2346 fertur
3309 2288 3345 2344 a

421 2366 605 2424 Paulo
656 2385 704 2426 ι.
750 2368 883 2426 Gor.
916 2385 1005 2439 14.
1045 2366 1112 2425 τὸ
1152 2368 1471 2444 εἰἪσχημων
1508 2371 1605 2425 καὶ
1640 2368 1707 2427 τό
1744 2370 1887 2427 κατὰ
1923 2367 2461 2447 τάξιν,1ιοιιεειιιιιι
2481 2366 2738 2426 decus&
2761 2367 2948 2446 ordo,
2971 2383 3123 2444 quae
3147 2365 3207 2425 in
3230 2366 3346 2424 sin-

417 2444 568 2523 gulis
607 2446 885 2506 Ecclesiis
925 2464 1037 2523 pro
1078 2448 1505 2509 commoditate
1544 2448 1803 2525 ipsarum
1844 2458 2236 2539 procurantur
2264 2457 2443 2525 atque
2463 2447 2848 2507 ordinantur
2831 2465 2895 2507 ιιι
2913 2466 2977 2507 re
2999 2456 3310 2525 praesente
3325 2492 3342 2525 ,

418 2535 482 2585 vt
519 2525 679 2586 idem
718 2528 1044 2603 Apostolus
1084 2525 1226 2586 dicit
1277 2546 1327 2588 1.
1368 2527 1507 2588 Cor.
1558 2545 1584 2586 1
1599 2548 1651 2589 1.
1690 2530 1859 2587 Nam
1899 2528 2005 2604 (ait
2041 2526 2265 2607 optime
2309 2528 2532 2588 Seneca
2573 2526 2844 2605 Epistola
2887 2528 3009 2602 22.)
3051 2528 3339 2602 quaedam

418 2626 534 2665 non
594 2608 711 2665 nisi
754 2608 795 2664 ὰ
834 2615 1147 2685 praesente
1183 2614 1607 2670 monstrantur.
1658 2610 1806 2668 lvon
1829 2616 2030 2688 potest
2064 2610 2314 2668 medicus
2343 2616 2456 2684 per
2497 2610 2766 2685 epistolas
2811 2608 2927 2665 cibi
2963 2613 3073 2667 aut
3109 2606 3343 2665 balnaei

419 2694 637 2763 tempus
673 2688 916 2762 eligere.
968 2706 1114 2747 vena
1153 2688 1441 2764 tanqenda
1479 2696 1580 2747 est.
1664 2690 1835 2748 Vetus
1860 2689 2247 2767 prouerbium
2284 2695 2398 2766 est,
2431 2688 2873 2764 gladiatorem
2845 2708 2908 2745 tn
2929 2706 3116 2746 arena
3137 2693 3345 2762 capere

417 2766 737 2827 consilium.
797 2765 915 2825 Sed
970 2766 1181 2826 harum
1244 2776 1443 2827 tamen
1502 2766 1881 2829 traditionum
1933 2776 2128 2828 certus
2179 2766 2392 2828 modus
2433 2778 2612 2845 atque
2653 2766 2885 2827 duratio
2926 2765 3188 2827 tenenda
3229 2773 3334 2825 est.

418 2845 670 2925 Modus,
713 2854 777 2905 vt
815 2854 1121 2906 externum
1158 2846 1464 2907 hominem
1502 2845 1775 2907 dicantur
1815 2848 2074 2927 abligare
2114 2846 2194 2907 ad
2231 2848 2449 2908 iustum
2491 2847 2752 2925 ipsarum
2783 2864 2955 2907 vsum
2975 2846 3040 2905 in
3060 2844 3342 2921 veritate,

415 2928 473 2984 δι
530 2924 898 3002 simplicitate
912 2970 928 3003 ‚
988 2926 1112 2985 sine
1170 2926 1583 3004 superstitione
1596 2972 1613 3005 ,
1671 2926 1797 2988 sine
1849 2928 2187 3004 tyrannide,
2244 2926 2308 2987 id
2347 2938 2435 2989 est
2474 2936 2858 3005 permanente
2897 2926 3086 2986 libera
3127 2888 3342 2984 interni

418 3005 675 3065 hominis
732 3006 1123 3065 conscientia:
1186 3006 1418 3067 duratio
1469 3011 1640 3086 vero,
1691 3018 1757 3068 vt
1793 3006 2076 3085 tantisper
2113 3006 2175 3066 in
2214 3007 2482 3067 Ecclesia
2522 3006 2865 3085 obtineant,
2908 3006 3055 3066 dum
3099 3022 3306 3065 verum
3323 3048 3340 3081 ,

418 3096 718 3162 sanctum,
760 3084 975 3146 iustum
1012 3085 1457 3179 legitimumque
1494 3090 1672 3147 finem
1706 3104 1875 3149 suum
1898 3096 2316 3165 assequantur,
2340 3096 2496 3147 statu
2516 3090 2658 3147 vero
2685 3096 2917 3147 mutato
2938 3087 3342 3175 abrogentur,

416 3184 495 3225 ne
553 3183 725 3242 vere,
784 3175 991 3226 sancto
1006 3210 1024 3243 ,
1082 3168 1238 3227 iusto
1254 3211 1271 3244 ,
1332 3166 1711 3245 legitimoque
1761 3166 2196 3246 praeiudicent,
2248 3177 2314 3227 vt
2352 3177 2626 3244 serpente
2667 3184 2858 3227 aeneo
2898 3168 3122 3227 factum
3163 3162 3341 3224 fuisse

418 3244 667 3323 legimus
702 3248 741 3304 a
778 3264 920 3323 rege
960 3246 1230 3307 Ezechia.
1276 3266 1329 3307 2.
1372 3250 1529 3325 Reg.
1576 3268 1668 3307 ιο.

1232 3641 1367 3705 VH.
1447 3644 1579 3701 DE
1639 3642 2178 3719 TRADITIO
2211 3640 2550 3701 NIBVS.

1545 3800 1871 3859 Tnzsrs
1932 3814 2230 3861 PRIMA.

506 3992 560 4036 1.
638 3978 953 4037 Tium-no
992 3993 1145 4056 quae
1183 3975 1431 4038 Graecis
1473 3980 1795 4057 ,παράδοσις
1810 4023 1826 4053 ,
1867 3976 2160 4038 Hebraeis
2201 3978 2398 4035 Lekac
2412 4020 2431 4053 ,
2471 3976 2534 4035 id
2569 3984 2692 4053 est,
2727 3972 3028 4051 perceptio
3046 4017 3063 4050 ,
3087 3968 3342 4061 generali

416 4055 849 4136 significatione
906 4076 1086 4118 omne
1138 4057 1200 4117 id
1257 4058 1699 4137 complectitur,
1740 4058 1907 4135 quod
1946 4056 2166 4133 scripto
2206 4056 2302 4115 vel
2343 4056 2471 4114 sine
2511 4056 2733 4146 scripto
2777 4054 2856 4113 ad
2895 4070 3007 4113 nos
3045 4050 3340 4141 peruenit:

414 4138 768 4215 plerumque
806 4147 1005 4199 tamen
1043 4136 1120 4196 de
1159 4138 1429 4199 doctrina
1465 4156 1589 4197 non
1629 4136 1877 4215 scripta,
1912 4136 2018 4197 sed
2059 4154 2163 4195 ore
2201 4136 2431 4195 tantum
2474 4137 2529 4195 δι
2570 4133 2736 4213 quasi
2769 4152 2878 4212 per
2898 4149 3109 4193 manus
3131 4129 3342 4191 tradita

415 4218 477 4277 in
502 4217 1149 4374 amlg'lqrsifggitiltzqoe
1200 4296 1501 4373 definitur,
1542 4298 1791 4358 verbum
1831 4296 1947 4356 Dei
1988 4297 2155 4373 quod
2197 4313 2320 4356 non
2362 4294 2470 4355 fuit
2512 4296 2590 4355 ab
2631 4296 2883 4355 authore
2925 4291 3239 4370 scriptum,
3279 4288 3340 4349 id

414 4387 541 4457 est,
578 4380 615 4435 a
654 4378 819 4456 Deo,
858 4387 960 4437 aut
997 4379 1075 4438 ab
1115 4394 1190 4436 eo
1227 4376 1501 4455 homine,
1540 4380 1647 4437 abs
1687 4395 1810 4454 quo
1854 4376 2110 4454 primum
2152 4374 2261 4435 fuit
2303 4374 2610 4435 Ecclesiae
2651 4374 2952 4435 traditum.

1867 4458 1936 4515 16
2103 4490 2106 4493 ·
2637 4496 2642 4503 -
2810 4475 2868 4533 3.
2929 4450 3340 4514 Traditionum
