3923 4875
656 369 769 427 262
1570 367 1908 426 triesas
1969 357 2627 445 inxojnootcat.

651 553 850 604 torum
890 562 1105 622 genere
1147 554 1369 604 certam
1413 545 1606 607 facere
1649 543 1842 624 ipsum
1883 543 2166 624 oportuit.
2206 545 2442 606 Horum
2485 541 2601 604 alia
2634 540 2917 604 coelestia
2950 550 3117 619 sunt,
3138 541 3251 602 alia
3272 542 3589 604 terrestria.

651 625 950 685 Coelestia
1000 635 1137 684 sunt
1185 626 1552 703 Angelorum
1605 627 1882 686 duorum.
1935 624 2263 686 Terrestria
2300 625 2514 704 partim
2555 622 2773 685 Christi
2814 621 2993 701 ipsius
3033 621 3105 699 (si
3146 624 3265 682 hoc
3306 632 3585 684 terrestre

655 703 976 766 dicendum
1016 705 1130 778 est)
1169 703 1472 766 veritatem
1513 716 1642 766 tum
1682 704 2125 767 resurrectionis
2164 723 2331 782 suae,
2374 717 2499 764 tum
2537 702 2806 783 corporis
2843 702 3021 764 etiam
3056 703 3175 782 sui,
3217 721 3579 781 quamquam

654 783 926 863 gloriosi,
971 783 1310 875 probantis:
1351 788 1634 864 parttmff.
1673 789 1965 864 1677)que
1986 783 2295 846 hominurn
2316 786 2440 846 siue
2464 784 2723 845 fidelium
2747 785 2957 844 decem
2980 781 3235 843 vicibus:
3258 785 3425 860 quod
3445 783 3583 860 qui-

651 864 790 924 dem
847 865 1020 925 nobis
1071 874 1330 924 constat:
1371 864 1496 926 siue
1537 865 1862 926 infidelium
1877 911 1896 942 ,
1937 863 2119 925 velint
2158 865 2351 925 nolint
2392 865 2879 925 resurrectionem
2920 861 3102 939 ipsius
3142 863 3579 923 testificantium

652 947 706 1004 δι
747 943 970 1022 gloriae
1009 942 1189 1022 ipsius
1229 943 1712 1006 ministrantium:
1749 955 1985 1006 caetera
2022 961 2177 1021 quae
2196 957 2331 1005 sunt
2348 956 2698 1022 argumenta
2716 947 2907 1021 aeque
2928 942 3325 1020 pertinacibus
3341 942 3581 1004 Iudaeis

651 1023 1088 1084 confundendis
1127 1042 1200 1083 ac
1237 1025 1512 1086 fidelibus
1551 1025 1888 1086 erudiendis
1925 1023 2313 1086 seruiuerunt.

732 1105 792 1163 6.
873 1101 1228 1181 Resurgenti
1285 1104 1522 1166 Christo
1581 1105 1876 1184 quaedam
1933 1103 2278 1166 communia
2330 1103 2646 1164 nobiscum
2706 1099 3115 1164 resurrecturis
3158 1099 3363 1180 (ipsius
3414 1101 3579 1162 enim

652 1181 1006 1244 resurrectio
1061 1194 1299 1244 nostrae
1339 1185 1782 1246 resurrectionis
1823 1183 1991 1262 quasi
2028 1183 2363 1262 hypostasis
2401 1187 2515 1260 est)
2553 1183 2847 1262 quaedam
2886 1182 3129 1260 propria
3167 1181 3279 1259 ipsi
3318 1183 3578 1244 fuerunt.

658 1263 1000 1322 Communia
1060 1273 1196 1323 sunt
1256 1266 1304 1324 I.
1365 1265 1564 1342 quod,
1619 1263 2129 1343 quemadmodum
2178 1265 2505 1326 secundum
2560 1279 2778 1342 corpus
2824 1263 2985 1322 idem
3026 1261 3171 1322 illud
3210 1279 3378 1322 suum
3392 1308 3411 1340 ,
3450 1281 3577 1322 non

649 1341 908 1402 animam
925 1387 942 1422 ,
997 1343 1308 1403 resurrexit
1359 1347 1681 1423 (resurgere
1735 1343 1893 1405 enim
1943 1363 2069 1404 non
2110 1355 2307 1424 potest
2322 1389 2339 1423 ,
2380 1343 2491 1404 nisi
2535 1344 2699 1422 quod
2740 1341 2952 1403 cecidit
2994 1343 3049 1402 δι
3090 1351 3422 1402 extructum
3462 1347 3579 1418 est)

652 1421 732 1482 ita
773 1423 949 1484 etiam
988 1431 1148 1483 totus
1189 1425 1571 1485 resurrexisse
1611 1423 1850 1484 dicitur:
1894 1423 2035 1501 quia
2065 1424 2165 1486 illa
2204 1423 2547 1484 instauratio
2560 1471 2578 1502 ,
2601 1424 2711 1484 nisi
2729 1422 2929 1483 anima
2944 1421 3007 1481 in
3029 1439 3244 1500 corpus
3266 1421 3577 1502 redeunte,

645 1502 771 1562 fieri
809 1521 932 1563 non
971 1501 1244 1579 potuerit.
1289 1505 1366 1564 Π.
1408 1505 1592 1581 Ωιιὸά
1631 1505 1790 1565 facto
1834 1503 2274 1566 resurrectionis
2314 1523 2523 1566 omnes
2564 1504 2835 1582 corporis
2868 1501 3235 1561 infirmitates
3268 1501 3575 1581 deposuit,

649 1581 704 1640 δι
763 1582 1008 1660 gloriosi
1057 1581 1325 1661 corporis
1379 1583 1782 1662 conditiones,
1833 1601 2196 1662 quamquam
2244 1585 2428 1645 modo
2486 1593 2653 1645 tanto
2695 1582 3110 1644 excellentiore
3126 1628 3142 1656 ,
3182 1592 3411 1658 quanto
3450 1583 3577 1660 ipse

651 1663 934 1722 omnibus
973 1662 1250 1723 creaturis
1271 1675 1358 1724 est
1379 1663 1762 1724 excellentior
1777 1709 1792 1738 ‚
1814 1665 2162 1744 assumpsit,
2185 1665 2453 1742 corporis
2474 1675 2672 1724 tamen
2695 1663 2938 1724 veritate
2959 1661 3302 1739 neutiquam
3320 1662 3578 1739 abolim,

651 1741 712 1801 in
771 1759 952 1819 quarn
1005 1741 1357 1804 sententiam
1400 1743 1668 1821 dicebat,
1711 1743 1958 1822 Spiritus
2012 1763 2249 1805 carnem
2289 1745 2347 1805 δι
2388 1763 2525 1805 ossa
2563 1763 2685 1804 non
2725 1743 2937 1819 habet,
2981 1753 3042 1802 vt
3084 1761 3181 1802 me
3224 1740 3431 1803 videtis
3472 1745 3571 1802 ha-

654 1823 822 1882 bere:
874 1823 1022 1912 Laoc.
1071 1842 1163 1896 24.
1204 1843 1302 1916 39.
1354 1826 1482 1884 Nec
1527 1825 1723 1884 obstat
1763 1826 1930 1902 qued
1972 1823 2133 1903 tangi
2170 1828 2208 1883 a
2246 1823 2436 1884 Maria
2475 1823 2760 1898 noluerit,
2803 1824 3016 1882 Ioann.
3062 1840 3152 1881 20.
3202 1839 3290 1896 17.
3332 1823 3471 1881 cum
3510 1821 3575 1882 id

644 1901 786 1960 alias
827 1899 1129 1979 discipulis
1173 1920 1292 1964 su1s
1333 1903 1734 1982 imperauerit,
1776 1906 1921 1964 Luc.
1971 1925 2062 1978 24.
2085 1923 2185 1982 39.
2224 1904 2732 1980 quemadmodum
2774 1921 2889 1962 nec
2910 1903 3073 1979 quod
3094 1901 3413 1980 disparuit,
3434 1905 3571 1962 cum

647 1981 932 2062 ἄφαντος,
972 1999 1093 2042 non
1144 1981 1392 2061 ἀόρατος
1433 1985 1620 2043 faetus
1664 1982 1868 2062 fuerit,
1909 1987 2056 2044 Luc.
2103 2004 2194 2058 24.
2240 2003 2333 2061 31.
2377 1985 2543 2062 quod
2586 1995 2783 2044 autem
2822 1981 3117 2061 comedit,
3152 1983 3299 2042 Luc.
3346 2002 3439 2058 24.
3475 2001 3571 2060 43.

645 2059 784 2118 fecit
824 2077 897 2118 ex
937 2062 1296 2123 oeconomia
1334 2063 1666 2123 voluntaria
1681 2109 1698 2142 ,
1741 2083 1863 2123 non
1904 2063 2254 2126 necessitate
2297 2075 2537 2124 naturae
2580 2065 2717 2126 vlla.

730 2153 784 2212 7.
864 2143 1134 2220 Propria
1169 2139 1284 2218 ipsi
1323 2153 1487 2208 sunt.
1534 2146 1582 2204 1.
1624 2142 1784 2221 qued
1829 2143 2032 2204 diuina
2072 2143 2177 2204 sua
2218 2144 2483 2222 potentia
2522 2143 2621 2205 illa
2662 2145 2906 2218 ἀπαθεῖ,
2940 2159 3065 2202 non
3087 2153 3283 2202 autem
3306 2143 3422 2201 vlla
3446 2161 3575 2219 pre·

643 2217 804 2308 caria
843 2227 941 2278 καὶ
986 2221 1198 2286 ἔξωθεν
1237 2223 1598 2303 ἐπελθούσῃ,
1641 2242 1762 2283 non
1803 2225 2031 2285 tantum
2072 2243 2287 2304 corpus
2328 2241 2499 2284 suurn
2542 2225 2805 2298 παθητὸν
2840 2223 2931 2280 καὶ
2966 2222 3231 2301 φθαρτόν
3262 2224 3297 2280 a
3328 2239 3571 2314 corrup-

641 2307 803 2358 tione
842 2301 1193 2380 reseruauit,
1232 2301 1338 2360 sed
1379 2305 1556 2362 etiam
1598 2303 1791 2381 ipsum
1833 2303 2101 2378 τεθνηκὸς
2144 2304 2537 2384 resuscitauit3
2578 2303 2713 2362 cum
2758 2311 2960 2361 nostra
2998 2319 3255 2378 corpora
3296 2319 3420 2361 non
3460 2301 3575 2363 nisi

639 2377 854 2439 virtute
912 2379 1064 2441 illius
1129 2390 1462 2460 resurgant,
1523 2391 1700 2460 atque
1761 2383 1880 2444 hoc
1929 2397 2245 2462 Vtrumque
2284 2383 2679 2445 indubitatum
2720 2381 2969 2442 Deitatis
3010 2389 3101 2443 est
3142 2380 3565 2442 testimonium.

645 2458 853 2536 Neque
893 2461 1237 2521 aduersatur
1275 2459 1368 2521 his
1408 2463 1593 2539 quod1
1613 2466 1832 2544 Ephes.
1885 2483 1935 2524 1.
1982 2484 2072 2523 20.
2116 2466 2290 2525 Pater
2326 2464 2519 2543 ipsum
2560 2460 2996 2524 resuscitauisse
3030 2461 3275 2539 dicitur3
3308 2461 3571 2539 itemque

641 2538 890 2616 Spiritus
929 2542 1212 2620 Sanctus,
1251 2542 1424 2601 Rom.
1473 2545 1562 2603 18.
1613 2562 1701 2603 ιι.
1745 2554 1810 2603 vt
1847 2543 2003 2603 enim
2044 2544 2179 2606 Deo
2222 2546 2378 2605 Patri
2418 2546 2473 2605 δι
2511 2542 2749 2623 Spiritui
2770 2543 2827 2602 S.
2851 2553 2939 2603 est
2962 2542 3411 2620 o‘poocioaoc,ita
3434 2560 3574 2603 cum

643 2619 814 2679 Patre
856 2623 912 2680 δι
951 2619 1170 2698 Spiritu
1211 2620 1271 2682 S.
1315 2638 1436 2681 vno
1480 2622 1811 2701 eodemque
1845 2643 2029 2702 opere
2049 2624 2466 2685 communicat.
2510 2624 2723 2701 Neque
2742 2626 2881 2683 vero
2905 2624 3040 2681 cum
3062 2622 3331 2682 Christus
3356 2624 3573 2683 loann.

653 2717 740 2757 ιο.
791 2703 882 2761 18.
927 2699 1098 2779 dicit,
1140 2718 1256 2778 ego
1295 2720 1459 2779 pono
1499 2701 1756 2764 animam
1801 2722 1996 2765 meam
2037 2706 2073 2763 a
2112 2724 2209 2765 me
2248 2706 2379 2783 ipso
2420 2708 2474 2765 &
2512 2702 2737 2781 recipio
2778 2718 2938 2777 eam,
2982 2700 3167 2760 Patris
3196 2712 3298 2778 aut
3322 2701 3571 2779 Spiritus

641 2777 702 2839 S.
745 2778 1044 2860 ἒνὲργειαν
1079 2780 1372 2859 excludit,
1414 2798 1594 2859 quam
1635 2784 1860 2843 exeruit
1907 2783 1969 2843 in
2014 2783 2249 2845 Christo
2267 2832 2283 2861 ,
2324 2784 2584 2844 excitans
2624 2800 2759 2843 eum
2796 2786 2831 2841 a
2864 2781 3139 2859 mortuiS,
3160 2781 3264 2841 sed
3292 2783 3571 2848 ἔξουσίαν

643 2875 812 2917 suam
868 2860 1132 2921 diuinam
1185 2860 1444 2941 exeruit,
1490 2880 1670 2938 quam
1724 2866 1762 2923 a
1815 2880 1878 2923 se
1922 2864 1980 2923 δι
2020 2864 2079 2925 in
2120 2885 2210 2941 se,
2258 2885 2381 2925 non
2422 2866 2500 2924 ab
2538 2862 2655 2924 alio
2698 2872 2862 2923 extra
2902 2881 2965 2922 se
3009 2863 3225 2939 habet,
3264 2864 3322 2921 δι
3362 2878 3571 2921 secun-

639 2936 783 2997 dum
845 2956 1024 3015 quam
1065 2940 1192 3018 ipse
1231 2942 1424 3019 solus,
1465 2960 1589 3002 non
1631 2944 1830 3021 Pater,
1873 2962 2090 3021 corpus
2132 2945 2297 3025 quod
2338 2952 2732 3021 assumpserat
2771 2942 2964 3020 ipsum
3010 2944 3189 2999 πάλιν
3236 2942 3431 3015 ἔλαβε.
3478 2960 3571 3000 ιι.

642 3017 808 3094 quod
851 3018 1072 3097 primus
1113 3019 1454 3098 resurrexit,
1497 3022 1652 3083 vnde
1693 3022 1750 3081 &
1791 3022 2080 3101 primitiae
2114 3024 2533 3085 dormientium
2556 3025 2611 3083 δι
2634 3021 3059 3101 resurgentium
3080 3020 3325 3079 dieitur:
3358 3041 3404 3079 1.
3432 3020 3570 3084 cor.

648 3117 673 3156 ι
683 3111 740 3174 5.
795 3115 888 3158 2ο.
953 3098 1168 3161 Goloss.
1217 3120 1267 3159 1.
1318 3104 1408 3160 18.
1469 3102 1622 3162 Nam
1675 3122 1784 3179 per
1839 3106 1893 3163 &
1933 3114 2179 3182 propter
2217 3104 2708 3165 resurrectionem
2746 3100 2995 3179 Christi,
3036 3099 3397 3177 quicumque
3430 3111 3571 3159 ante

637 3174 834 3255 ipsum
873 3176 1050 3238 etiam
1090 3177 1151 3238 in
1195 3180 1350 3241 hanc
1393 3181 1572 3241 vitam
1617 3195 2090 3264 resurrexerunt,
2131 3182 2571 3246 resurrectionis
2604 3200 2743 3243 suae
2770 3179 3127 3243 beneficium
3148 3192 3567 3259 perceperunt:

641 3256 826 3317 virtus
865 3256 1024 3317 enim
1063 3258 1353 3336 passionis
1392 3264 1447 3322 δι
1489 3262 1934 3324 resurrectionis
1976 3263 2195 3326 Christi
2234 3284 2468 3343 semper
2506 3265 2665 3343 apud
2705 3264 2900 3323 Deum
2941 3259 3154 3338 valuit,
3191 3260 3349 3337 apud
3390 3277 3569 3336 quem

639 3354 764 3397 non
805 3348 893 3397 est
941 3338 1092 3416 heri,
1136 3340 1318 3401 hodie
1356 3342 1411 3400 δι
1453 3362 1603 3403 cras.

717 3418 776 3477 8.
857 3416 1376 3481 Resurrectionem
1424 3421 1640 3482 Christi
1681 3420 1834 3482 duae
1875 3422 2327 3485 circunstantiae
2368 3424 2690 3485 illustrant:
2730 3424 2899 3482 locus
2942 3422 2997 3482 δι
3036 3430 3290 3497 tempus.
3343 3420 3567 3497 Locus,

639 3496 973 3558 communis
1014 3498 1258 3575 quidem
1302 3500 1368 3559 ἔν
1409 3503 1486 3579 τῷ
1533 3505 1718 3579 utrinq:
1761 3512 1824 3561 vt
1863 3500 1984 3564 vita
2023 3522 2177 3581 quae
2220 3504 2279 3564 in
2320 3506 2497 3565 horto
2538 3503 2753 3563 amissa
2791 3503 3007 3577 fuerat,
3048 3500 3258 3560 eadem
3286 3498 3351 3559 in
3384 3500 3563 3559 horto

635 3575 896 3655 gloriosa
937 3577 1368 3640 resurrectione
1409 3582 1626 3641 Christi
1667 3594 2068 3660 repararetur,
2108 3584 2383 3663 proprius
2422 3594 2510 3645 est
2529 3583 2905 3661 sepulchrum
2931 3580 3131 3640 καινόν
3152 3582 3244 3638 καὶ
3270 3580 3564 3655 hauteu,

633 3657 694 3717 in
739 3674 862 3749 quo
903 3657 1171 3718 nondum
1213 3660 1524 3737 quisquam
1570 3662 1798 3739 positus
1838 3662 2053 3723 filerat:
2096 3684 2172 3725 ne
2213 3664 2375 3743 quis,
2417 3674 2479 3723 vt
2521 3663 2602 3724 ait
2638 3662 3153 3739 TheophylactuS,
3184 3660 3363 3736 ipsius
3382 3674 3565 3716 resur-

637 3748 962 3797 rectionem
1004 3738 1492 3817 calumniaretur,
1535 3742 1700 3819 quasi
1741 3741 1886 3803 alius
1928 3744 2062 3821 quis
2104 3764 2178 3805 ex
2216 3764 2290 3805 eo
2332 3744 2650 3823 sepulchro
2690 3741 3053 3802 surrexisset.
3102 3740 3380 3816 Tempus,
3400 3736 3564 3797 cuius
3662 3760 3685 3779 ·

633 3818 866 3895 signum
925 3816 984 3877 in
1049 3817 1292 3879 historia
1347 3822 1558 3896 Ionae,
1610 3833 1698 3882 est
1751 3834 1887 3901 post
1927 3824 2189 3885 triduum
2234 3824 2697 3900 συνεκδοχικῶς,
2736 3824 2921 3882 Matt.
2970 3838 3061 3879 12.
3102 3838 3196 3893 40.
3238 3836 3361 3877 non
3402 3816 3563 3877 enim

633 3898 752 3957 hoc
803 3897 880 3957 de
935 3898 1165 3958 ratione
1213 3898 1365 3978 typi,
1421 3909 1486 3959 vt
1525 3911 1644 3962 tres
1683 3902 1944 3981 integros
1987 3902 2114 3964 dies
2156 3906 2215 3965 in
2258 3904 2573 3983 sepulchro
2614 3903 2812 3963 iacens
2850 3908 3132 3977 occupet,
3172 3900 3279 3959 sed
3318 3906 3383 3957 vt
3418 3901 3563 3973 μετὰ

634 3982 782 4055 τρεῖς
845 3978 1088 4058 ἡμέρας,
1140 3977 1179 4040 i.
1231 3978 1547 4057 interprete
1587 3982 1886 4059 Scriptura
1910 4029 1927 4063 ,
1974 3992 2041 4059 τῇ
2084 3990 2249 4064 τρίτῃ
2280 3984 2459 4063 ἡμέρᾳ
2502 3991 2785 4061 resurgat.
2837 3980 3177 4043 Resurrexit
3230 3987 3425 4038 autem
3466 3976 3564 4035 die

629 4055 822 4132 prima
862 4057 1289 4138 hebdomadis,
1331 4064 1510 4139 quam
1551 4061 1768 4122 Graeci
1811 4074 2134 4143 propterea
2178 4066 2454 4141 κυριακήν
2485 4062 2605 4122 siue
2632 4062 3031 4137 ἀναςᾶσιμον,
3052 4077 3163 4119 nos
3182 4056 3561 4118 Dominicam

632 4152 946 4215 vocamus3
989 4148 1051 4197 vt
1092 4138 1344 4217 scilicet,
1386 4158 1507 4217 quo
1547 4140 1645 4202 die
1691 4142 1725 4217 ἦ
1772 4146 1968 4222 πρώτη
2011 4148 2207 4209 κτίσις
2246 4141 2477 4201 initium
2518 4152 2831 4220 coeperat,
2860 4141 2981 4217 qua
3014 4139 3271 4199 mundus
3290 4135 3565 4197 conditus

628 4216 844 4287 suerat,
907 4218 1122 4277 eodem
1193 4222 1224 4295 ἦ
1269 4224 1436 4295 καινή
1503 4226 1700 4289 κτίσις
1765 4222 2125 4297 initiaretur,
2178 4220 2296 4300 qua
2354 4222 2609 4281 mundus
2672 4222 3023 4282 instauratus
3083 4230 3197 4279 est:
3246 4219 3403 4277 vnde
3440 4234 3563 4275 non

630 4294 946 4373 septimus,
986 4300 1088 4356 sed
1135 4298 1262 4377 ipse
1303 4301 1745 4361 resurrectionis
1792 4302 1918 4362 dies
1957 4301 2016 4362 in
2061 4301 2327 4362 Ecclesia
2368 4302 2701 4361 Christiana
2743 4300 3137 4360 sanctificatus
3176 4308 3293 4373 est,
3340 4318 3388 4356 ι.
3424 4296 3561 4356 Cor.

637 4377 728 4435 16.
772 4395 824 4437 2.
873 4386 934 4437 vt
976 4379 1314 4453 symbolum
1359 4380 1579 4441 aeterni
1619 4380 1771 4441 illius
1820 4383 2093 4443 sabbathi
2132 4382 2295 4459 quod
2336 4380 2603 4442 Christus
2642 4382 2817 4443 nobis
2856 4378 3244 4457 comparauit.
3398 4452 3527 4515 Fin·

3260 4476 3321 4537 9.
3512 4474 3562 4517 is
