3923 4875
1327 317 1653 382 ‘tunsus
1711 317 2363 390 11111010010311.
3235 305 3344 392 169

433 489 573 557 nata
629 477 969 558 dispositio:
1031 479 1195 558 cuius
1252 491 1446 558 partes
1506 480 1685 570 duae,
1745 477 2058 558 originaria
2110 480 2499 558 ἀποςὲρησις,
2553 495 2658 540 5011
2699 477 2959 540 carentia
3001 482 3057 540 &
3094 479 3348 558 priuatio

432 557 684 619 iustitiae
736 557 890 618 illius
940 576 1091 636 quae
1140 559 1318 619 debet
1361 548 1560 619 'inesse
1574 601 1588 630 ‚
1640 575 1763 618 51110
1803 559 2035 620 auersio
2076 561 2112 618 a
2151 559 2344 618 bono:
2387 563 2442 618 δι
2484 559 2588 629 ἓξς
2629 555 2904 636 contrarij
2948 575 3129 638 quam
3167 563 3349 640 vulgo

435 639 639 700 dicunt
676 637 1129 716 conuersionem
1167 639 1244 700 ad
1282 639 1520 722 malum.
1582 639 1969 718 Consequens
2011 648 2100 699 est
2139 646 2331 698 reatus
2371 655 2474 698 seu
2513 638 2679 700 labes
2716 639 3052 700 communis
3073 640 3245 720 mali,
3266 641 3352 701 ira

434 716 576 798 Dei,
642 718 1022 797 vindictaque
1084 715 1409 797 poenarum
1470 730 1595 778 tum
1655 717 2099 798 temporalium,
2159 727 2285 777 tum
2345 729 2712 780 aeternarum
2772 719 2986 798 quibus
3039 719 3194 781 iusto
3235 719 3352 780 Dei

435 797 657 870 iudicio
695 799 969 860 homines
1008 798 1394 874 subiiciuntur
1434 809 1713 877 tanquam
1754 793 1895 860 mali
1932 797 2190 878 parentis
2233 797 2488 875 pessima
2528 801 2786 860 soboles,

522 896 577 954 7.
654 880 798 939 Hoc
852 879 1076 939 malum
1113 877 1196 939 ita
1230 898 1339 958 per
1380 878 1887 959 regenerationem
1927 877 2191 956 exuitur,
2229 888 2295 937 ut
2333 877 2460 956 ipsa
2501 879 2984 958 concupiscentia
3025 881 3080 938 &
3119 879 3352 958 peccati

440 960 663 1037 fomes,
706 960 839 1019 fons
855 1005 873 1040 ,
914 959 970 1020 &
1011 955 1178 1038 quasi
1216 959 1460 1020 materia
1498 958 1690 1038 prima
1726 959 1919 1020 adhuc
1959 969 2096 1020 actu
2136 958 2380 1019 incubet
2416 957 2472 1017 &
2510 957 2810 1021 inhaereat
2849 959 3024 1022 nobis
3067 959 3350 1039 quamdiu

438 1035 537 1100 hic
574 1037 870 1099 viuimus.
905 1039 977 1100 Id
1016 1037 1367 1100 Scholastici
1405 1038 1517 1118 ipsi
1556 1039 2097 1101 animaduerterunt
2129 1037 2239 1099 etsi
2268 1039 2421 1098 male
2441 1037 2733 1100 rationem
2753 1059 2982 1118 poenae
3001 1057 3125 1100 non
3146 1042 3356 1120 culpae

437 1119 657 1180 habere
696 1118 1108 1193 existimarint:
1152 1123 1289 1210 cum
1330 1123 1427 1196 vel
1465 1139 1537 1180 ex
1578 1137 1697 1179 vno
1740 1119 1933 1198 capite
1977 1137 2031 1201 7.
2072 1121 2250 1179 Rom.
2294 1115 2839 1198 concupiscentiam
2869 1123 3004 1182 vere
3040 1123 3096 1182 &
3117 1119 3354 1200 'proprie

439 1209 751 1276 peccatum
804 1218 933 1260 esse
985 1209 1283 1282 appareat.
1343 1201 1552 1279 Neque
1602 1210 1800 1280 tamen
1839 1201 1946 1261 has
1986 1199 2502 1277 concupiscentiae
2551 1201 2606 1260 δι
2646 1201 2770 1261 veri
2809 1199 3043 1280 peccati
3081 1200 3356 1277 reliquias

440 1279 617 1339 etiam
672 1278 736 1339 in
797 1279 1012 1340 renatis
1066 1289 1415 1356 statuentes,
1469 1277 1825 1358 baptismum
1876 1279 2246 1341 inefficacem
2283 1271 2584 1340 dicimus·
2611 1282 2726 1341 Per
2758 1299 2895 1342 enm
2934 1280 3093 1342 enim
3133 1281 3357 1342 tollitur

441 1359 856 1420 condemnatio
872 1404 890 1437 ,
952 1369 1171 1438 reatus,
1232 1361 1289 1420 &
1337 1359 1651 1421 dominans
1702 1360 1933 1438 peccati
1974 1358 2271 1439 originalis
2324 1359 2440 1419 vis:
2484 1358 2592 1420 etsi
2633 1359 2850 1422 sensim
2892 1361 3012 1420 hoc
3051 1360 3360 1438 concupis-

442 1437 668 1500 centiae
708 1438 914 1500 vitium
955 1442 1011 1501 &
1050 1451 1214 1500 actus
1253 1438 1407 1500 illius
1448 1440 1508 1499 in
1546 1450 1835 1501 vetustate
1875 1440 2070 1502 carnis
2107 1439 2408 1501 emoritur.
2451 1440 2606 1500 Nam
2627 1443 2764 1500 cum
2807 1440 3026 1500 Adami
3045 1443 3213 1519 lapsu
3233 1458 3357 1501 non

443 1521 635 1579 solum
696 1519 1014 1598 inquinati,
1072 1521 1179 1580 sed
1239 1521 1305 1596 (f.
1353 1523 1549 1594 1648.)
1603 1519 1781 1581 etiam
1820 1520 2132 1598 vulnerati,
2178 1521 2234 1578 &
2274 1519 2530 1598 grauiter
2569 1520 2827 1597 quassati
2866 1520 3046 1581 simus
3086 1524 3174 1597 (vt
3214 1521 3359 1581 scite

441 1599 800 1677 Bernardus,
840 1618 1113 1661 sermone
1150 1599 1215 1660 in
1255 1619 1447 1661 coena
1482 1600 1753 1676 Domini)
1794 1601 1981 1662 lauari
2008 1601 2127 1661 cito
2170 1617 2512 1678 possumus,
2551 1602 2630 1661 ad
2669 1602 2998 1661 sanandum
3030 1605 3173 1661 vero
3210 1618 3359 1678 opus

443 1689 531 1739 est
584 1679 890 1740 curatione
928 1681 1140 1758 multa,
1183 1695 1336 1757 quae
1374 1696 1498 1742 non
1536 1680 1649 1744 nisi
1686 1681 1747 1741 in
1787 1699 1860 1742 eo
1901 1684 2040 1744 loco
2085 1680 2384 1759 perficitur
2400 1726 2417 1761 ,
2459 1680 2562 1748 vbi
2599 1683 2796 1743 Deum
2835 1679 2988 1742 facie
3027 1681 3106 1740 ad
3146 1680 3360 1741 faciem

448 1757 745 1835 videntes,
786 1769 1165 1837 praeceptum
1207 1759 1387 1838 ipsius
1429 1760 1881 1839 complebimus.

522 1842 578 1898 8.
661 1841 885 1899 Modus
922 1839 1367 1930 propagationis
1404 1840 1564 1902 varie
1602 1845 1639 1900 a
1678 1840 1855 1915 variis
1892 1839 2158 1922 traditur.
2199 1840 2389 1901 Nobis
2427 1842 2576 1901 haec
2606 1842 2682 1902 de
2716 1841 2914 1901 multis
2948 1839 3202 1901 maxime
3222 1859 3359 1918 pro-

448 1919 659 1980 babilis
700 1929 988 1980 sententia
1024 1919 1273 1981 videtur.
1315 1919 1603 1998 Spoliauit
1639 1940 1895 1998 persona
1932 1932 2204 1982 naturam
2247 1921 2412 1982 dono
2436 1920 2687 1981 iustitiae
2707 1920 2768 1980 in
2787 1921 3022 1981 Adamo
3040 1966 3058 1999 ,
3079 1921 3135 1982 &
3153 1931 3360 1981 natura

443 1999 662 2059 Adami
724 2017 903 2077 egens
964 2001 1119 2060 facta
1176 2000 1255 2059 ad
1305 2019 1511 2080 omnes
1564 2019 1846 2083 personas
1861 2048 1878 2082 ,
1919 2018 2066 2078 quas
2107 2001 2234 2079 ipsa
2279 2002 2356 2083 de
2397 2019 2462 2061 se
2499 2012 2806 2082 procreat,
2847 2002 3059 2062 eadem
3101 2010 3359 2080 egestate

444 2078 900 2156 peccatrices&
940 2079 1181 2140 iniustas
1222 2080 1390 2161 facit,
1430 2091 1608 2159 atque
1646 2080 1728 2140 ita
1766 2081 1971 2141 transit
2011 2091 2321 2159 peccatum
2362 2081 2670 2158 personale
2692 2080 2911 2141 Adami
2937 2079 3000 2141 in
3031 2099 3238 2141 omnes
3258 2081 3362 2158 qui

444 2159 519 2218 de
560 2159 663 2218 illo
706 2160 1031 2219 secundum
1068 2169 1337 2220 naturam
1374 2161 1758 2240 personaliter
1796 2171 2216 2240 propagantur.
2281 2162 2435 2220 Nam
2476 2177 2583 2221 cur
2621 2159 2719 2220 hic
2761 2161 2838 2220 de
2865 2160 3096 2220 animae
3118 2160 3361 2222 traduce

445 2236 677 2301 solliciti
734 2238 941 2320 51111115,
1002 2240 1140 2304 cum
1200 2239 1275 2300 ad
1328 2241 1483 2302 hanc
1532 2241 1937 2336 quaestionem
1979 2241 2117 2301 satis
2157 2240 2264 2320 sit,
2304 2258 2427 2300 non
2467 2239 2568 2300 vni
2608 2239 2867 2319 homini,
2909 2239 3014 2300 sed
3054 2241 3360 2303 vniuersae

446 2314 703 2379 hominis
762 2329 1005 2379 naturae
1064 2337 1217 2400 quae
1263 2329 1386 2381 tota
1430 2321 1505 2380 'in
1566 2321 1802 2382 Adamo
1858 2325 1912 2382 &
1965 2338 2257 2399 nusquam
2297 2330 2464 2381 extra
2502 2319 2668 2380 illum
2717 2317 2874 2399 erat,
2917 2319 3223 2400 originalia
3265 2320 3364 2380 illa

447 2407 791 2460 ornamenta
830 2397 1042 2461 tradita
1082 2400 1258 2479 fuisse
1272 2446 1289 2477 ,
1330 2401 1544 2483 quibus
1584 2399 1809 2462 amissis
1847 2411 2055 2462 natura
2093 2402 2267 2481 inops
2308 2395 2625 2461 constituta
2665 2403 2720 2461 81
2761 2398 3065 2477 inquinata
3099 2399 3205 2480 sit,
3227 2419 3362 2479 pec-

445 2487 688 2559 catrixq.
730 2482 888 2541 facta
924 2480 987 2540 in
1027 2480 1302 2561 subiectis
1343 2482 1461 2542 suis
1502 2492 1845 2559 peccatores
1882 2478 2124 2563 gignere
2165 2501 2288 2542 non
2323 2478 2584 2541 desinat?
2625 2479 2852 2541 Ordine
2875 2479 3096 2559 quippe
3116 2492 3362 2541 naturae

446 2562 509 2620 fit
562 2571 626 2621 vt
675 2560 737 2620 e'
767 2560 989 2621 semine
1029 2562 1083 2621 &
1124 2560 1323 2622 radice
1362 2561 1573 2622 vitiosa
1612 2565 1833 2623 fructus
1872 2574 2069 2640 putres
2107 2564 2164 2621 &
2201 2561 2398 2622 vitiosi
2435 2571 2769 2621 nascantur.
2830 2560 2927 2621 Sic
2967 2565 3001 2620 0
3043 2561 3362 2637 sulphureo

447 2642 611 2701 fonte
650 2640 810 2701 riuus
848 2642 1197 2720 sulphureus
1238 2640 1454 2723 oritur,
1494 2661 1569 2702 ex
1608 2636 1801 2703 1113553
1840 2642 2010 2703 301(13
2047 2662 2232 2721 panes
2271 2640 2428 2725 acidi
2460 2641 2801 2720 pinsuntur,
2832 2660 2906 2701 ex
2926 2656 3047 2702 ouo
3069 2640 3356 2718 serpentis

447 2732 737 2780 venenato
777 2721 1051 2799 venenati
1076 2726 1390 2803 'serpentes
1430 2722 1766 2801 gignuntur.

529 2822 586 2881 9.
667 2798 945 2861 Animam
995 2800 1192 2879 itaque
1239 2812 1487 2884 peccato
1528 2802 1686 2862 infici
1728 2804 1791 2862 in
1832 2802 2254 2863 coniunctione
2297 2820 2435 2862 cum
2476 2820 2731 2880 corpore
2774 2804 2829 2861 &
2869 2818 3088 2879 corpus
3126 2798 3186 2859 in
3226 2818 3365 2859 con·

447 2879 749 2941 iunctione
789 2898 927 2940 cum
965 2880 1163 2941 anima
1199 2901 1322 2942 non
1363 2881 1723 2957 inficiamur,
1764 2880 1902 2963 quia
1942 2892 2255 2961 peccatum
2295 2892 2386 2943 est
2424 2882 2604 2942 totius
2635 2880 2948 2961 suppositi:
2967 2882 3196 2940 tantum
3217 2898 3366 2941 asse-

448 2960 631 3021 rimus
678 2960 743 3021 id
794 2979 919 3021 non
960 2962 1087 3021 fieri
1124 2960 1357 3023 actione
1397 2962 1565 3023 vnius
1604 2963 1667 3023 in
1711 2966 1988 3043 alterum,
2027 2964 2135 3024 sed
2173 2974 2414 3023 naturae
2455 2962 2699 3041 ordine,
2741 2964 2796 3020 &
2835 2961 2953 3022 Dei
2995 2958 3367 3021 ordinatione

451 3061 523 3101 ex
578 3040 677 3100 illa
738 3041 847 3101 toti
904 3042 1107 3119 generi
1165 3043 1427 3103 humano
1488 3045 1717 3121 prolata
1776 3042 2094 3103 sententia:
2167 3044 2522 3120 Quacunque
2570 3044 2661 3101 die
2702 3044 3012 3101 comederis
3053 3042 3121 3101 de
3144 3041 3360 3117 fructa

450 3122 687 3180 arboris
738 3124 1007 3181 scientiae
1056 3124 1195 3182 boni
1240 3124 1317 3181 ξφ
1363 3125 1533 3199 mali,
1586 3133 1770 3183 morte
1810 3126 2081 3183 morieris
2093 3141 2118 3195 ,·
2158 3122 2322 3183 cuius
2362 3121 2684 3183 sententiae
2725 3117 2989 3181 efficacia
3029 3120 3372 3182 substractis

450 3199 609 3279 aliis,
670 3201 725 3259 &
782 3200 1072 3281 corruptis
1111 3202 1222 3263 illis
1264 3196 1644 3282 originalibus
1685 3203 1857 3265 donis
1873 3250 1890 3284 ,
1932 3204 2147 3281 quibus
2185 3202 2348 3264 Deus
2388 3211 2655 3263 natvram
2697 3200 3079 3281 instruxerat,
3119 3202 3370 3262 alterum

450 3279 615 3341 alteri
666 3280 1052 3343 coniunctum
1107 3282 1275 3361 quasi
1325 3294 1531 3343 mutuo
1572 3294 1853 3344 contactu
1895 3284 2034 3344 ilico
2071 3282 2308 3344 vitiatur
2324 3330 2341 3364 ,
2383 3284 2438 3342 &
2475 3282 2559 3342 ita
2599 3281 2998 3362 corrumpitur
3016 3328 3034 3361 ,
3070 3292 3137 3343 vt
3177 3282 3372 3342 anima

452 3379 561 3439 pro
605 3358 690 3441 113
726 3361 942 3439 uirtute
982 3362 1259 3424 destituta
1300 3384 1541 3424 carnem
1580 3366 1736 3423 bene
1774 3383 1981 3442 regere
2021 3374 2303 3443 nequeat,
2344 3381 2459 3444 nec
2495 3364 2653 3425 bene
2694 3360 2833 3423 caro
2877 3359 3146 3443 obsequi.
3208 3362 3372 3421 Hinc

450 3440 551 3501 mu
635 3440 965 3520 Sapientiae
1004 3463 1135 3523 cap.
1174 3464 1228 3521 9.
1272 3459 1378 3522 15:
1421 3446 1707 3504 Infestvm
1746 3442 2111 3523 corruptioni
2151 3461 2368 3523 corpus
2406 3455 2689 3523 aggrauat
2727 3442 3012 3518 animam,
3055 3445 3110 3503 &
3143 3452 3374 3527 terrena

452 3520 735 3581 habitatio
778 3522 1053 3600 deprimit
1090 3534 1348 3585 mentem
1386 3520 1583 3583 multis
1619 3524 1772 3585 curis
1814 3526 2071 3602 plenam.
2247 3538 2256 3545 ·
2447 3579 2454 3585 .
3165 3540 3174 3547 ·

540 3620 631 3661 10.
710 3602 883 3663 Haec
924 3604 1000 3663 de
1040 3604 1225 3663 modo
1266 3602 1725 3681 propagationis
1789 3603 2131 3664 Subiectum
2175 3604 2346 3665 huius
2387 3604 2786 3683 corruptionis
2827 3620 2932 3663 seu
2961 3603 3037 3662 ad
3071 3619 3223 3681 quos
3243 3620 3370 3681 per-

455 3678 635 3741 tineat
687 3699 761 3740 ex
804 3681 1199 3759 superioribus
1238 3683 1406 3743 facile
1459 3684 1659 3762 colligi
1696 3694 1911 3761 potest.
1973 3684 2286 3745 Neminem
2329 3684 2485 3745 enim
2527 3684 2609 3750 ab
2642 3683 2762 3744 1100
2801 3682 3054 3765 1131111311
3093 3681 3373 3761 contagio

455 3758 645 3853 excipi
686 3760 971 3840 diximus,
1010 3760 1113 3841 qui
1151 3774 1392 3824 naturae
1432 3774 1742 3846 corruptae
1785 3763 1996 3823 ordine
2039 3774 2382 3842 procreatus
2423 3764 2529 3844 sit,
2571 3763 2722 3824 thesi
2761 3784 2818 3837 4.
2857 3764 3018 3823 Nam
3038 3762 3114 3822 de
3135 3758 3372 3821 Christo

456 3838 643 3901 facilis
701 3852 790 3901 est
852 3842 1155 3921 exceptiO,
1215 3842 1354 3920 quia
1413 3846 1550 3903 cum
1608 3843 1857 3921 ventris,
1918 3862 2040 3903 non
2098 3845 2475 3921 lumborum,
2516 3862 2590 3903 ex
2631 3842 2852 3921 gratiA,
2889 3862 3013 3903 non
3053 3860 3126 3901 ex
3165 3840 3375 3901 natura

458 3922 679 3981 fructus
721 3921 827 4001 sit3
868 3924 1026 3982 solus
1059 3922 1141 3982 ita
1180 3922 1374 3999 potuit
1412 3924 1607 4003 nasci,
1648 3933 1712 3983 vt
1748 3922 1803 3983 ei
1840 3942 1964 3983 non
2008 3942 2158 4001 opus
2201 3934 2352 3985 esset
2395 3922 2640 3984 renasci.
2705 3922 2833 3982 Etsi
2873 3920 3032 3982 enim
3076 3940 3256 3981 carne
3297 3922 3374 3982 ab

458 4001 696 4060 Adamo
758 4000 1097 4080 descendit,
1149 4002 1270 4063 eius
1319 4013 1519 4063 tamen
1565 4013 1888 4080 conceptus
1931 4006 2056 4064 non
2093 4006 2224 4081 lege
2263 4002 2494 4082 peccati
2538 4006 2592 4063 &
2633 4000 3113 4079 concupiscentia
3151 4000 3376 4079 0311115,

458 4096 576 4157 qua
615 4080 743 4140 solil
784 4080 1150 4142 foecunditas
1192 4092 1435 4143 naturae
1474 4084 1775 4161 foedatur,
1817 4084 2147 4159 celebratus
2195 4094 2308 4157 est,
2354 4084 2459 4143 sed
2502 4082 2747 4163 Spiritus
2784 4080 2984 4143 Sancti
3003 4080 3374 4159 operatione:

460 4169 661 4220 noster
700 4166 842 4222 vero
885 4173 1241 4241 conceptus,
1283 4165 1420 4222 cum
1461 4162 1587 4224 sine
1623 4162 1865 4223 libidine
1905 4179 2031 4222 non
2071 4164 2203 4241 fiat,
2245 4182 2356 4223 nec
2399 4163 2522 4223 sine
2563 4172 2815 4240 peccato
2856 4172 2964 4222 est.
3183 4164 3192 4178 “

546 4260 635 4299 11.
718 4242 927 4319 Neque
966 4244 1044 4302 ab
1076 4242 1191 4301 hac
1232 4240 1472 4319 originis
1510 4245 1645 4303 labe
1684 4243 1966 4319 infantes,
2006 4252 2069 4303 vt
2105 4256 2282 4319 supra
2313 4242 2537 4302 dictum
2559 4251 2896 4320 est,neque
2916 4240 3105 4321 ipsam
3127 4240 3378 4301 Mariam

461 4319 801 4399 eximimus,
842 4331 904 4382 vt
941 4339 1093 4401 quae
1132 4340 1206 4382 ex
1244 4322 1565 4383 concubitu
1606 4322 1781 4383 maris
1822 4326 1876 4382 &
1918 4321 2212 4383 foeminae
2254 4334 2392 4383 nata
2433 4322 2507 4383 sit
2526 4367 2543 4401 ,
2585 4322 2644 4381 in
2683 4332 2932 4401 peccato
2953 4333 3018 4382 vt
3040 4320 3134 4403 alij
3152 4366 3168 4399 ,
3190 4330 3379 4396 eoque

1896 4420 1964 4459 22
3017 4409 3379 4461 seruatorem
