3923 4875
1562 0 2345 25 RRRRRRRRRRRRRRR

494 142 860 224 oppidorum
914 143 1352 221 vtilitatemque
1394 141 1717 222 pertinent:
1758 141 1914 202 muri
1948 149 2150 202 autem
2185 138 2422 202 termini
2463 138 2630 202 caeci
2668 149 2804 201 sunt
2845 143 2935 216 (vt
2971 137 3055 200 ita
3091 138 3430 217 loquamur)

494 243 621 286 non
683 225 763 286 ad
826 221 1099 286 actiones
1158 221 1399 302 quasuis
1459 219 1685 283 ciuitati
1744 223 2100 284 commodas
2113 267 2129 300 ,
2193 221 2304 284 sed
2348 221 2430 283 ad
2469 230 2878 300 tegumentum
2918 221 2975 281 δι
3017 219 3430 280 defensionem

492 305 879 368 solummodo
945 303 1301 382 comparati.
1362 303 1547 382 Quod
1588 313 1788 363 autem
1828 301 2268 364 extremitatum
2307 300 2703 382 appellatione
2742 300 2806 362 id
2845 309 3040 362 totum
3077 299 3438 379 intelligatur

500 386 670 464 quod
724 383 839 447 illis
914 382 1435 464 comprehenditur
1448 427 1468 464 ,
1526 381 1751 444 nemini
1802 381 2032 444 homini
2079 381 2344 444 insolens
2391 380 2580 444 videri
2617 389 2842 460 potest,
2883 381 2986 459 qui
3023 379 3086 442 in
3128 399 3234 442 ore
3275 379 3438 460 vulgi

492 463 836 527 innumeras
892 462 1189 527 eiusmodi
1240 462 1578 526 locutiones
1636 461 2149 541 animaduerterit,
2201 461 2516 524 continens
2569 480 2683 541 pro
2723 470 3011 523 contento
3024 505 3042 538 ,
3081 471 3146 522 vt
3183 471 3434 540 vocant,

492 546 854 624 vsurpantis:
912 555 979 607 vt
1038 563 1384 606 crumenam
1445 553 1655 638 petens
1714 543 2032 622 pecuniam
2077 542 2248 622 petit.
2309 542 2498 621 Quod
2536 553 2736 604 autem
2777 545 3081 622 postremo
3121 560 3234 620 pro
3271 541 3431 620 iure,

490 626 869 704 auctoritate,
910 623 1208 705 potentiA,
1247 622 1790 701 administratione,
1832 627 1887 686 δι
1926 640 2036 686 vsu
2079 622 2472 702 significando
2511 622 2790 684 dicuntur
2827 631 3070 701 portae,
3109 619 3175 683 id
3205 625 3244 682 a
3271 639 3434 682 com·

492 705 660 768 muni
700 724 871 767 more
911 703 1089 785 prisci
1128 705 1285 766 illius
1330 705 1515 766 seculi
1552 706 1890 783 profectum
1930 714 2038 766 est.
2080 707 2240 766 Nam
2282 704 2362 766 ad
2403 713 2608 782 portas
2647 701 3008 764 munitiones
3027 710 3195 763 erant
3208 747 3228 774 ‚
3247 720 3434 764 arma-

494 785 786 848 mentaria
823 785 1101 848 basilicae
1116 830 1136 864 ,
1176 787 1340 863 fora,
1380 787 1437 846 δι
1478 795 1811 846 conuentus
1852 783 2094 847 dicendi
2133 784 2276 846 iuris
2289 829 2308 865 ,
2347 793 2418 845 vt
2453 782 2655 844 multis
2683 781 3022 862 Scripturae
3053 782 3204 844 locis
3223 783 3436 843 confir·

488 877 713 930 matur:
754 867 935 928 Vnde
974 885 1111 928 mos
1150 857 1249 928 ill'e
1293 865 1583 943 obtinuit,
1622 875 1691 926 vt
1728 864 1847 942 ius,
1888 864 2210 926 auctoritas
2225 910 2243 944 ,
2283 864 2602 926 consilium
2617 909 2634 938 ,
2655 861 2954 942 potentia,
2974 863 3032 925 δι
3051 861 3206 924 vires
3227 881 3438 924 omnes

492 955 805 1028 portarum
862 945 1109 1008 nomine
1157 955 1528 1008 notarentur.
1590 947 1767 1007 Matt.
1813 947 1905 1006 16.
1954 949 2045 1006 18.
2111 945 2256 1021 Quo
2289 961 2483 1007 ..sensu
2533 943 2776 1006 dicebat
2813 943 3112 1020 Christus,
3153 943 3440 1006 aduersus

490 1036 723 1169 heu-am
772 1027 829 1086 δι
886 1037 1347 1105 supet-structam
1391 1026 1723 1087 Ecclesiam
1762 1043 1889 1086 non
1930 1043 2062 1087 esse
2103 1027 2170 1102 (f.
2212 1027 2356 1119 699)
2391 1023 2814 1104 praeualituras
2850 1023 3177 1086 inferorum
3216 1032 3441 1103 portas.

554 1106 621 1168 ic
659 1111 803 1170 vero
845 1125 971 1168 non
1012 1107 1209 1186 agitur
1248 1107 1328 1168 de
1388 1105 1575 1186 portis
1613 1105 1917 1167 Ecclesiae
1958 1107 2300 1168 fabrefactis
2339 1108 2396 1168 δι
2437 1103 2868 1180 materialibus,
2907 1123 3032 1166 non
3071 1105 3151 1166 de
3182 1121 3440 1183 corpore

494 1185 749 1250 ciuitatis
788 1185 1197 1266 aspectabilis,
1238 1205 1363 1248 non
1407 1187 1485 1248 de
1525 1185 1737 1248 ordine
1776 1186 2046 1247 humano
2085 1196 2188 1248 aut
2225 1183 2496 1266 potentia
2537 1187 2658 1246 vlla
2694 1183 2924 1264 carnisr,
2959 1185 3066 1246 sed
3085 1184 3162 1246 de
3182 1202 3438 1263 corpore

496 1266 629 1348 ipso
674 1267 1011 1329 Ecclesiae:
1050 1267 1219 1346 quod
1258 1269 1399 1328 cum
1436 1266 1741 1346 spirituale
1780 1266 1855 1328 sit
1891 1265 2164 1328 Ecclesia
2209 1277 2329 1346 est,
2369 1277 2674 1346 portarum
2715 1282 2958 1344 quoque
2978 1263 3440 1345 appellationem

500 1345 787 1427 spirituali
828 1349 1015 1409 modo
1059 1357 1299 1427 oportet
1337 1345 1749 1426 intelligamus.
1796 1347 1945 1408 Sunt
1982 1346 2162 1426 igitur
2201 1356 2411 1426 portae
2449 1346 2724 1408 Ecclesia
2760 1345 2922 1426 ipsa,
2961 1346 3019 1408 δι
3059 1345 3247 1407 sancti
3283 1343 3438 1408 illius

500 1428 650 1490 fines
689 1426 747 1488 δι
786 1427 1021 1490 termini
1058 1431 1097 1489 a
1134 1430 1269 1489 Deo
1310 1426 1719 1506 circumpositi
1758 1425 2066 1490 Ecclesiae
2105 1437 2286 1505 atque
2325 1425 2632 1490 constituti
2671 1427 2752 1489 ad
2781 1425 3052 1505 corporis
3069 1425 3240 1488 vnius
3260 1443 3438 1506 coag-

502 1506 932 1570 mentationem
946 1551 965 1588 ,
1004 1509 1061 1570 δι
1100 1507 1323 1568 iustum
1364 1507 1641 1569 ordinem
1681 1507 2295 1588 gubernationemque
2331 1505 2504 1576 illius,

580 1588 699 1650 His
748 1587 939 1667 portis
994 1591 1034 1649 a
1070 1589 1207 1650 Deo
1246 1587 1457 1667 positis
1471 1630 1490 1667 ,
1528 1607 1852 1668 personae,
1892 1607 2017 1664 res,
2055 1587 2112 1648 δι
2151 1587 2421 1650 actiones
2461 1603 2616 1665 quae
2651 1604 2856 1649 coram
2895 1587 3032 1648 Deo
3071 1584 3134 1648 in
3169 1583 3441 1648 Ecclesia

514 1678 679 1744 sunt,
737 1667 1139 1731 continentur.
1198 1669 1497 1730 Personae
1510 1715 1529 1746 ,
1582 1671 1621 1730 a
1668 1669 1806 1730 Deo
1846 1678 2128 1742 vocatae3
2165 1687 2261 1730 res
2296 1671 2336 1729 a
2373 1669 2510 1730 Deo
2550 1667 2756 1749 datae3
2797 1665 3067 1729 actiones
3105 1665 3364 1745 denique
3401 1667 3442 1726 a

515 1749 655 1812 Deo
690 1748 752 1810 in
792 1747 1128 1810 Ecclesiam
1167 1748 1513 1829 praestitae,
1552 1750 1610 1811 δι
1650 1748 1710 1809 in
1752 1767 1825 1809 ea
1864 1746 2039 1810 nobis
2077 1747 2419 1827 imperatae.
2479 1748 2634 1809 cum
2675 1747 2874 1826 itaque
2913 1745 3116 1810 Sancti
3155 1757 3444 1808 testantur

512 1831 715 1906 palam
758 1830 947 1910 pedes
993 1848 1132 1890 suos
1168 1848 1291 1890 esse
1326 1831 1699 1891 consa-tentes
1734 1831 1797 1890 in
1823 1831 2030 1908 portis
2059 1831 2633 1907 Hierosolymorum,
2677 1829 2755 1889 ad
2795 1826 2909 1888 tria
2945 1827 3048 1889 illa
3083 1825 3440 1908 respiciunt3

509 1909 768 1987 Deoque
825 1909 883 1971 δι
942 1908 1248 1971 Ecclesiae
1302 1909 1628 1988 spondent,
1682 1927 1745 1970 se
1796 1918 2104 1988 tamquam
2141 1927 2428 1988 personas
2465 1912 2502 1969 a
2540 1910 2674 1970 Deo
2717 1909 2937 1970 electas
2975 1917 3156 1985 atque
3195 1917 3439 1969 vocatas

508 1989 801 2070 gratiose,
840 2000 1322 2068 perseueraturos
1360 1988 1523 2068 apud
1560 2007 1626 2050 se
1666 1990 1724 2051 δι
1764 1987 1917 2050 inter
1954 2007 2022 2050 se
2059 2007 2264 2049 coram
2302 1989 2571 2050 Domino
2611 1989 2674 2051 in
2702 1987 2976 2050 Ecclesia
3013 1987 3139 2050 eius
3159 1988 3242 2049 vti
3260 1988 3441 2050 rebus

506 2073 547 2131 a
595 2071 733 2131 Deo
789 2066 945 2131 datis
958 2114 979 2142 ,
1020 2087 1085 2131 se
1122 2070 1393 2131 laborem
1434 2077 1897 2149 consumpturos
1934 2068 1999 2131 in
2037 2068 2376 2130 actionibus
2415 2069 2540 2131 eius
2577 2069 3002 2148 percipiendis,
3042 2070 3100 2131 δι
3137 2067 3200 2130 in
3239 2069 3442 2130 obser-

504 2148 721 2211 uandis
778 2149 1167 2227 colendisque
1206 2147 1491 2228 operibus
1528 2149 1608 2211 ab
1648 2149 1779 2228 ipso
1820 2147 2126 2229 imperatis
2167 2159 2526 2229 occupatum
2563 2147 2871 2211 iri.Ci1m
2912 2157 3112 2210 autem
3147 2165 3346 2210 rerum
3385 2151 3442 2211 δι

499 2229 803 2292 actionum
818 2273 837 2306 ,
892 2245 1145 2308 quarum
1184 2229 1335 2291 aliae
1372 2229 1435 2291 in
1476 2227 1712 2309 priuato
1754 2231 1811 2291 δι
1852 2228 2135 2309 singulari
2173 2247 2282 2290 vsu
2295 2275 2314 2306 ,
2354 2229 2416 2290 in
2456 2228 2704 2309 publico
2745 2228 2960 2292 ordine
2999 2227 3231 2309 positae
3269 2239 3408 2292 sunt

498 2310 715 2371 modus
760 2308 1043 2389 deinceps
1083 2308 1469 2388 sequentibus
1508 2309 1781 2371 versibus
1818 2321 2176 2403 exponatur,
2215 2309 2368 2371 haec
2409 2309 2613 2372 omnia
2654 2312 2729 2372 eo
2769 2327 2974 2371 sumus
3015 2307 3306 2371 reiecturi.
3371 2311 3402 2369 1

497 2407 683 2453 vnum
742 2393 925 2470 quam
987 2388 1431 2471 diligentissime
1488 2389 1795 2453 recordari
1850 2408 1986 2469 p1os
2037 2408 2280 2453 necesse
2331 2401 2448 2469 est,
2493 2389 2995 2471 perseuerantiam
3035 2407 3156 2469 qua
3191 2398 3442 2453 vtuntur

499 2470 777 2533 homines
817 2482 983 2533 extra
1022 2470 1355 2533 Ecclesiam
1371 2516 1389 2548 ,
1428 2482 1533 2532 aut
1570 2470 1750 2533 etiam
1792 2470 1855 2532 in
1894 2470 2190 2545 Ecclesia,
2232 2480 2398 2533 extra
2437 2474 2584 2534 fines
2623 2474 2662 2533 a
2698 2473 2834 2533 Deo
2869 2470 3253 2547 constitutos,
3273 2470 3438 2533 dam·

498 2552 757 2613 nabilem
798 2570 928 2612 esse
964 2551 1389 2629 pertinaciam:
1422 2570 1637 2613 omnes
1674 2560 1875 2612 autem
1914 2551 2186 2613 laborem
2227 2568 2398 2613 suum
2414 2596 2433 2631 ,
2475 2570 2752 2631 operam,
2791 2560 2970 2629 atque
2989 2551 3340 2614 industriam
3361 2552 3435 2613 eo

501 2633 775 2693 conferre
811 2640 1119 2711 oportere,
1161 2642 1226 2693 vt
1262 2650 1389 2693 non
1428 2632 1623 2693 solum
1664 2631 1727 2693 in
1764 2630 2036 2693 Ecclesia
2074 2631 2220 2707 sint,
2261 2632 2370 2693 sed
2409 2632 2588 2694 etiam
2627 2650 2704 2693 ex
2745 2631 3014 2693 Ecclesia
3049 2631 3197 2710 sint,
3239 2634 3294 2695 δι
3314 2642 3437 2693 tan-

502 2728 682 2791 quam
724 2730 1007 2791 germana
1048 2713 1319 2773 membra
1354 2711 1510 2773 illius
1550 2709 1613 2773 in
1659 2713 1837 2774 rebus
1878 2710 2219 2773 actionibus
2257 2712 2603 2775 decentibus
2643 2712 3024 2774 vocationem
3063 2728 3230 2773 suam
3269 2710 3432 2773 inde·

504 2792 767 2855 sinenter
830 2810 959 2853 sese
1017 2802 1365 2855 exerceant:
1416 2803 1595 2871 atque
1656 2792 1835 2853 etiam
1884 2790 2090 2885 siquae
2132 2790 2352 2855 dubiae
2389 2803 2556 2870 sunt,
2599 2792 2804 2871 siquae
2841 2791 3209 2872 incognitae,
3249 2792 3326 2852 de
3364 2790 3434 2855 iis

92 1403 97 1432 -.
93 1313 97 1348 --
92 1227 101 1270 ..-
92 1145 99 1186 -η
92 1065 101 1104 ψ·-
92 983 101 1026 —
92 901 101 944 .-
92 817 103 862 -v
92 737 101 780 0—
92 655 103 698 υ·-
92 493 105 616 -ιρη
92 411 105 454 '⁸
92 247 109 372 -·-
92 147 107 208 ”-

92 2454 97 2493 1

92 2615 99 2655 ι

92 2696 98 2737 ι

92 2777 101 2820 ι

92 2854 99 2901 ¹
504 2882 821 2952 quaerant,
862 2874 919 2934 δι
958 2873 1271 2967 consulant
1284 2916 1303 2953 ,
1342 2872 1853 2967 quemadmodum
1892 2890 1954 2933 m
1995 2871 2183 2951 portis
2223 2871 2368 2934 olim
2399 2872 2612 2967 singuli
2643 2872 2978 2967 functiones
3007 2891 3142 2967 suas
3161 2873 3434 2935 solebant

92 3002 100 3063 ⁵
505 2952 1150 3111 mamimus?
1190 2970 1783 3113 &3232222332
1808 2954 2926 3096 ffizffiufflsszfflssffifflt
2955 2953 3436 3095 ⁸:332?ssss

508 3112 804 3189 omnium,
844 3122 973 3173 tum
1018 3112 1194 3175 etiam
1234 3112 1515 3207 singulari
1551 3124 1733 3193 atque
1770 3117 1861 3191 (vt
1900 3116 2147 3191 vocant)
2188 3113 2486 3192 personali
2526 3113 2846 3177 conuenire
2859 3159 2878 3191 ,
2920 3134 2994 3175 ea
3033 3116 3189 3175 vltro
3229 3113 3436 3175 defun·

92 3186 100 3227 ⁸
507 3191 691 3273 giturt
733 3194 813 3255 de
856 3191 1073 3271 quibus
1112 3197 1256 3255 vero
1294 3192 1442 3255 mhil
1480 3196 1659 3273 plane
1672 3240 1689 3271 ,
1728 3204 1832 3256 aut
1865 3212 1994 3254 non
2033 3192 2174 3255 satis
2215 3192 2567 3257 informatus
2608 3194 2840 3257 videtur
2879 3194 2994 3258 sibi
3030 3194 3094 3256 in
3130 3193 3334 3256 animo
3377 3193 3435 3255 δι

92 3274 98 3291 ⁶
508 3271 873 3336 conscientia
886 3317 905 3350 ,
944 3284 1169 3335 certam
1208 3291 1419 3336 eorum
1457 3274 1747 3336 rationem
1786 3294 1861 3335 ex
1897 3272 2016 3335 Dei
2053 3274 2243 3335 verbo
2256 3318 2275 3353 ,
2313 3284 2416 3338 aut
2453 3273 2632 3337 certis
2671 3274 3030 3337 administris
3067 3274 3221 3337 illius
3253 3272 3436 3337 fideli-

92 3327 99 3390 ι
506 3354 739 3433 busque
776 3352 1312 3433 dispensatoribus,
1352 3365 1672 3433 antequam
1712 3354 1791 3416 ad
1831 3372 1984 3433 opus
2021 3353 2394 3434 accingatur,
2434 3354 2703 3435 religiose
2743 3354 3086 3434 cogniturus
3127 3364 3237 3417 est.

92 3428 101 3471 ¹
588 3436 728 3496 Hac
776 3433 1217 3527 perseuerantia
1264 3434 1499 3514 piorum
1539 3432 1853 3497 hominum
1894 3432 2231 3513 finibusque
2268 3434 2478 3515 positis
2491 3480 2512 3513 ,
2551 3436 2628 3498 de
2669 3436 2916 3498 testibus
2955 3435 3280 3498 videndum
3321 3442 3438 3515 est,

92 3510 99 3551 ¹
508 3515 611 3593 qui
644 3517 684 3575 a
722 3512 855 3575 filiis
892 3513 1011 3575 Dei
1048 3516 1171 3576 hoc
1208 3516 1351 3577 loco
1392 3516 1779 3595 appellantur.
1820 3514 1917 3575 Ac
1953 3514 2192 3577 testium
2233 3515 2478 3594 quidem
2491 3560 2512 3593 ,
2551 3526 2692 3578 ante
2730 3532 2986 3595 quorum
3026 3516 3235 3577 oculos
3263 3514 3436 3577 decet

507 3612 623 3657 nos
662 3595 831 3657 obire
870 3593 1247 3656 vocationem
1286 3605 1586 3675 nostram,
1625 3595 1809 3656 multa
1840 3604 1979 3657 sunt
2009 3614 2248 3675 genera.
2267 3606 2479 3657 testem
2498 3596 2658 3657 enim
2676 3596 2968 3659 habemus
2985 3596 3400 3658 vniuersorum
3414 3640 3436 3675 ,

92 3673 99 3715 ⁵
508 3676 567 3737 δι
608 3692 806 3736 rerum
847 3673 1023 3736 etiam
1063 3674 1565 3737 abditissimarum
1606 3674 2010 3768 cognitorem,
2043 3674 2147 3752 qui
2179 3676 2356 3737 etiam
2389 3676 2570 3737 iudex
2589 3680 2819 3739 futurus
2839 3688 2957 3748 est,
2977 3678 3196 3738 Deum.
3236 3673 3435 3736 Huius

92 3756 97 3795 ¹
508 3754 916 3817 testimonium
976 3760 1179 3817 sancte
1228 3774 1432 3817 coram
1482 3755 1855 3834 homimbus,
1908 3754 2011 3819 vbi
2047 3756 2164 3818 alia
2202 3755 2542 3818 testimonia
2577 3776 2704 3819 non
2742 3769 3026 3837 prosunt,
3067 3776 3145 3819 ex
3182 3756 3436 3849 pietate,

506 3840 753 3897 veritate
767 3879 785 3911 ,
846 3835 904 3897 Gt
962 3835 1252 3897 charitate
1304 3836 1690 3915 appellamus.
1748 3837 1957 3899 Testes
2025 3834 2167 3897 item
2205 3836 2494 3897 habemus
2531 3840 2775 3931 angelos
2815 3842 2849 3899 e
2891 3840 3090 3915 caelo,
3129 3852 3436 3897 commum

516 3916 783 3977 Domino
821 3935 961 3977 cum
997 3916 1269 3978 Ecclesia
1306 3917 1731 3995 obsequentes,
1770 3915 1828 3977 δι
1860 3915 2024 3977 ciues
2043 3917 2424 3979 Hierusalem
2443 3917 2596 3979 illius
2615 3937 2678 3979 m
2707 3918 2914 3995 caelis,
2937 3920 3116 3997 qui&
3135 3916 3432 3979 intuentur

516 3995 731 4059 faciem
782 3998 963 4076 patuis
1000 3995 1189 4059 nosti-i
1226 3996 1333 4077 qui
1370 3996 1433 4059 in
1468 3995 1649 4059 caelis
1687 4006 1807 4079 est,
1846 3997 2131 4060 mandata
2170 3996 2326 4061 illius
2367 3997 2701 4081 accepturi,
2741 4001 2798 4061 δι
2837 3998 3259 4141 minimorusstltfiul
3255 3996 3434 4058 etiam

3047 4097 3130 4159 pu
3259 4094 3434 4141 orum
