<?xml version="1.0" encoding="UTF-8"?>
<!DOCTYPE html PUBLIC "-//W3C//DTD XHTML 1.0 Transitional//EN"
    "http://www.w3.org/TR/xhtml1/DTD/xhtml1-transitional.dtd">
<html xmlns="http://www.w3.org/1999/xhtml" xml:lang="en" lang="en">
 <head>
  <title>
</title>
<meta http-equiv="Content-Type" content="text/html;charset=utf-8" />
  <meta name='ocr-system' content='tesseract 3.04.00' />
  <meta name='ocr-capabilities' content='ocr_page ocr_carea ocr_par ocr_line ocrx_word'/>
</head>
<body>
  <div class='ocr_page' id='page_1' title='image "./dfranciscijunii00junigoog_0288.png"; bbox 0 0 3923 4875; ppageno 0'>
   <div class='ocr_carea' id='block_1_1' title="bbox 1384 363 3357 421">
    <p class='ocr_par' dir='ltr' id='par_1_1' title="bbox 1384 363 3357 421">
     <span class='ocr_line' id='line_1_1' title="bbox 1384 363 3357 421; baseline 0.004 -7"><span class='ocrx_word' id='word_1_1' title='bbox 1384 369 1713 414; x_wconf 67' lang='lat' dir='ltr'>‘tunsus</span> <span class='ocrx_word' id='word_1_2' title='bbox 1772 368 2425 418; x_wconf 71' lang='lat' dir='ltr'>rntonoorcaa.</span> <span class='ocrx_word' id='word_1_3' title='bbox 3250 363 3357 421; x_wconf 75' lang='lat'>261</span> 
     </span>
    </p>
   </div>
   <div class='ocr_carea' id='block_1_2' title="bbox 421 532 3369 4525">
    <p class='ocr_par' dir='ltr' id='par_1_2' title="bbox 426 532 3363 1257">
     <span class='ocr_line' id='line_1_2' title="bbox 427 532 3363 618; baseline 0.002 -21"><span class='ocrx_word' id='word_1_4' title='bbox 427 539 526 599; x_wconf 86' lang='lat' dir='ltr'>vel</span> <span class='ocrx_word' id='word_1_5' title='bbox 575 537 878 614; x_wconf 78' lang='lat' dir='ltr'>absolute,</span> <span class='ocrx_word' id='word_1_6' title='bbox 932 544 996 594; x_wconf 85' lang='lat' dir='ltr'>vt</span> <span class='ocrx_word' id='word_1_7' title='bbox 1044 533 1341 614; x_wconf 80' lang='lat' dir='ltr'>Tbeologi</span> <span class='ocrx_word' id='word_1_8' title='bbox 1379 544 1607 596; x_wconf 86' lang='lat' dir='ltr'>veteres</span> <span class='ocrx_word' id='word_1_9' title='bbox 1645 534 1704 594; x_wconf 82' lang='grc' dir='ltr'>8τ</span> <span class='ocrx_word' id='word_1_10' title='bbox 1743 532 2119 596; x_wconf 72' lang='lat' dir='ltr'>recentiores.</span> <span class='ocrx_word' id='word_1_11' title='bbox 2178 537 2427 596; x_wconf 82' lang='lat' dir='ltr'>Veteres</span> <span class='ocrx_word' id='word_1_12' title='bbox 2466 537 2685 597; x_wconf 87' lang='lat' dir='ltr'>eodem</span> <span class='ocrx_word' id='word_1_13' title='bbox 2730 555 2904 598; x_wconf 87' lang='lat' dir='ltr'>sensu</span> <span class='ocrx_word' id='word_1_14' title='bbox 2946 536 3363 618; x_wconf 83' lang='lat' dir='ltr'>intelligebant</span> 
     </span>
     <span class='ocr_line' id='line_1_3' title="bbox 426 613 3360 702; baseline 0.002 -26"><span class='ocrx_word' id='word_1_15' title='bbox 426 635 554 696; x_wconf 89' lang='lat' dir='ltr'>quo</span> <span class='ocrx_word' id='word_1_16' title='bbox 609 620 768 694; x_wconf 65' lang='grc' dir='ltr'><strong><em>μυςῃ·</em></strong></span> <span class='ocrx_word' id='word_1_17' title='bbox 805 639 900 677; x_wconf 72' lang='grc' dir='ltr'>ιον</span> <span class='ocrx_word' id='word_1_18' title='bbox 935 618 994 677; x_wconf 88' lang='lat'>&amp;</span> <span class='ocrx_word' id='word_1_19' title='bbox 1031 613 1244 677; x_wconf 86' lang='lat' dir='ltr'>iisdem</span> <span class='ocrx_word' id='word_1_20' title='bbox 1281 613 1498 677; x_wconf 87' lang='lat' dir='ltr'>finibus</span> <span class='ocrx_word' id='word_1_21' title='bbox 1539 631 1678 676; x_wconf 87' lang='lat' dir='ltr'>cum</span> <span class='ocrx_word' id='word_1_22' title='bbox 1707 613 1821 677; x_wconf 78' lang='lat' dir='ltr'>&#39;illo</span> <span class='ocrx_word' id='word_1_23' title='bbox 1859 613 2341 678; x_wconf 84' lang='lat' dir='ltr'>terminauerunt.</span> <span class='ocrx_word' id='word_1_24' title='bbox 2404 614 2753 694; x_wconf 86' lang='lat' dir='ltr'>Mysterium</span> <span class='ocrx_word' id='word_1_25' title='bbox 2793 629 2991 679; x_wconf 88' lang='lat' dir='ltr'>autem</span> <span class='ocrx_word' id='word_1_26' title='bbox 3033 618 3145 680; x_wconf 89' lang='lat' dir='ltr'>tria</span> <span class='ocrx_word' id='word_1_27' title='bbox 3184 619 3360 702; x_wconf 87' lang='lat' dir='ltr'>signi-</span> 
     </span>
     <span class='ocr_line' id='line_1_4' title="bbox 428 693 3359 778; baseline 0.002 -20"><span class='ocrx_word' id='word_1_28' title='bbox 428 699 588 758; x_wconf 88' lang='lat' dir='ltr'>ficat.</span> <span class='ocrx_word' id='word_1_29' title='bbox 645 698 693 756; x_wconf 89' lang='lat'>1.</span> <span class='ocrx_word' id='word_1_30' title='bbox 851 693 1123 774; x_wconf 83' lang='lat' dir='ltr'>nsilium,</span> <span class='ocrx_word' id='word_1_31' title='bbox 1183 705 1475 758; x_wconf 85' lang='lat' dir='ltr'>secretum</span> <span class='ocrx_word' id='word_1_32' title='bbox 1536 697 1592 756; x_wconf 75' lang='grc' dir='ltr'>δι</span> <span class='ocrx_word' id='word_1_33' title='bbox 1632 711 1944 772; x_wconf 87' lang='lat' dir='ltr'>arcanum,</span> <span class='ocrx_word' id='word_1_34' title='bbox 1984 697 2142 758; x_wconf 91' lang='lat' dir='ltr'>Dan.</span> <span class='ocrx_word' id='word_1_35' title='bbox 2183 715 2238 756; x_wconf 83' lang='lat'>2.</span> <span class='ocrx_word' id='word_1_36' title='bbox 2282 713 2375 772; x_wconf 83' lang='lat'>27.</span> <span class='ocrx_word' id='word_1_37' title='bbox 2416 707 2481 758; x_wconf 89' lang='lat' dir='ltr'>vt</span> <span class='ocrx_word' id='word_1_38' title='bbox 2518 696 2705 774; x_wconf 90' lang='lat' dir='ltr'>liquet</span> <span class='ocrx_word' id='word_1_39' title='bbox 2749 717 2823 758; x_wconf 83' lang='lat' dir='ltr'>ex</span> <span class='ocrx_word' id='word_1_40' title='bbox 2864 697 3075 778; x_wconf 74' lang='grc' dir='ltr'><strong>ἓτύμφ.</strong></span> <span class='ocrx_word' id='word_1_41' title='bbox 3117 700 3359 763; x_wconf 86' lang='lat' dir='ltr'>Dictum</span> 
     </span>
     <span class='ocr_line' id='line_1_5' title="bbox 427 773 3357 858; baseline 0.001 -18"><span class='ocrx_word' id='word_1_42' title='bbox 427 777 592 840; x_wconf 83' lang='lat' dir='ltr'>enim</span> <span class='ocrx_word' id='word_1_43' title='bbox 630 785 720 837; x_wconf 84' lang='lat' dir='ltr'>est</span> <span class='ocrx_word' id='word_1_44' title='bbox 757 779 794 836; x_wconf 75' lang='grc' dir='ltr'>ὲ,</span> <span class='ocrx_word' id='word_1_45' title='bbox 830 776 959 850; x_wconf 72' lang='grc' dir='ltr'>μῦο</span> <span class='ocrx_word' id='word_1_46' title='bbox 997 775 1234 854; x_wconf 66' lang='lat' dir='ltr'>proprie</span> <span class='ocrx_word' id='word_1_47' title='bbox 1247 821 1265 852; x_wconf 93' lang='lat'>,</span> <span class='ocrx_word' id='word_1_48' title='bbox 1307 777 1400 837; x_wconf 82' lang='lat' dir='ltr'>vel</span> <span class='ocrx_word' id='word_1_49' title='bbox 1439 773 1556 835; x_wconf 75' lang='grc' dir='ltr'>ἀπὸ</span> <span class='ocrx_word' id='word_1_50' title='bbox 1597 782 1700 835; x_wconf 77' lang='grc' dir='ltr'>τοῦ</span> <span class='ocrx_word' id='word_1_51' title='bbox 1743 775 1862 836; x_wconf 69' lang='grc' dir='ltr'>δεῖν</span> <span class='ocrx_word' id='word_1_52' title='bbox 1897 779 2197 850; x_wconf 63' lang='lat' dir='ltr'>ptisanae</span> <span class='ocrx_word' id='word_1_53' title='bbox 2237 783 2424 856; x_wconf 66' lang='grc' dir='ltr'>τηρεῖν</span> <span class='ocrx_word' id='word_1_54' title='bbox 2466 778 2631 838; x_wconf 69' lang='grc' dir='ltr'><strong><em>ἔνδον</em></strong></span> <span class='ocrx_word' id='word_1_55' title='bbox 2674 778 2769 838; x_wconf 80' lang='lat' dir='ltr'>vel</span> <span class='ocrx_word' id='word_1_56' title='bbox 2816 787 2879 838; x_wconf 86' lang='lat' dir='ltr'>vt</span> <span class='ocrx_word' id='word_1_57' title='bbox 2914 777 3041 838; x_wconf 86' lang='lat' dir='ltr'>aliis</span> <span class='ocrx_word' id='word_1_58' title='bbox 3083 782 3279 858; x_wconf 85' lang='lat' dir='ltr'>placet</span> <span class='ocrx_word' id='word_1_59' title='bbox 3318 783 3357 843; x_wconf 77' lang='grc' dir='ltr'>ὲ.</span> 
     </span>
     <span class='ocr_line' id='line_1_6' title="bbox 426 854 3358 936; baseline 0.002 -20"><span class='ocrx_word' id='word_1_60' title='bbox 426 859 554 933; x_wconf 66' lang='grc' dir='ltr'>μύω</span> <span class='ocrx_word' id='word_1_61' title='bbox 613 860 670 918; x_wconf 85' lang='lat'>&amp;</span> <span class='ocrx_word' id='word_1_62' title='bbox 722 859 901 933; x_wconf 75' lang='grc' dir='ltr'><strong><em>ςΐμο,</em></strong></span> <span class='ocrx_word' id='word_1_63' title='bbox 961 857 1056 916; x_wconf 78' lang='lat' dir='ltr'>vel</span> <span class='ocrx_word' id='word_1_64' title='bbox 1114 859 1154 916; x_wconf 73' lang='lat' dir='ltr'>a</span> <span class='ocrx_word' id='word_1_65' title='bbox 1188 857 1347 931; x_wconf 74' lang='grc' dir='ltr'>μυὲω</span> <span class='ocrx_word' id='word_1_66' title='bbox 1364 902 1382 935; x_wconf 89' lang='lat'>,</span> <span class='ocrx_word' id='word_1_67' title='bbox 1439 855 1536 915; x_wconf 82' lang='lat' dir='ltr'>vel</span> <span class='ocrx_word' id='word_1_68' title='bbox 1594 856 1632 914; x_wconf 78' lang='lat' dir='ltr'>a</span> <span class='ocrx_word' id='word_1_69' title='bbox 1682 859 1896 932; x_wconf 65' lang='grc' dir='ltr'><strong><em>μύσαν</em></strong></span> <span class='ocrx_word' id='word_1_70' title='bbox 1937 856 1995 914; x_wconf 84' lang='lat'>&amp;</span> <span class='ocrx_word' id='word_1_71' title='bbox 2036 860 2221 934; x_wconf 74' lang='grc' dir='ltr'>τηρεῖν</span> <span class='ocrx_word' id='word_1_72' title='bbox 2266 875 2323 916; x_wconf 94' lang='grc'>2.</span> <span class='ocrx_word' id='word_1_73' title='bbox 2373 854 2677 936; x_wconf 86' lang='lat' dir='ltr'>Significat</span> <span class='ocrx_word' id='word_1_74' title='bbox 2726 872 3012 920; x_wconf 88' lang='lat' dir='ltr'>arcanum</span> <span class='ocrx_word' id='word_1_75' title='bbox 3053 859 3358 922; x_wconf 83' lang='lat' dir='ltr'>diuinum:</span> 
     </span>
     <span class='ocr_line' id='line_1_7' title="bbox 441 933 3363 1017; baseline 0.001 -19"><span class='ocrx_word' id='word_1_76' title='bbox 441 937 654 1014; x_wconf 84' lang='lat' dir='ltr'><em>Goloff.</em></span> <span class='ocrx_word' id='word_1_77' title='bbox 700 955 754 996; x_wconf 84' lang='lat'>2.</span> <span class='ocrx_word' id='word_1_78' title='bbox 799 953 856 994; x_wconf 89' lang='grc'>2.</span> <span class='ocrx_word' id='word_1_79' title='bbox 893 935 960 994; x_wconf 86' lang='lat' dir='ltr'><em>E</em></span> <span class='ocrx_word' id='word_1_80' title='bbox 994 936 1114 996; x_wconf 77' lang='lat' dir='ltr'>hes.</span> <span class='ocrx_word' id='word_1_81' title='bbox 1159 953 1215 1012; x_wconf 83' lang='lat'>3.</span> <span class='ocrx_word' id='word_1_82' title='bbox 1255 956 1314 1011; x_wconf 85' lang='lat'>4.</span> <span class='ocrx_word' id='word_1_83' title='bbox 1359 951 1415 1014; x_wconf 84' lang='lat'>5.</span> <span class='ocrx_word' id='word_1_84' title='bbox 1463 954 1511 1013; x_wconf 20' lang='grc' dir='ltr'>ιι.</span> <span class='ocrx_word' id='word_1_85' title='bbox 1564 935 1710 994; x_wconf 84' lang='lat' dir='ltr'>Tim.</span> <span class='ocrx_word' id='word_1_86' title='bbox 1758 951 1816 1010; x_wconf 82' lang='lat'>3.</span> <span class='ocrx_word' id='word_1_87' title='bbox 1855 953 1913 1013; x_wconf 88' lang='lat'>9.</span> <span class='ocrx_word' id='word_1_88' title='bbox 1959 935 2053 994; x_wconf 89' lang='lat'>16.</span> <span class='ocrx_word' id='word_1_89' title='bbox 2101 953 2153 992; x_wconf 92' lang='lat'>1.</span> <span class='ocrx_word' id='word_1_90' title='bbox 2208 933 2346 998; x_wconf 85' lang='lat' dir='ltr'>Gor.</span> <span class='ocrx_word' id='word_1_91' title='bbox 2395 957 2480 1014; x_wconf 84' lang='lat'>13.</span> <span class='ocrx_word' id='word_1_92' title='bbox 2530 957 2583 998; x_wconf 85' lang='lat'>2.</span> <span class='ocrx_word' id='word_1_93' title='bbox 2624 939 2705 998; x_wconf 67' lang='grc' dir='ltr'>ὁ*</span> <span class='ocrx_word' id='word_1_94' title='bbox 2748 955 2844 1017; x_wconf 85' lang='lat'>15.</span> <span class='ocrx_word' id='word_1_95' title='bbox 2881 954 3016 1016; x_wconf 83' lang='grc'><strong>5.3.</strong></span> <span class='ocrx_word' id='word_1_96' title='bbox 3057 942 3363 1002; x_wconf 84' lang='lat' dir='ltr'>Arcanum</span> 
     </span>
     <span class='ocr_line' id='line_1_8' title="bbox 431 1013 3361 1100; baseline 0.002 -23"><span class='ocrx_word' id='word_1_97' title='bbox 431 1015 701 1078; x_wconf 90' lang='lat' dir='ltr'>diuinum</span> <span class='ocrx_word' id='word_1_98' title='bbox 740 1015 954 1091; x_wconf 82' lang='lat' dir='ltr'>symbo</span> <span class='ocrx_word' id='word_1_99' title='bbox 978 1014 1140 1077; x_wconf 88' lang='lat' dir='ltr'>icum</span> <span class='ocrx_word' id='word_1_100' title='bbox 1153 1060 1172 1094; x_wconf 90' lang='lat'>,</span> <span class='ocrx_word' id='word_1_101' title='bbox 1225 1019 1337 1078; x_wconf 75' lang='grc' dir='ltr'><strong>διο.</strong></span> <span class='ocrx_word' id='word_1_102' title='bbox 1376 1031 1718 1094; x_wconf 86' lang='lat' dir='ltr'>expressum</span> <span class='ocrx_word' id='word_1_103' title='bbox 1757 1033 1862 1091; x_wconf 89' lang='lat' dir='ltr'>per</span> <span class='ocrx_word' id='word_1_104' title='bbox 1900 1013 2270 1078; x_wconf 78' lang='lat' dir='ltr'>ceremonias</span> <span class='ocrx_word' id='word_1_105' title='bbox 2284 1061 2303 1095; x_wconf 89' lang='lat'>,</span> <span class='ocrx_word' id='word_1_106' title='bbox 2354 1027 2559 1096; x_wconf 83' lang='lat' dir='ltr'>tupos,</span> <span class='ocrx_word' id='word_1_107' title='bbox 2614 1020 2929 1095; x_wconf 83' lang='lat' dir='ltr'><strong>parabolas</strong></span> <span class='ocrx_word' id='word_1_108' title='bbox 2945 1063 2963 1097; x_wconf 92' lang='lat'>,</span> <span class='ocrx_word' id='word_1_109' title='bbox 3016 1021 3328 1100; x_wconf 79' lang='lat' dir='ltr'>allegorias</span> <span class='ocrx_word' id='word_1_110' title='bbox 3342 1067 3361 1100; x_wconf 86' lang='lat'>,</span> 
     </span>
     <span class='ocr_line' id='line_1_9' title="bbox 431 1095 3354 1257; baseline 0.001 -19"><span class='ocrx_word' id='word_1_111' title='bbox 431 1093 3065 1257; x_wconf 43' lang='lat' dir='ltr'>mmmmm&lt;⁷ffl&gt;⁵1¹ssesssassssas</span> <span class='ocrx_word' id='word_1_112' title='bbox 3081 1101 3354 1165; x_wconf 58' lang='lat' dir='ltr'>M...</span> 
     </span>
    </p>

    <p class='ocr_par' dir='ltr' id='par_1_3' title="bbox 428 1221 3368 1580">
     <span class='ocr_line' id='line_1_10' title="bbox 513 1221 3366 1333; baseline 0.001 -14"><span class='ocrx_word' id='word_1_113' title='bbox 513 1274 571 1333; x_wconf 82' lang='lat'>3.</span> <span class='ocrx_word' id='word_1_114' title='bbox 650 1221 1040 1318; x_wconf 53' lang='lat' dir='ltr'>l‘zecentiores</span> <span class='ocrx_word' id='word_1_115' title='bbox 1079 1255 1282 1317; x_wconf 88' lang='lat' dir='ltr'>habita</span> <span class='ocrx_word' id='word_1_116' title='bbox 1319 1256 1546 1316; x_wconf 88' lang='lat' dir='ltr'>ratione</span> <span class='ocrx_word' id='word_1_117' title='bbox 1582 1257 1874 1333; x_wconf 68' lang='grc' dir='ltr'>μυςηοίου</span> <span class='ocrx_word' id='word_1_118' title='bbox 1918 1253 2130 1316; x_wconf 87' lang='lat' dir='ltr'>dicunt</span> <span class='ocrx_word' id='word_1_119' title='bbox 2167 1256 2615 1319; x_wconf 83' lang='lat' dir='ltr'>Sacramentum</span> <span class='ocrx_word' id='word_1_120' title='bbox 2634 1268 2906 1321; x_wconf 88' lang='lat' dir='ltr'>nostrum</span> <span class='ocrx_word' id='word_1_121' title='bbox 2926 1277 3056 1320; x_wconf 85' lang='lat' dir='ltr'>esse</span> <span class='ocrx_word' id='word_1_122' title='bbox 3081 1279 3366 1322; x_wconf 89' lang='lat' dir='ltr'>arcanum</span> 
     </span>
     <span class='ocr_line' id='line_1_11' title="bbox 433 1333 3365 1416; baseline 0.002 -18"><span class='ocrx_word' id='word_1_123' title='bbox 433 1335 730 1414; x_wconf 88' lang='lat' dir='ltr'>diuinum,</span> <span class='ocrx_word' id='word_1_124' title='bbox 784 1335 951 1413; x_wconf 88' lang='lat' dir='ltr'>quod</span> <span class='ocrx_word' id='word_1_125' title='bbox 1001 1355 1116 1415; x_wconf 90' lang='lat' dir='ltr'>pro</span> <span class='ocrx_word' id='word_1_126' title='bbox 1170 1336 1470 1412; x_wconf 84' lang='lat' dir='ltr'>Symbolis</span> <span class='ocrx_word' id='word_1_127' title='bbox 1517 1333 1698 1395; x_wconf 88' lang='lat' dir='ltr'>habet</span> <span class='ocrx_word' id='word_1_128' title='bbox 1746 1334 1983 1412; x_wconf 86' lang='lat' dir='ltr'>signum</span> <span class='ocrx_word' id='word_1_129' title='bbox 2036 1335 2095 1395; x_wconf 76' lang='lat'>81</span> <span class='ocrx_word' id='word_1_130' title='bbox 2146 1337 2417 1416; x_wconf 82' lang='lat' dir='ltr'>figuram.</span> <span class='ocrx_word' id='word_1_131' title='bbox 2481 1339 2707 1400; x_wconf 88' lang='lat' dir='ltr'>Habita</span> <span class='ocrx_word' id='word_1_132' title='bbox 2761 1344 2907 1402; x_wconf 77' lang='lat' dir='ltr'>vero</span> <span class='ocrx_word' id='word_1_133' title='bbox 2960 1339 3189 1402; x_wconf 88' lang='lat' dir='ltr'>ratione</span> <span class='ocrx_word' id='word_1_134' title='bbox 3228 1358 3365 1403; x_wconf 88' lang='lat' dir='ltr'>vsus</span> 
     </span>
     <span class='ocr_line' id='line_1_12' title="bbox 431 1411 3368 1496; baseline 0.002 -18"><span class='ocrx_word' id='word_1_135' title='bbox 431 1415 658 1496; x_wconf 87' lang='lat' dir='ltr'>politici</span> <span class='ocrx_word' id='word_1_136' title='bbox 699 1414 907 1478; x_wconf 86' lang='lat' dir='ltr'>dicunt</span> <span class='ocrx_word' id='word_1_137' title='bbox 944 1433 1073 1478; x_wconf 87' lang='lat' dir='ltr'>esse</span> <span class='ocrx_word' id='word_1_138' title='bbox 1111 1415 1424 1494; x_wconf 82' lang='lat' dir='ltr'>quoddam</span> <span class='ocrx_word' id='word_1_139' title='bbox 1461 1412 1726 1476; x_wconf 89' lang='lat' dir='ltr'>fidelium</span> <span class='ocrx_word' id='word_1_140' title='bbox 1770 1411 2163 1476; x_wconf 88' lang='lat' dir='ltr'>iuramentum</span> <span class='ocrx_word' id='word_1_141' title='bbox 2177 1461 2192 1492; x_wconf 88' lang='lat'>,</span> <span class='ocrx_word' id='word_1_142' title='bbox 2234 1436 2344 1495; x_wconf 89' lang='lat' dir='ltr'>per</span> <span class='ocrx_word' id='word_1_143' title='bbox 2383 1418 2552 1495; x_wconf 90' lang='lat' dir='ltr'>quod</span> <span class='ocrx_word' id='word_1_144' title='bbox 2589 1437 2703 1481; x_wconf 89' lang='lat' dir='ltr'>nos</span> <span class='ocrx_word' id='word_1_145' title='bbox 2737 1418 2976 1481; x_wconf 88' lang='lat' dir='ltr'>Christo</span> <span class='ocrx_word' id='word_1_146' title='bbox 2996 1419 3139 1480; x_wconf 88' lang='lat' dir='ltr'>duci</span> <span class='ocrx_word' id='word_1_147' title='bbox 3155 1431 3368 1483; x_wconf 90' lang='lat' dir='ltr'>nostro</span> 
     </span>
     <span class='ocr_line' id='line_1_13' title="bbox 428 1493 3367 1580; baseline 0.002 -22"><span class='ocrx_word' id='word_1_148' title='bbox 428 1495 848 1576; x_wconf 87' lang='lat' dir='ltr'>adstringimus</span> <span class='ocrx_word' id='word_1_149' title='bbox 863 1539 883 1573; x_wconf 91' lang='lat'>,</span> <span class='ocrx_word' id='word_1_150' title='bbox 918 1496 976 1556; x_wconf 80' lang='lat'>&amp;</span> <span class='ocrx_word' id='word_1_151' title='bbox 1012 1497 1175 1558; x_wconf 82' lang='lat' dir='ltr'>velut</span> <span class='ocrx_word' id='word_1_152' title='bbox 1209 1493 1428 1557; x_wconf 82' lang='lat' dir='ltr'>Christi</span> <span class='ocrx_word' id='word_1_153' title='bbox 1455 1507 1740 1556; x_wconf 88' lang='lat' dir='ltr'>tesseram</span> <span class='ocrx_word' id='word_1_154' title='bbox 1759 1513 1888 1556; x_wconf 89' lang='lat' dir='ltr'>esse</span> <span class='ocrx_word' id='word_1_155' title='bbox 1910 1511 2032 1574; x_wconf 89' lang='lat' dir='ltr'>qua</span> <span class='ocrx_word' id='word_1_156' title='bbox 2051 1514 2165 1557; x_wconf 90' lang='lat' dir='ltr'>nos</span> <span class='ocrx_word' id='word_1_157' title='bbox 2188 1509 2390 1577; x_wconf 85' lang='lat' dir='ltr'>ornat,</span> <span class='ocrx_word' id='word_1_158' title='bbox 2414 1499 2470 1559; x_wconf 75' lang='grc' dir='ltr'>ὅτ</span> <span class='ocrx_word' id='word_1_159' title='bbox 2492 1515 2603 1576; x_wconf 92' lang='lat' dir='ltr'>pro</span> <span class='ocrx_word' id='word_1_160' title='bbox 2625 1497 2910 1562; x_wconf 86' lang='lat' dir='ltr'>militibus</span> <span class='ocrx_word' id='word_1_161' title='bbox 2932 1498 3051 1561; x_wconf 90' lang='lat' dir='ltr'>suis</span> <span class='ocrx_word' id='word_1_162' title='bbox 3072 1500 3367 1580; x_wconf 84' lang='lat' dir='ltr'>agnoscit.</span> 
     </span>
    </p>

    <p class='ocr_par' dir='ltr' id='par_1_4' title="bbox 511 1574 3361 1657">
     <span class='ocr_line' id='line_1_14' title="bbox 511 1574 3361 1657; baseline 0.001 -19"><span class='ocrx_word' id='word_1_163' title='bbox 511 1597 570 1652; x_wconf 84' lang='lat'>4.</span> <span class='ocrx_word' id='word_1_164' title='bbox 649 1576 790 1636; x_wconf 86' lang='lat' dir='ltr'>Non</span> <span class='ocrx_word' id='word_1_165' title='bbox 830 1574 1006 1656; x_wconf 89' lang='lat' dir='ltr'>igitur</span> <span class='ocrx_word' id='word_1_166' title='bbox 1045 1575 1382 1638; x_wconf 85' lang='lat' dir='ltr'>deficiendo</span> <span class='ocrx_word' id='word_1_167' title='bbox 1419 1591 1659 1638; x_wconf 88' lang='lat' dir='ltr'>sensum</span> <span class='ocrx_word' id='word_1_168' title='bbox 1697 1574 2063 1637; x_wconf 85' lang='lat' dir='ltr'>Sacramenti</span> <span class='ocrx_word' id='word_1_169' title='bbox 2098 1579 2137 1636; x_wconf 77' lang='lat' dir='ltr'>a</span> <span class='ocrx_word' id='word_1_170' title='bbox 2174 1577 2458 1656; x_wconf 82' lang='lat' dir='ltr'>mysterio</span> <span class='ocrx_word' id='word_1_171' title='bbox 2497 1596 2835 1657; x_wconf 77' lang='lat' dir='ltr'>separemus</span> <span class='ocrx_word' id='word_1_172' title='bbox 2848 1625 2866 1657; x_wconf 88' lang='lat'>,</span> <span class='ocrx_word' id='word_1_173' title='bbox 2908 1591 2973 1641; x_wconf 82' lang='lat' dir='ltr'>vt</span> <span class='ocrx_word' id='word_1_174' title='bbox 3010 1581 3361 1642; x_wconf 89' lang='lat' dir='ltr'>Sacramen-</span> 
     </span>
    </p>

    <p class='ocr_par' dir='ltr' id='par_1_5' title="bbox 431 1655 3366 2310">
     <span class='ocr_line' id='line_1_15' title="bbox 431 1655 3359 1740; baseline 0.001 -21"><span class='ocrx_word' id='word_1_175' title='bbox 431 1655 590 1734; x_wconf 82' lang='lat' dir='ltr'>tarij,</span> <span class='ocrx_word' id='word_1_176' title='bbox 629 1675 744 1718; x_wconf 90' lang='lat' dir='ltr'>nec</span> <span class='ocrx_word' id='word_1_177' title='bbox 781 1655 1130 1718; x_wconf 82' lang='lat' dir='ltr'>excedendo</span> <span class='ocrx_word' id='word_1_178' title='bbox 1170 1656 1431 1734; x_wconf 76' lang='lat' dir='ltr'>mysterii</span> <span class='ocrx_word' id='word_1_179' title='bbox 1474 1672 1712 1717; x_wconf 88' lang='lat' dir='ltr'>sensum</span> <span class='ocrx_word' id='word_1_180' title='bbox 1749 1657 1788 1714; x_wconf 71' lang='lat' dir='ltr'>a</span> <span class='ocrx_word' id='word_1_181' title='bbox 1823 1667 2199 1719; x_wconf 87' lang='lat' dir='ltr'>sacramento</span> <span class='ocrx_word' id='word_1_182' title='bbox 2240 1657 2559 1719; x_wconf 88' lang='lat' dir='ltr'>diuidimus</span> <span class='ocrx_word' id='word_1_183' title='bbox 2574 1703 2591 1738; x_wconf 90' lang='lat'>,</span> <span class='ocrx_word' id='word_1_184' title='bbox 2633 1669 2699 1720; x_wconf 90' lang='lat' dir='ltr'>vt</span> <span class='ocrx_word' id='word_1_185' title='bbox 2733 1657 3087 1740; x_wconf 83' lang='lat' dir='ltr'>Vbiquitarij</span> <span class='ocrx_word' id='word_1_186' title='bbox 3128 1663 3185 1722; x_wconf 73' lang='grc' dir='ltr'>δι</span> <span class='ocrx_word' id='word_1_187' title='bbox 3205 1663 3359 1723; x_wconf 92' lang='lat' dir='ltr'>Pon-</span> 
     </span>
     <span class='ocr_line' id='line_1_16' title="bbox 431 1732 3201 1815; baseline 0.001 -16"><span class='ocrx_word' id='word_1_188' title='bbox 431 1735 626 1814; x_wconf 83' lang='lat' dir='ltr'>tificij:</span> <span class='ocrx_word' id='word_1_189' title='bbox 670 1736 778 1798; x_wconf 89' lang='lat' dir='ltr'>sed</span> <span class='ocrx_word' id='word_1_190' title='bbox 818 1744 1131 1815; x_wconf 85' lang='lat' dir='ltr'>vtrumque</span> <span class='ocrx_word' id='word_1_191' title='bbox 1169 1735 1554 1798; x_wconf 88' lang='lat' dir='ltr'>coniunctum</span> <span class='ocrx_word' id='word_1_192' title='bbox 1592 1732 1844 1795; x_wconf 87' lang='lat' dir='ltr'>dicimus</span> <span class='ocrx_word' id='word_1_193' title='bbox 1883 1738 2391 1814; x_wconf 85' lang='lat' dir='ltr'>comprehendere</span> <span class='ocrx_word' id='word_1_194' title='bbox 2430 1748 2702 1800; x_wconf 83' lang='lat' dir='ltr'>nostrum</span> <span class='ocrx_word' id='word_1_195' title='bbox 2744 1749 3201 1802; x_wconf 87' lang='lat' dir='ltr'>sacramentum.</span> 
     </span>
     <span class='ocr_line' id='line_1_17' title="bbox 433 1813 3359 1910; baseline 0.001 -32"><span class='ocrx_word' id='word_1_196' title='bbox 433 1895 450 1910; x_wconf 41' lang='grc' dir='ltr'><strong><em>ο</em></strong></span> <span class='ocrx_word' id='word_1_197' title='bbox 515 1833 571 1896; x_wconf 88' lang='grc'>5.</span> <span class='ocrx_word' id='word_1_198' title='bbox 625 1817 1008 1909; x_wconf 40' lang='lat' dir='ltr'>’sequeretur</span> <span class='ocrx_word' id='word_1_199' title='bbox 1064 1815 1184 1877; x_wconf 91' lang='lat' dir='ltr'>iam</span> <span class='ocrx_word' id='word_1_200' title='bbox 1242 1816 1328 1877; x_wconf 88' lang='lat' dir='ltr'>rei</span> <span class='ocrx_word' id='word_1_201' title='bbox 1385 1813 1680 1908; x_wconf 78' lang='lat' dir='ltr'>definitio,</span> <span class='ocrx_word' id='word_1_202' title='bbox 1739 1813 1848 1875; x_wconf 89' lang='lat' dir='ltr'>sed</span> <span class='ocrx_word' id='word_1_203' title='bbox 1885 1815 2336 1908; x_wconf 40' lang='lat' dir='ltr'>‘perspicuitatis</span> <span class='ocrx_word' id='word_1_204' title='bbox 2393 1819 2582 1898; x_wconf 89' lang='lat' dir='ltr'>gratia</span> <span class='ocrx_word' id='word_1_205' title='bbox 2642 1819 3086 1899; x_wconf 83' lang='lat' dir='ltr'>praemittemus</span> <span class='ocrx_word' id='word_1_206' title='bbox 3145 1821 3359 1882; x_wconf 88' lang='lat' dir='ltr'>decem</span> 
     </span>
     <span class='ocr_line' id='line_1_18' title="bbox 431 1899 3365 1978; baseline 0.001 -20"><span class='ocrx_word' id='word_1_207' title='bbox 431 1905 778 1976; x_wconf 77' lang='lat' dir='ltr'>integritatis</span> <span class='ocrx_word' id='word_1_208' title='bbox 835 1905 1065 1977; x_wconf 85' lang='lat' dir='ltr'>partes,</span> <span class='ocrx_word' id='word_1_209' title='bbox 1125 1911 1280 1975; x_wconf 89' lang='lat' dir='ltr'>quae</span> <span class='ocrx_word' id='word_1_210' title='bbox 1339 1899 1674 1958; x_wconf 81' lang='lat' dir='ltr'>necessario</span> <span class='ocrx_word' id='word_1_211' title='bbox 1733 1906 2141 1973; x_wconf 75' lang='lat' dir='ltr'>requiruntur,</span> <span class='ocrx_word' id='word_1_212' title='bbox 2203 1908 2267 1959; x_wconf 82' lang='lat' dir='ltr'>vt</span> <span class='ocrx_word' id='word_1_213' title='bbox 2324 1899 2435 1960; x_wconf 88' lang='lat' dir='ltr'>ista</span> <span class='ocrx_word' id='word_1_214' title='bbox 2472 1918 2628 1978; x_wconf 90' lang='lat' dir='ltr'>quae</span> <span class='ocrx_word' id='word_1_215' title='bbox 2663 1900 2935 1963; x_wconf 87' lang='lat' dir='ltr'>sensibus</span> <span class='ocrx_word' id='word_1_216' title='bbox 2974 1899 3365 1963; x_wconf 90' lang='lat' dir='ltr'>subiiciuntur</span> 
     </span>
     <span class='ocr_line' id='line_1_19' title="bbox 431 1973 3363 2057; baseline 0.002 -18"><span class='ocrx_word' id='word_1_217' title='bbox 431 1976 661 2056; x_wconf 85' lang='lat' dir='ltr'>integra</span> <span class='ocrx_word' id='word_1_218' title='bbox 697 1975 832 2038; x_wconf 87' lang='lat' dir='ltr'>sint.</span> <span class='ocrx_word' id='word_1_219' title='bbox 872 1977 1283 2038; x_wconf 69' lang='lat' dir='ltr'>Necessarium</span> <span class='ocrx_word' id='word_1_220' title='bbox 1322 1985 1413 2038; x_wconf 84' lang='lat' dir='ltr'>est</span> <span class='ocrx_word' id='word_1_221' title='bbox 1457 1997 1510 2038; x_wconf 92' lang='lat'>1.</span> <span class='ocrx_word' id='word_1_222' title='bbox 1550 1986 1616 2036; x_wconf 83' lang='lat' dir='ltr'>vt</span> <span class='ocrx_word' id='word_1_223' title='bbox 1651 1975 1724 2036; x_wconf 90' lang='lat' dir='ltr'>sit</span> <span class='ocrx_word' id='word_1_224' title='bbox 1751 1973 2009 2054; x_wconf 85' lang='lat' dir='ltr'>signum.</span> <span class='ocrx_word' id='word_1_225' title='bbox 2054 1997 2113 2038; x_wconf 90' lang='grc'><strong>2.</strong></span> <span class='ocrx_word' id='word_1_226' title='bbox 2152 1981 2413 2057; x_wconf 88' lang='lat' dir='ltr'>vulgare.</span> <span class='ocrx_word' id='word_1_227' title='bbox 2452 1998 2511 2057; x_wconf 87' lang='grc'><strong>3.</strong></span> <span class='ocrx_word' id='word_1_228' title='bbox 2550 1979 2799 2043; x_wconf 83' lang='lat' dir='ltr'>visibile.</span> <span class='ocrx_word' id='word_1_229' title='bbox 2842 2001 2899 2056; x_wconf 84' lang='lat'>4.</span> <span class='ocrx_word' id='word_1_230' title='bbox 2944 1981 3363 2045; x_wconf 86' lang='lat' dir='ltr'>voluntarium.</span> 
     </span>
     <span class='ocr_line' id='line_1_20' title="bbox 434 2054 3366 2136; baseline 0.002 -18"><span class='ocrx_word' id='word_1_231' title='bbox 434 2071 490 2136; x_wconf 90' lang='grc'><strong>5.</strong></span> <span class='ocrx_word' id='word_1_232' title='bbox 529 2066 594 2118; x_wconf 86' lang='lat' dir='ltr'>vt</span> <span class='ocrx_word' id='word_1_233' title='bbox 632 2057 850 2117; x_wconf 87' lang='lat' dir='ltr'>habeat</span> <span class='ocrx_word' id='word_1_234' title='bbox 888 2054 1032 2116; x_wconf 69' lang='grc' dir='ltr'><strong>ἀνα).</strong></span> <span class='ocrx_word' id='word_1_235' title='bbox 1105 2061 1202 2116; x_wconf 70' lang='grc' dir='ltr'>ίαν</span> <span class='ocrx_word' id='word_1_236' title='bbox 1245 2056 1325 2117; x_wconf 91' lang='lat' dir='ltr'>ad</span> <span class='ocrx_word' id='word_1_237' title='bbox 1367 2055 1782 2136; x_wconf 84' lang='lat' dir='ltr'>significatum.</span> <span class='ocrx_word' id='word_1_238' title='bbox 1823 2057 1880 2116; x_wconf 88' lang='lat'>6.</span> <span class='ocrx_word' id='word_1_239' title='bbox 1923 2074 2269 2135; x_wconf 85' lang='lat' dir='ltr'>expressum</span> <span class='ocrx_word' id='word_1_240' title='bbox 2304 2059 2651 2122; x_wconf 89' lang='lat' dir='ltr'>mandatum</span> <span class='ocrx_word' id='word_1_241' title='bbox 2671 2060 2733 2122; x_wconf 91' lang='lat' dir='ltr'>in</span> <span class='ocrx_word' id='word_1_242' title='bbox 2754 2063 2935 2124; x_wconf 90' lang='lat' dir='ltr'>Nouo</span> <span class='ocrx_word' id='word_1_243' title='bbox 2956 2064 3366 2125; x_wconf 88' lang='lat' dir='ltr'>Testament0.</span> 
     </span>
     <span class='ocr_line' id='line_1_21' title="bbox 435 2077 3366 2228; baseline 0.002 -30"><span class='ocrx_word' id='word_1_244' title='bbox 435 2153 490 2214; x_wconf 94' lang='grc'>7.</span> <span class='ocrx_word' id='word_1_245' title='bbox 531 2133 997 2228; x_wconf 74' lang='lat' dir='ltr'>Promissionem</span> <span class='ocrx_word' id='word_1_246' title='bbox 1036 2077 1490 2216; x_wconf 51' lang='lat' dir='ltr'>Zuangelicam.</span> <span class='ocrx_word' id='word_1_247' title='bbox 1553 2139 1612 2200; x_wconf 89' lang='lat'>8.</span> <span class='ocrx_word' id='word_1_248' title='bbox 1653 2135 1775 2196; x_wconf 83' lang='lat' dir='ltr'>&amp;vt</span> <span class='ocrx_word' id='word_1_249' title='bbox 1815 2135 2170 2216; x_wconf 74' lang='lat' dir='ltr'>adiungatur</span> <span class='ocrx_word' id='word_1_250' title='bbox 2209 2136 2400 2218; x_wconf 88' lang='lat' dir='ltr'>signo.</span> <span class='ocrx_word' id='word_1_251' title='bbox 2462 2159 2519 2219; x_wconf 87' lang='lat'>9.</span> <span class='ocrx_word' id='word_1_252' title='bbox 2563 2150 2627 2201; x_wconf 84' lang='lat' dir='ltr'>vt</span> <span class='ocrx_word' id='word_1_253' title='bbox 2666 2139 2741 2202; x_wconf 89' lang='lat' dir='ltr'>sit</span> <span class='ocrx_word' id='word_1_254' title='bbox 2779 2141 3071 2220; x_wconf 85' lang='lat' dir='ltr'>generalis</span> <span class='ocrx_word' id='word_1_255' title='bbox 3111 2142 3366 2221; x_wconf 87' lang='lat' dir='ltr'>promis-</span> 
     </span>
     <span class='ocr_line' id='line_1_22' title="bbox 431 2214 2888 2310; baseline 0.001 -30"><span class='ocrx_word' id='word_1_256' title='bbox 431 2215 616 2280; x_wconf 78' lang='lat' dir='ltr'>sionis</span> <span class='ocrx_word' id='word_1_257' title='bbox 657 2215 1028 2296; x_wconf 82' lang='lat' dir='ltr'>particulans</span> <span class='ocrx_word' id='word_1_258' title='bbox 1065 2214 1405 2310; x_wconf 78' lang='lat' dir='ltr'>applicatio.</span> <span class='ocrx_word' id='word_1_259' title='bbox 1473 2235 1563 2279; x_wconf 88' lang='lat'>10.</span> <span class='ocrx_word' id='word_1_260' title='bbox 1603 2225 1671 2278; x_wconf 80' lang='lat' dir='ltr'>vt</span> <span class='ocrx_word' id='word_1_261' title='bbox 1705 2225 1782 2277; x_wconf 71' lang='lat' dir='ltr'>sit</span> <span class='ocrx_word' id='word_1_262' title='bbox 1819 2216 2159 2278; x_wconf 86' lang='lat' dir='ltr'>ceremonia</span> <span class='ocrx_word' id='word_1_263' title='bbox 2200 2219 2461 2280; x_wconf 88' lang='lat' dir='ltr'>solennis</span> <span class='ocrx_word' id='word_1_264' title='bbox 2499 2222 2556 2281; x_wconf 75' lang='grc' dir='ltr'>δι</span> <span class='ocrx_word' id='word_1_265' title='bbox 2594 2220 2888 2300; x_wconf 90' lang='lat' dir='ltr'>perennis.</span> 
     </span>
    </p>

    <p class='ocr_par' dir='ltr' id='par_1_6' title="bbox 434 2293 3369 2796">
     <span class='ocr_line' id='line_1_23' title="bbox 516 2293 3369 2383; baseline 0.002 -26"><span class='ocrx_word' id='word_1_266' title='bbox 516 2298 574 2357; x_wconf 89' lang='grc'><strong>6.</strong></span> <span class='ocrx_word' id='word_1_267' title='bbox 654 2296 772 2358; x_wconf 90' lang='lat' dir='ltr'>His</span> <span class='ocrx_word' id='word_1_268' title='bbox 807 2295 892 2358; x_wconf 88' lang='lat' dir='ltr'>ita</span> <span class='ocrx_word' id='word_1_269' title='bbox 927 2295 1248 2375; x_wconf 76' lang='lat' dir='ltr'>propositis</span> <span class='ocrx_word' id='word_1_270' title='bbox 1286 2299 1545 2376; x_wconf 65' lang='lat' dir='ltr'>definia‘o</span> <span class='ocrx_word' id='word_1_271' title='bbox 1581 2293 1714 2357; x_wconf 87' lang='lat' dir='ltr'>talis</span> <span class='ocrx_word' id='word_1_272' title='bbox 1749 2307 2004 2358; x_wconf 86' lang='lat' dir='ltr'>emanat.</span> <span class='ocrx_word' id='word_1_273' title='bbox 2045 2298 2493 2361; x_wconf 79' lang='lat' dir='ltr'>Sacramentum</span> <span class='ocrx_word' id='word_1_274' title='bbox 2514 2309 2602 2363; x_wconf 90' lang='lat' dir='ltr'>est</span> <span class='ocrx_word' id='word_1_275' title='bbox 2620 2300 2777 2362; x_wconf 89' lang='lat' dir='ltr'>actio</span> <span class='ocrx_word' id='word_1_276' title='bbox 2798 2319 2965 2362; x_wconf 88' lang='lat' dir='ltr'>sacra</span> <span class='ocrx_word' id='word_1_277' title='bbox 2983 2300 3044 2361; x_wconf 91' lang='lat' dir='ltr'>in</span> <span class='ocrx_word' id='word_1_278' title='bbox 3066 2301 3369 2383; x_wconf 84' lang='lat' dir='ltr'>Ecclesia,</span> 
     </span>
     <span class='ocr_line' id='line_1_24' title="bbox 434 2374 3361 2462; baseline 0.002 -22"><span class='ocrx_word' id='word_1_279' title='bbox 434 2375 714 2441; x_wconf 83' lang='lat' dir='ltr'>diuinitus</span> <span class='ocrx_word' id='word_1_280' title='bbox 769 2375 1064 2455; x_wconf 82' lang='lat' dir='ltr'>instituta,</span> <span class='ocrx_word' id='word_1_281' title='bbox 1121 2374 1185 2436; x_wconf 91' lang='lat' dir='ltr'>in</span> <span class='ocrx_word' id='word_1_282' title='bbox 1236 2394 1356 2456; x_wconf 86' lang='lat' dir='ltr'>qua</span> <span class='ocrx_word' id='word_1_283' title='bbox 1394 2375 1674 2440; x_wconf 82' lang='lat' dir='ltr'>adhibitis</span> <span class='ocrx_word' id='word_1_284' title='bbox 1712 2375 2071 2455; x_wconf 84' lang='lat' dir='ltr'>quibusdam</span> <span class='ocrx_word' id='word_1_285' title='bbox 2110 2379 2365 2441; x_wconf 85' lang='lat' dir='ltr'>externis</span> <span class='ocrx_word' id='word_1_286' title='bbox 2404 2397 2546 2442; x_wconf 87' lang='lat' dir='ltr'>cum</span> <span class='ocrx_word' id='word_1_287' title='bbox 2584 2381 2771 2443; x_wconf 78' lang='lat' dir='ltr'>verbo</span> <span class='ocrx_word' id='word_1_288' title='bbox 2810 2380 3188 2445; x_wconf 87' lang='lat' dir='ltr'>institutionis</span> <span class='ocrx_word' id='word_1_289' title='bbox 3228 2402 3361 2462; x_wconf 89' lang='lat' dir='ltr'>pro·</span> 
     </span>
     <span class='ocr_line' id='line_1_25' title="bbox 435 2454 3365 2604; baseline 0.001 -4"><span class='ocrx_word' id='word_1_290' title='bbox 435 2455 879 2600; x_wconf 49' lang='grc' dir='ltr'><strong>..Μέὲῗέἓιΐᾱ</strong></span> <span class='ocrx_word' id='word_1_291' title='bbox 927 2456 1466 2600; x_wconf 51' lang='lat' dir='ltr'>{miffnffl</span> <span class='ocrx_word' id='word_1_292' title='bbox 1490 2454 2126 2600; x_wconf 44' lang='grc' dir='ltr'><strong>..Ἕΐὲἓῗξηῇώῖῖ</strong></span> <span class='ocrx_word' id='word_1_293' title='bbox 2162 2458 2827 2603; x_wconf 52' lang='lat' dir='ltr'>{nffibffiffiffi</span> <span class='ocrx_word' id='word_1_294' title='bbox 2866 2480 2930 2523; x_wconf 69' lang='lat'>⁵⁶</span> <span class='ocrx_word' id='word_1_295' title='bbox 2972 2462 3151 2604; x_wconf 54' lang='lat'>“³³¹3</span> <span class='ocrx_word' id='word_1_296' title='bbox 3188 2462 3365 2557; x_wconf 52' lang='lat' dir='ltr'>&#39;²⁰³⁹ss</span> 
     </span>
     <span class='ocr_line' id='line_1_26' title="bbox 437 2558 3367 2702; baseline 0.002 -23"><span class='ocrx_word' id='word_1_297' title='bbox 437 2558 762 2680; x_wconf 77' lang='lat' dir='ltr'>beneficiisg</span> <span class='ocrx_word' id='word_1_298' title='bbox 798 2582 913 2680; x_wconf 78' lang='lat' dir='ltr'>sibi</span> <span class='ocrx_word' id='word_1_299' title='bbox 971 2615 1231 2697; x_wconf 82' lang='lat' dir='ltr'>applicet</span> <span class='ocrx_word' id='word_1_300' title='bbox 1289 2620 1345 2680; x_wconf 85' lang='lat'>&amp;</span> <span class='ocrx_word' id='word_1_301' title='bbox 1404 2617 1592 2679; x_wconf 79' lang='lat' dir='ltr'>vniat:</span> <span class='ocrx_word' id='word_1_302' title='bbox 1650 2616 1919 2679; x_wconf 85' lang='lat' dir='ltr'>Ecclesia</span> <span class='ocrx_word' id='word_1_303' title='bbox 1958 2584 2102 2681; x_wconf 66' lang='lat' dir='ltr'>vero</span> <span class='ocrx_word' id='word_1_304' title='bbox 2140 2560 2269 2683; x_wconf 43' lang='lat' dir='ltr'>tuin</span> <span class='ocrx_word' id='word_1_305' title='bbox 2306 2620 2727 2701; x_wconf 83' lang='lat' dir='ltr'>gratitudinem</span> <span class='ocrx_word' id='word_1_306' title='bbox 2739 2559 3121 2702; x_wconf 51' lang='lat' dir='ltr'>cggmotglglo</span> <span class='ocrx_word' id='word_1_307' title='bbox 3130 2559 3367 2686; x_wconf 42' lang='lat' dir='ltr'>aggi&amp;</span> 
     </span>
     <span class='ocr_line' id='line_1_27' title="bbox 437 2697 3199 2796; baseline 0.001 -36"><span class='ocrx_word' id='word_1_308' title='bbox 437 2708 682 2760; x_wconf 85' lang='lat' dir='ltr'>testatur</span> <span class='ocrx_word' id='word_1_309' title='bbox 753 2707 882 2759; x_wconf 90' lang='lat' dir='ltr'>tum</span> <span class='ocrx_word' id='word_1_310' title='bbox 922 2708 1126 2759; x_wconf 88' lang='lat' dir='ltr'>mutua</span> <span class='ocrx_word' id='word_1_311' title='bbox 1166 2698 1450 2761; x_wconf 77' lang='lat' dir='ltr'>charitate</span> <span class='ocrx_word' id='word_1_312' title='bbox 1487 2697 1641 2760; x_wconf 86' lang='lat' dir='ltr'>inter</span> <span class='ocrx_word' id='word_1_313' title='bbox 1681 2716 1746 2759; x_wconf 86' lang='lat' dir='ltr'>se</span> <span class='ocrx_word' id='word_1_314' title='bbox 1784 2699 2124 2780; x_wconf 85' lang='lat' dir='ltr'>copulatur,</span> <span class='ocrx_word' id='word_1_315' title='bbox 2164 2703 2223 2762; x_wconf 88' lang='lat'>&amp;</span> <span class='ocrx_word' id='word_1_316' title='bbox 2260 2703 2340 2763; x_wconf 89' lang='lat' dir='ltr'>ab</span> <span class='ocrx_word' id='word_1_317' title='bbox 2380 2700 2507 2763; x_wconf 85' lang='lat' dir='ltr'>aliis</span> <span class='ocrx_word' id='word_1_318' title='bbox 2545 2701 2821 2796; x_wconf 84' lang='lat' dir='ltr'>gentibus</span> <span class='ocrx_word' id='word_1_319' title='bbox 2858 2700 3199 2765; x_wconf 86' lang='lat' dir='ltr'>secernitur.</span> 
     </span>
    </p>

    <p class='ocr_par' dir='ltr' id='par_1_7' title="bbox 517 2742 3360 2877">
     <span class='ocr_line' id='line_1_28' title="bbox 517 2742 3360 2877; baseline 0.001 -36"><span class='ocrx_word' id='word_1_320' title='bbox 517 2796 572 2857; x_wconf 91' lang='grc'>7.</span> <span class='ocrx_word' id='word_1_321' title='bbox 653 2742 818 2839; x_wconf 75' lang='lat' dir='ltr'>N²ihi1</span> <span class='ocrx_word' id='word_1_322' title='bbox 853 2776 1031 2871; x_wconf 68' lang='lat' dir='ltr'>igitur</span> <span class='ocrx_word' id='word_1_323' title='bbox 1071 2787 1162 2839; x_wconf 86' lang='lat' dir='ltr'>est</span> <span class='ocrx_word' id='word_1_324' title='bbox 1196 2779 1363 2858; x_wconf 89' lang='lat' dir='ltr'>quod</span> <span class='ocrx_word' id='word_1_325' title='bbox 1401 2778 1638 2840; x_wconf 75' lang='lat' dir='ltr'>dubitet.</span> <span class='ocrx_word' id='word_1_326' title='bbox 1675 2774 1996 2857; x_wconf 84' lang='lat' dir='ltr'>quispiam,</span> <span class='ocrx_word' id='word_1_327' title='bbox 2037 2798 2115 2841; x_wconf 89' lang='lat' dir='ltr'>an</span> <span class='ocrx_word' id='word_1_328' title='bbox 2133 2781 2343 2872; x_wconf 40' lang='lat' dir='ltr'>‘possit</span> <span class='ocrx_word' id='word_1_329' title='bbox 2385 2781 2635 2844; x_wconf 74' lang='lat' dir='ltr'>definiri.</span> <span class='ocrx_word' id='word_1_330' title='bbox 2674 2784 2832 2843; x_wconf 89' lang='lat' dir='ltr'>Nam</span> <span class='ocrx_word' id='word_1_331' title='bbox 2873 2784 3011 2843; x_wconf 76' lang='lat' dir='ltr'>cum</span> <span class='ocrx_word' id='word_1_332' title='bbox 3050 2782 3125 2845; x_wconf 89' lang='lat' dir='ltr'>sit</span> <span class='ocrx_word' id='word_1_333' title='bbox 3155 2802 3360 2877; x_wconf 80' lang='lat' dir='ltr'>aggre-</span> 
     </span>
    </p>

    <p class='ocr_par' dir='ltr' id='par_1_8' title="bbox 513 2856 3357 2953">
     <span class='ocr_line' id='line_1_29' title="bbox 513 2856 3357 2953; baseline 0.001 -33"><span class='ocrx_word' id='word_1_334' title='bbox 513 2868 789 2953; x_wconf 48' lang='lat' dir='ltr'>tum·per</span> <span class='ocrx_word' id='word_1_335' title='bbox 824 2858 1102 2920; x_wconf 78' lang='lat' dir='ltr'>accidens</span> <span class='ocrx_word' id='word_1_336' title='bbox 1116 2904 1134 2937; x_wconf 92' lang='lat'>,</span> <span class='ocrx_word' id='word_1_337' title='bbox 1173 2876 1298 2919; x_wconf 91' lang='lat' dir='ltr'>non</span> <span class='ocrx_word' id='word_1_338' title='bbox 1336 2856 1708 2937; x_wconf 80' lang='lat' dir='ltr'>naturaliter,</span> <span class='ocrx_word' id='word_1_339' title='bbox 1747 2858 1856 2919; x_wconf 89' lang='lat' dir='ltr'>sed</span> <span class='ocrx_word' id='word_1_340' title='bbox 1893 2858 2270 2923; x_wconf 78' lang='lat' dir='ltr'>ordinatione</span> <span class='ocrx_word' id='word_1_341' title='bbox 2308 2864 2396 2938; x_wconf 85' lang='lat' dir='ltr'>(vt</span> <span class='ocrx_word' id='word_1_342' title='bbox 2434 2881 2653 2941; x_wconf 87' lang='lat' dir='ltr'>corpus</span> <span class='ocrx_word' id='word_1_343' title='bbox 2692 2862 2937 2940; x_wconf 88' lang='lat' dir='ltr'>ciuium)</span> <span class='ocrx_word' id='word_1_344' title='bbox 2977 2864 3211 2941; x_wconf 89' lang='lat' dir='ltr'>aequah</span> <span class='ocrx_word' id='word_1_345' title='bbox 3231 2862 3357 2924; x_wconf 87' lang='lat' dir='ltr'>iure</span> 
     </span>
    </p>

    <p class='ocr_par' dir='ltr' id='par_1_9' title="bbox 427 3016 3362 3483">
     <span class='ocr_line' id='line_1_30' title="bbox 509 3016 3360 3101; baseline 0.001 -20"><span class='ocrx_word' id='word_1_346' title='bbox 509 3024 566 3081; x_wconf 90' lang='lat'>8.</span> <span class='ocrx_word' id='word_1_347' title='bbox 655 3018 856 3080; x_wconf 76' lang='lat' dir='ltr'>Genus</span> <span class='ocrx_word' id='word_1_348' title='bbox 898 3017 1249 3079; x_wconf 86' lang='lat' dir='ltr'>sacramenti</span> <span class='ocrx_word' id='word_1_349' title='bbox 1288 3037 1413 3080; x_wconf 90' lang='lat' dir='ltr'>non</span> <span class='ocrx_word' id='word_1_350' title='bbox 1453 3028 1541 3080; x_wconf 87' lang='lat' dir='ltr'>est</span> <span class='ocrx_word' id='word_1_351' title='bbox 1581 3016 1840 3098; x_wconf 84' lang='lat' dir='ltr'>signum,</span> <span class='ocrx_word' id='word_1_352' title='bbox 1891 3020 2031 3080; x_wconf 73' lang='lat' dir='ltr'>cum</span> <span class='ocrx_word' id='word_1_353' title='bbox 2070 3018 2427 3084; x_wconf 86' lang='lat' dir='ltr'>inuisibilem</span> <span class='ocrx_word' id='word_1_354' title='bbox 2465 3022 2714 3101; x_wconf 88' lang='lat' dir='ltr'>gratiam</span> <span class='ocrx_word' id='word_1_355' title='bbox 2756 3022 2925 3083; x_wconf 89' lang='lat' dir='ltr'>nullo</span> <span class='ocrx_word' id='word_1_356' title='bbox 2967 3022 3154 3083; x_wconf 89' lang='lat' dir='ltr'>modo</span> <span class='ocrx_word' id='word_1_357' title='bbox 3195 3042 3360 3085; x_wconf 89' lang='lat' dir='ltr'>com-</span> 
     </span>
     <span class='ocr_line' id='line_1_31' title="bbox 427 3097 3354 3182; baseline 0 -19"><span class='ocrx_word' id='word_1_358' title='bbox 427 3103 743 3182; x_wconf 72' lang='lat' dir='ltr'>plectatur,</span> <span class='ocrx_word' id='word_1_359' title='bbox 785 3114 938 3177; x_wconf 88' lang='lat' dir='ltr'>quae</span> <span class='ocrx_word' id='word_1_360' title='bbox 981 3107 1180 3159; x_wconf 87' lang='lat' dir='ltr'>tamen</span> <span class='ocrx_word' id='word_1_361' title='bbox 1221 3108 1311 3160; x_wconf 87' lang='lat' dir='ltr'>est</span> <span class='ocrx_word' id='word_1_362' title='bbox 1350 3097 1628 3178; x_wconf 86' lang='lat' dir='ltr'>primaria</span> <span class='ocrx_word' id='word_1_363' title='bbox 1666 3118 1802 3177; x_wconf 90' lang='lat' dir='ltr'>pars</span> <span class='ocrx_word' id='word_1_364' title='bbox 1840 3099 2231 3162; x_wconf 85' lang='lat' dir='ltr'>Sacramenti:</span> <span class='ocrx_word' id='word_1_365' title='bbox 2275 3102 2381 3162; x_wconf 86' lang='lat' dir='ltr'>sed</span> <span class='ocrx_word' id='word_1_366' title='bbox 2421 3104 2572 3163; x_wconf 67' lang='lat' dir='ltr'>aca‘o</span> <span class='ocrx_word' id='word_1_367' title='bbox 2614 3103 2797 3164; x_wconf 90' lang='lat' dir='ltr'>Sacra</span> <span class='ocrx_word' id='word_1_368' title='bbox 2812 3148 2831 3179; x_wconf 87' lang='lat'>,</span> <span class='ocrx_word' id='word_1_369' title='bbox 2871 3112 2996 3163; x_wconf 89' lang='lat' dir='ltr'>tam</span> <span class='ocrx_word' id='word_1_370' title='bbox 3039 3101 3153 3163; x_wconf 91' lang='lat' dir='ltr'>Dei</span> <span class='ocrx_word' id='word_1_371' title='bbox 3172 3106 3354 3182; x_wconf 77' lang='lat' dir='ltr'>quam</span> 
     </span>
     <span class='ocr_line' id='line_1_32' title="bbox 427 3176 3359 3258; baseline 0 -15"><span class='ocrx_word' id='word_1_372' title='bbox 427 3178 688 3244; x_wconf 87' lang='lat' dir='ltr'>hominis</span> <span class='ocrx_word' id='word_1_373' title='bbox 725 3176 1102 3258; x_wconf 88' lang='lat' dir='ltr'>operationes</span> <span class='ocrx_word' id='word_1_374' title='bbox 1141 3179 1672 3257; x_wconf 80' lang='lat' dir='ltr'>comprehendens,</span> <span class='ocrx_word' id='word_1_375' title='bbox 1733 3178 1912 3239; x_wconf 88' lang='lat' dir='ltr'>Actio</span> <span class='ocrx_word' id='word_1_376' title='bbox 1954 3179 2113 3240; x_wconf 90' lang='lat' dir='ltr'>enim</span> <span class='ocrx_word' id='word_1_377' title='bbox 2154 3192 2241 3243; x_wconf 73' lang='lat' dir='ltr'>est</span> <span class='ocrx_word' id='word_1_378' title='bbox 2280 3182 2560 3243; x_wconf 88' lang='lat' dir='ltr'>naturalis</span> <span class='ocrx_word' id='word_1_379' title='bbox 2602 3183 2697 3243; x_wconf 86' lang='lat' dir='ltr'>vel</span> <span class='ocrx_word' id='word_1_380' title='bbox 2738 3181 3087 3243; x_wconf 85' lang='lat' dir='ltr'>voluntaria.</span> <span class='ocrx_word' id='word_1_381' title='bbox 3131 3184 3359 3244; x_wconf 87' lang='lat' dir='ltr'>Volun-</span> 
     </span>
     <span class='ocr_line' id='line_1_33' title="bbox 427 3258 3356 3342; baseline -0.001 -18"><span class='ocrx_word' id='word_1_382' title='bbox 427 3262 574 3324; x_wconf 78' lang='lat' dir='ltr'>taria</span> <span class='ocrx_word' id='word_1_383' title='bbox 611 3268 702 3321; x_wconf 75' lang='lat' dir='ltr'>est</span> <span class='ocrx_word' id='word_1_384' title='bbox 737 3262 1075 3338; x_wconf 64' lang='grc' dir='ltr'>θεωρητική</span> <span class='ocrx_word' id='word_1_385' title='bbox 1115 3261 1210 3319; x_wconf 87' lang='lat' dir='ltr'>vel</span> <span class='ocrx_word' id='word_1_386' title='bbox 1248 3260 1656 3339; x_wconf 67' lang='grc' dir='ltr'>προαιρετικῆε</span> <span class='ocrx_word' id='word_1_387' title='bbox 1698 3261 1756 3321; x_wconf 82' lang='lat'>&amp;</span> <span class='ocrx_word' id='word_1_388' title='bbox 1787 3260 1938 3321; x_wconf 80' lang='lat' dir='ltr'>haec</span> <span class='ocrx_word' id='word_1_389' title='bbox 1968 3258 2181 3322; x_wconf 78' lang='lat' dir='ltr'>iterum</span> <span class='ocrx_word' id='word_1_390' title='bbox 2211 3260 2461 3342; x_wconf 81' lang='lat' dir='ltr'>duplex,</span> <span class='ocrx_word' id='word_1_391' title='bbox 2490 3282 2573 3324; x_wconf 83' lang='lat' dir='ltr'>se.</span> <span class='ocrx_word' id='word_1_392' title='bbox 2598 3262 2787 3338; x_wconf 66' lang='grc' dir='ltr'><strong><em>ἠθική</em></strong></span> <span class='ocrx_word' id='word_1_393' title='bbox 2807 3262 2901 3323; x_wconf 83' lang='lat' dir='ltr'>vel</span> <span class='ocrx_word' id='word_1_394' title='bbox 2925 3262 3356 3340; x_wconf 68' lang='grc' dir='ltr'>ἒκκλησιαςική</span> 
     </span>
     <span class='ocr_line' id='line_1_34' title="bbox 429 3336 3362 3421; baseline 0 -18"><span class='ocrx_word' id='word_1_395' title='bbox 429 3359 610 3421; x_wconf 87' lang='lat' dir='ltr'>quam</span> <span class='ocrx_word' id='word_1_396' title='bbox 648 3336 1052 3400; x_wconf 88' lang='lat' dir='ltr'>ceremoniam</span> <span class='ocrx_word' id='word_1_397' title='bbox 1089 3340 1481 3418; x_wconf 84' lang='lat' dir='ltr'>appellamus,</span> <span class='ocrx_word' id='word_1_398' title='bbox 1523 3341 1579 3401; x_wconf 76' lang='grc' dir='ltr'>δε</span> <span class='ocrx_word' id='word_1_399' title='bbox 1617 3341 1730 3401; x_wconf 86' lang='lat' dir='ltr'>sub</span> <span class='ocrx_word' id='word_1_400' title='bbox 1771 3340 1890 3401; x_wconf 90' lang='lat' dir='ltr'>hoc</span> <span class='ocrx_word' id='word_1_401' title='bbox 1928 3338 2103 3401; x_wconf 88' lang='lat' dir='ltr'>titulo</span> <span class='ocrx_word' id='word_1_402' title='bbox 2144 3339 2429 3421; x_wconf 89' lang='lat' dir='ltr'>quicquid</span> <span class='ocrx_word' id='word_1_403' title='bbox 2471 3341 2622 3403; x_wconf 89' lang='lat' dir='ltr'>inest</span> <span class='ocrx_word' id='word_1_404' title='bbox 2661 3342 3054 3403; x_wconf 88' lang='lat' dir='ltr'>Sacramentis</span> <span class='ocrx_word' id='word_1_405' title='bbox 3096 3341 3362 3421; x_wconf 81' lang='lat' dir='ltr'>legitime</span> 
     </span>
     <span class='ocr_line' id='line_1_35' title="bbox 434 3417 1146 3483; baseline -0.007 0"><span class='ocrx_word' id='word_1_406' title='bbox 434 3417 727 3483; x_wconf 88' lang='lat' dir='ltr'>contineri</span> <span class='ocrx_word' id='word_1_407' title='bbox 765 3417 1146 3479; x_wconf 82' lang='lat' dir='ltr'>affirmamus.</span> 
     </span>
    </p>

    <p class='ocr_par' dir='ltr' id='par_1_10' title="bbox 423 3496 3367 4060">
     <span class='ocr_line' id='line_1_36' title="bbox 507 3496 3358 3581; baseline -0.001 -18"><span class='ocrx_word' id='word_1_408' title='bbox 507 3520 566 3579; x_wconf 89' lang='lat'>9.</span> <span class='ocrx_word' id='word_1_409' title='bbox 651 3497 903 3561; x_wconf 77' lang='lat' dir='ltr'>Causam</span> <span class='ocrx_word' id='word_1_410' title='bbox 961 3496 1318 3561; x_wconf 83' lang='lat' dir='ltr'>efficientem</span> <span class='ocrx_word' id='word_1_411' title='bbox 1375 3498 1680 3561; x_wconf 85' lang='lat' dir='ltr'>statuimus</span> <span class='ocrx_word' id='word_1_412' title='bbox 1740 3501 1934 3561; x_wconf 90' lang='lat' dir='ltr'>solum</span> <span class='ocrx_word' id='word_1_413' title='bbox 1993 3502 2191 3563; x_wconf 87' lang='lat' dir='ltr'>Deum</span> <span class='ocrx_word' id='word_1_414' title='bbox 2244 3500 2661 3580; x_wconf 80' lang='lat' dir='ltr'>Christumque</span> <span class='ocrx_word' id='word_1_415' title='bbox 2714 3500 3137 3581; x_wconf 90' lang='lat' dir='ltr'>Mediatorem,</span> <span class='ocrx_word' id='word_1_416' title='bbox 3190 3500 3358 3579; x_wconf 82' lang='lat' dir='ltr'>quod</span> 
     </span>
     <span class='ocr_line' id='line_1_37' title="bbox 429 3576 3361 3661; baseline -0.001 -18"><span class='ocrx_word' id='word_1_417' title='bbox 429 3598 637 3643; x_wconf 82' lang='lat' dir='ltr'>eornm</span> <span class='ocrx_word' id='word_1_418' title='bbox 684 3578 916 3639; x_wconf 77' lang='lat' dir='ltr'>tantum</span> <span class='ocrx_word' id='word_1_419' title='bbox 963 3576 1038 3639; x_wconf 90' lang='lat' dir='ltr'>sit</span> <span class='ocrx_word' id='word_1_420' title='bbox 1085 3576 1318 3658; x_wconf 87' lang='lat' dir='ltr'>signum</span> <span class='ocrx_word' id='word_1_421' title='bbox 1357 3577 1685 3655; x_wconf 87' lang='lat' dir='ltr'>instituere,</span> <span class='ocrx_word' id='word_1_422' title='bbox 1727 3578 1830 3658; x_wconf 88' lang='lat' dir='ltr'>qui</span> <span class='ocrx_word' id='word_1_423' title='bbox 1868 3579 1958 3642; x_wconf 88' lang='lat' dir='ltr'>ius</span> <span class='ocrx_word' id='word_1_424' title='bbox 1998 3581 2220 3643; x_wconf 88' lang='lat' dir='ltr'>habent</span> <span class='ocrx_word' id='word_1_425' title='bbox 2260 3582 2643 3659; x_wconf 85' lang='lat' dir='ltr'>promittendi</span> <span class='ocrx_word' id='word_1_426' title='bbox 2683 3579 2979 3661; x_wconf 85' lang='lat' dir='ltr'>signatum</span> <span class='ocrx_word' id='word_1_427' title='bbox 2995 3625 3012 3657; x_wconf 86' lang='lat'>,</span> <span class='ocrx_word' id='word_1_428' title='bbox 3054 3583 3110 3641; x_wconf 87' lang='lat'>&amp;</span> <span class='ocrx_word' id='word_1_429' title='bbox 3149 3592 3361 3659; x_wconf 89' lang='lat' dir='ltr'>poten-</span> 
     </span>
     <span class='ocr_line' id='line_1_38' title="bbox 427 3654 3362 3739; baseline -0 -16"><span class='ocrx_word' id='word_1_430' title='bbox 427 3660 572 3723; x_wconf 87' lang='lat' dir='ltr'>tiam</span> <span class='ocrx_word' id='word_1_431' title='bbox 610 3654 970 3739; x_wconf 87' lang='lat' dir='ltr'>applicandi.</span> <span class='ocrx_word' id='word_1_432' title='bbox 1009 3658 1220 3719; x_wconf 89' lang='lat' dir='ltr'>Nullus</span> <span class='ocrx_word' id='word_1_433' title='bbox 1261 3669 1458 3720; x_wconf 87' lang='lat' dir='ltr'>autem</span> <span class='ocrx_word' id='word_1_434' title='bbox 1497 3660 1685 3721; x_wconf 88' lang='lat' dir='ltr'>homo</span> <span class='ocrx_word' id='word_1_435' title='bbox 1725 3659 1896 3722; x_wconf 90' lang='lat' dir='ltr'>nouit</span> <span class='ocrx_word' id='word_1_436' title='bbox 1932 3659 2185 3722; x_wconf 89' lang='lat' dir='ltr'>consilia</span> <span class='ocrx_word' id='word_1_437' title='bbox 2220 3660 2369 3722; x_wconf 87' lang='lat' dir='ltr'>Dei:</span> <span class='ocrx_word' id='word_1_438' title='bbox 2410 3664 2583 3723; x_wconf 87' lang='lat' dir='ltr'>Rom.</span> <span class='ocrx_word' id='word_1_439' title='bbox 2632 3683 2657 3722; x_wconf 95' lang='lat'>1</span> <span class='ocrx_word' id='word_1_440' title='bbox 2674 3680 2720 3720; x_wconf 88' lang='lat'>1.</span> <span class='ocrx_word' id='word_1_441' title='bbox 2764 3681 2863 3738; x_wconf 85' lang='lat'>34.</span> <span class='ocrx_word' id='word_1_442' title='bbox 2904 3662 3075 3723; x_wconf 82' lang='lat' dir='ltr'>Esai.</span> <span class='ocrx_word' id='word_1_443' title='bbox 3116 3681 3217 3734; x_wconf 83' lang='lat'>41·</span> <span class='ocrx_word' id='word_1_444' title='bbox 3262 3666 3362 3737; x_wconf 88' lang='lat'>18,</span> 
     </span>
     <span class='ocr_line' id='line_1_39' title="bbox 423 3738 3367 3821; baseline -0 -19"><span class='ocrx_word' id='word_1_445' title='bbox 423 3759 538 3802; x_wconf 87' lang='lat' dir='ltr'>nec</span> <span class='ocrx_word' id='word_1_446' title='bbox 589 3738 902 3819; x_wconf 86' lang='lat' dir='ltr'>quisquam</span> <span class='ocrx_word' id='word_1_447' title='bbox 940 3748 1138 3816; x_wconf 89' lang='lat' dir='ltr'>potest</span> <span class='ocrx_word' id='word_1_448' title='bbox 1179 3757 1253 3799; x_wconf 85' lang='lat' dir='ltr'>ex</span> <span class='ocrx_word' id='word_1_449' title='bbox 1289 3757 1353 3800; x_wconf 89' lang='lat' dir='ltr'>se</span> <span class='ocrx_word' id='word_1_450' title='bbox 1390 3738 1485 3800; x_wconf 82' lang='lat' dir='ltr'>vel</span> <span class='ocrx_word' id='word_1_451' title='bbox 1525 3738 1873 3818; x_wconf 89' lang='lat' dir='ltr'>promittere</span> <span class='ocrx_word' id='word_1_452' title='bbox 1912 3738 2167 3820; x_wconf 88' lang='lat' dir='ltr'>gratiam</span> <span class='ocrx_word' id='word_1_453' title='bbox 2210 3742 2634 3821; x_wconf 86' lang='lat' dir='ltr'>Euangelicam</span> <span class='ocrx_word' id='word_1_454' title='bbox 2674 3742 2733 3801; x_wconf 84' lang='lat'>&amp;</span> <span class='ocrx_word' id='word_1_455' title='bbox 2778 3739 3186 3802; x_wconf 87' lang='lat' dir='ltr'>remissionem</span> <span class='ocrx_word' id='word_1_456' title='bbox 3230 3760 3367 3819; x_wconf 88' lang='lat' dir='ltr'>pec-</span> 
     </span>
     <span class='ocr_line' id='line_1_40' title="bbox 426 3818 3359 3900; baseline 0 -18"><span class='ocrx_word' id='word_1_457' title='bbox 426 3832 729 3896; x_wconf 88' lang='lat' dir='ltr'>catorum,</span> <span class='ocrx_word' id='word_1_458' title='bbox 790 3821 886 3879; x_wconf 77' lang='lat' dir='ltr'>vel</span> <span class='ocrx_word' id='word_1_459' title='bbox 939 3828 1078 3879; x_wconf 89' lang='lat' dir='ltr'>actu</span> <span class='ocrx_word' id='word_1_460' title='bbox 1129 3818 1430 3880; x_wconf 88' lang='lat' dir='ltr'>remittere</span> <span class='ocrx_word' id='word_1_461' title='bbox 1481 3828 1717 3897; x_wconf 88' lang='lat' dir='ltr'>praeter</span> <span class='ocrx_word' id='word_1_462' title='bbox 1765 3822 1964 3881; x_wconf 88' lang='lat' dir='ltr'>solum</span> <span class='ocrx_word' id='word_1_463' title='bbox 2007 3822 2233 3882; x_wconf 91' lang='lat' dir='ltr'>Deum:</span> <span class='ocrx_word' id='word_1_464' title='bbox 2296 3822 2468 3884; x_wconf 81' lang='lat' dir='ltr'>Esai.</span> <span class='ocrx_word' id='word_1_465' title='bbox 2509 3840 2607 3898; x_wconf 86' lang='grc'>43.</span> <span class='ocrx_word' id='word_1_466' title='bbox 2655 3838 2748 3900; x_wconf 85' lang='lat'>25.</span> <span class='ocrx_word' id='word_1_467' title='bbox 2812 3822 3198 3900; x_wconf 87' lang='lat' dir='ltr'>Quapropter</span> <span class='ocrx_word' id='word_1_468' title='bbox 3235 3840 3359 3882; x_wconf 86' lang='lat' dir='ltr'>non</span> 
     </span>
     <span class='ocr_line' id='line_1_41' title="bbox 423 3896 3359 3979; baseline 0 -16"><span class='ocrx_word' id='word_1_469' title='bbox 423 3901 618 3963; x_wconf 75' lang='lat' dir='ltr'>solum</span> <span class='ocrx_word' id='word_1_470' title='bbox 658 3900 869 3960; x_wconf 79' lang='lat' dir='ltr'>fallunt</span> <span class='ocrx_word' id='word_1_471' title='bbox 905 3916 1020 3960; x_wconf 90' lang='lat' dir='ltr'>nos</span> <span class='ocrx_word' id='word_1_472' title='bbox 1058 3896 1224 3977; x_wconf 87' lang='lat' dir='ltr'>signa</span> <span class='ocrx_word' id='word_1_473' title='bbox 1261 3901 1565 3961; x_wconf 87' lang='lat' dir='ltr'>voluntate</span> <span class='ocrx_word' id='word_1_474' title='bbox 1605 3899 1863 3962; x_wconf 87' lang='lat' dir='ltr'>hominis</span> <span class='ocrx_word' id='word_1_475' title='bbox 1905 3898 2211 3979; x_wconf 87' lang='lat' dir='ltr'>ordinata,</span> <span class='ocrx_word' id='word_1_476' title='bbox 2252 3901 2361 3962; x_wconf 88' lang='lat' dir='ltr'>sed</span> <span class='ocrx_word' id='word_1_477' title='bbox 2399 3900 2579 3963; x_wconf 88' lang='lat' dir='ltr'>etiam</span> <span class='ocrx_word' id='word_1_478' title='bbox 2613 3902 2745 3963; x_wconf 90' lang='lat' dir='ltr'>Deo</span> <span class='ocrx_word' id='word_1_479' title='bbox 2770 3919 3065 3963; x_wconf 87' lang='lat' dir='ltr'>summam</span> <span class='ocrx_word' id='word_1_480' title='bbox 3084 3900 3359 3963; x_wconf 87' lang='lat' dir='ltr'>iniuriam</span> 
     </span>
     <span class='ocr_line' id='line_1_42' title="bbox 424 3978 2812 4060; baseline 0 -17"><span class='ocrx_word' id='word_1_481' title='bbox 424 3981 682 4043; x_wconf 86' lang='lat' dir='ltr'>inferunt</span> <span class='ocrx_word' id='word_1_482' title='bbox 695 4025 713 4058; x_wconf 88' lang='lat'>,</span> <span class='ocrx_word' id='word_1_483' title='bbox 753 3978 858 4057; x_wconf 88' lang='lat' dir='ltr'>qui</span> <span class='ocrx_word' id='word_1_484' title='bbox 895 3987 1124 4039; x_wconf 89' lang='lat' dir='ltr'>tantum</span> <span class='ocrx_word' id='word_1_485' title='bbox 1163 3978 1531 4040; x_wconf 82' lang='lat' dir='ltr'>authoritatis</span> <span class='ocrx_word' id='word_1_486' title='bbox 1571 3980 1800 4057; x_wconf 87' lang='lat' dir='ltr'>absque</span> <span class='ocrx_word' id='word_1_487' title='bbox 1841 3979 1995 4041; x_wconf 87' lang='lat' dir='ltr'>illius</span> <span class='ocrx_word' id='word_1_488' title='bbox 2034 3981 2220 4042; x_wconf 81' lang='lat' dir='ltr'>verbo</span> <span class='ocrx_word' id='word_1_489' title='bbox 2254 3980 2317 4041; x_wconf 90' lang='lat' dir='ltr'>in</span> <span class='ocrx_word' id='word_1_490' title='bbox 2357 4000 2421 4042; x_wconf 89' lang='lat' dir='ltr'>se</span> <span class='ocrx_word' id='word_1_491' title='bbox 2460 3980 2812 4060; x_wconf 87' lang='lat' dir='ltr'>suscipiunt.</span> 
     </span>
    </p>

    <p class='ocr_par' dir='ltr' id='par_1_11' title="bbox 421 4058 3363 4525">
     <span class='ocr_line' id='line_1_43' title="bbox 509 4058 3355 4153; baseline -0 -32"><span class='ocrx_word' id='word_1_492' title='bbox 509 4080 599 4122; x_wconf 94' lang='lat' dir='ltr'>1o.</span> <span class='ocrx_word' id='word_1_493' title='bbox 679 4060 1008 4137; x_wconf 67' lang='lat' dir='ltr'>Integritas</span> <span class='ocrx_word' id='word_1_494' title='bbox 1066 4068 1266 4120; x_wconf 89' lang='lat' dir='ltr'>autem</span> <span class='ocrx_word' id='word_1_495' title='bbox 1323 4061 1699 4119; x_wconf 59' lang='lat' dir='ltr'>instinctione}</span> <span class='ocrx_word' id='word_1_496' title='bbox 1757 4058 2010 4121; x_wconf 90' lang='lat' dir='ltr'>Diuinae</span> <span class='ocrx_word' id='word_1_497' title='bbox 2069 4059 2200 4121; x_wconf 88' lang='lat' dir='ltr'>talis</span> <span class='ocrx_word' id='word_1_498' title='bbox 2258 4070 2379 4153; x_wconf 86' lang='lat' dir='ltr'>est,</span> <span class='ocrx_word' id='word_1_499' title='bbox 2429 4071 2493 4122; x_wconf 81' lang='lat' dir='ltr'>vt</span> <span class='ocrx_word' id='word_1_500' title='bbox 2533 4060 2736 4139; x_wconf 87' lang='lat' dir='ltr'>quoad</span> <span class='ocrx_word' id='word_1_501' title='bbox 2776 4059 3168 4122; x_wconf 87' lang='lat' dir='ltr'>substantiam</span> <span class='ocrx_word' id='word_1_502' title='bbox 3208 4058 3355 4121; x_wconf 88' lang='lat' dir='ltr'>nihil</span> 
     </span>
     <span class='ocr_line' id='line_1_44' title="bbox 421 4137 3357 4219; baseline -0 -17"><span class='ocrx_word' id='word_1_503' title='bbox 421 4140 642 4202; x_wconf 85' lang='lat' dir='ltr'>addere</span> <span class='ocrx_word' id='word_1_504' title='bbox 681 4140 775 4199; x_wconf 80' lang='lat' dir='ltr'>vel</span> <span class='ocrx_word' id='word_1_505' title='bbox 817 4138 1125 4199; x_wconf 86' lang='lat' dir='ltr'>detrahere</span> <span class='ocrx_word' id='word_1_506' title='bbox 1160 4137 1363 4216; x_wconf 87' lang='lat' dir='ltr'>liceat,</span> <span class='ocrx_word' id='word_1_507' title='bbox 1403 4156 1480 4199; x_wconf 89' lang='lat' dir='ltr'>ne</span> <span class='ocrx_word' id='word_1_508' title='bbox 1519 4140 1623 4199; x_wconf 89' lang='lat' dir='ltr'>fiat</span> <span class='ocrx_word' id='word_1_509' title='bbox 1662 4138 2031 4201; x_wconf 89' lang='lat' dir='ltr'>Sacramenti</span> <span class='ocrx_word' id='word_1_510' title='bbox 2074 4140 2421 4219; x_wconf 82' lang='lat' dir='ltr'>deprauauo</span> <span class='ocrx_word' id='word_1_511' title='bbox 2437 4186 2455 4219; x_wconf 89' lang='lat'>,</span> <span class='ocrx_word' id='word_1_512' title='bbox 2495 4158 2678 4219; x_wconf 88' lang='lat' dir='ltr'>quam</span> <span class='ocrx_word' id='word_1_513' title='bbox 2710 4139 3100 4201; x_wconf 87' lang='lat' dir='ltr'>Bellarminus</span> <span class='ocrx_word' id='word_1_514' title='bbox 3115 4185 3134 4219; x_wconf 90' lang='lat'>,</span> <span class='ocrx_word' id='word_1_515' title='bbox 3174 4141 3272 4200; x_wconf 82' lang='lat' dir='ltr'>lib.</span> <span class='ocrx_word' id='word_1_516' title='bbox 3306 4158 3357 4201; x_wconf 90' lang='lat'>1.</span> 
     </span>
     <span class='ocr_line' id='line_1_45' title="bbox 425 4218 3363 4311; baseline 0 -30"><span class='ocrx_word' id='word_1_517' title='bbox 425 4222 496 4281; x_wconf 80' lang='lat' dir='ltr'>de</span> <span class='ocrx_word' id='word_1_518' title='bbox 556 4218 823 4283; x_wconf 78' lang='lat' dir='ltr'>Sacram.</span> <span class='ocrx_word' id='word_1_519' title='bbox 887 4228 1016 4311; x_wconf 68' lang='lat' dir='ltr'>cap.</span> <span class='ocrx_word' id='word_1_520' title='bbox 1080 4237 1174 4278; x_wconf 83' lang='lat'>21.</span> <span class='ocrx_word' id='word_1_521' title='bbox 1227 4229 1406 4279; x_wconf 77' lang='lat' dir='ltr'>vocat</span> <span class='ocrx_word' id='word_1_522' title='bbox 1443 4218 1854 4281; x_wconf 86' lang='lat' dir='ltr'>necessitatem</span> <span class='ocrx_word' id='word_1_523' title='bbox 1893 4220 2278 4282; x_wconf 86' lang='lat' dir='ltr'>Sacramenti.</span> <span class='ocrx_word' id='word_1_524' title='bbox 2316 4230 2543 4282; x_wconf 68' lang='lat' dir='ltr'>tantam</span> <span class='ocrx_word' id='word_1_525' title='bbox 2583 4225 2726 4282; x_wconf 79' lang='lat' dir='ltr'>vero</span> <span class='ocrx_word' id='word_1_526' title='bbox 2767 4236 3051 4299; x_wconf 88' lang='lat' dir='ltr'>negamus</span> <span class='ocrx_word' id='word_1_527' title='bbox 3094 4238 3254 4298; x_wconf 86' lang='lat' dir='ltr'>esse,</span> <span class='ocrx_word' id='word_1_528' title='bbox 3299 4231 3363 4282; x_wconf 81' lang='lat' dir='ltr'>vt</span> 
     </span>
     <span class='ocr_line' id='line_1_46' title="bbox 429 4298 3357 4380; baseline -0.001 -18"><span class='ocrx_word' id='word_1_529' title='bbox 429 4299 632 4379; x_wconf 84' lang='lat' dir='ltr'>quoad</span> <span class='ocrx_word' id='word_1_530' title='bbox 681 4298 1039 4376; x_wconf 75' lang='lat' dir='ltr'>accidentia,</span> <span class='ocrx_word' id='word_1_531' title='bbox 1093 4317 1176 4359; x_wconf 89' lang='lat' dir='ltr'>sc.</span> <span class='ocrx_word' id='word_1_532' title='bbox 1233 4300 1416 4360; x_wconf 82' lang='lat' dir='ltr'>verba</span> <span class='ocrx_word' id='word_1_533' title='bbox 1466 4300 1524 4360; x_wconf 73' lang='grc' dir='ltr'>δι</span> <span class='ocrx_word' id='word_1_534' title='bbox 1580 4300 1832 4375; x_wconf 85' lang='lat' dir='ltr'>syllabas</span> <span class='ocrx_word' id='word_1_535' title='bbox 1846 4344 1862 4375; x_wconf 83' lang='lat'>,</span> <span class='ocrx_word' id='word_1_536' title='bbox 1911 4299 2135 4378; x_wconf 89' lang='lat' dir='ltr'>aliquid</span> <span class='ocrx_word' id='word_1_537' title='bbox 2189 4309 2446 4378; x_wconf 87' lang='lat' dir='ltr'>mutare,</span> <span class='ocrx_word' id='word_1_538' title='bbox 2488 4318 2900 4380; x_wconf 87' lang='lat' dir='ltr'>corrumpere,</span> <span class='ocrx_word' id='word_1_539' title='bbox 2944 4310 3357 4379; x_wconf 86' lang='lat' dir='ltr'>transponere,</span> 
     </span>
     <span class='ocr_line' id='line_1_47' title="bbox 425 4377 3357 4525; baseline -0.001 -82"><span class='ocrx_word' id='word_1_540' title='bbox 425 4382 523 4443; x_wconf 79' lang='lat' dir='ltr'>vel</span> <span class='ocrx_word' id='word_1_541' title='bbox 561 4380 986 4457; x_wconf 80' lang='lat' dir='ltr'>interrumpere</span> <span class='ocrx_word' id='word_1_542' title='bbox 1027 4380 1193 4441; x_wconf 86' lang='lat' dir='ltr'>nefas</span> <span class='ocrx_word' id='word_1_543' title='bbox 1233 4378 1532 4441; x_wconf 85' lang='lat' dir='ltr'>dicamus:</span> <span class='ocrx_word' id='word_1_544' title='bbox 1573 4377 1698 4441; x_wconf 80' lang='lat' dir='ltr'>imo</span> <span class='ocrx_word' id='word_1_545' title='bbox 1731 4378 1874 4441; x_wconf 81' lang='lat' dir='ltr'>ritus</span> <span class='ocrx_word' id='word_1_546' title='bbox 1912 4380 2316 4443; x_wconf 83' lang='lat' dir='ltr'>Ecclesiastici</span> <span class='ocrx_word' id='word_1_547' title='bbox 2356 4381 2499 4443; x_wconf 91' lang='lat' dir='ltr'>addi</span> <span class='ocrx_word' id='word_1_548' title='bbox 2519 4390 2771 4460; x_wconf 84' lang='lat' dir='ltr'>possunt</span> <span class='ocrx_word' id='word_1_549' title='bbox 2790 4383 2847 4443; x_wconf 80' lang='grc' dir='ltr'>δι</span> <span class='ocrx_word' id='word_1_550' title='bbox 2868 4379 3090 4443; x_wconf 84' lang='lat' dir='ltr'>seruari</span> <span class='ocrx_word' id='word_1_551' title='bbox 3113 4379 3357 4525; x_wconf 45' lang='lat' dir='ltr'>debeoxtiit,</span> 
     </span>
    </p>

    <p class='ocr_par' dir='ltr' id='par_1_12' title="bbox 3175 4464 3363 4525">
     <span class='ocr_line' id='line_1_48' title="bbox 3175 4464 3363 4525; baseline -0.011 0"><span class='ocrx_word' id='word_1_552' title='bbox 3175 4478 3241 4525; x_wconf 82' lang='lat' dir='ltr'>m</span> <span class='ocrx_word' id='word_1_553' title='bbox 3320 4464 3363 4523; x_wconf 88' lang='grc' dir='ltr'>ὸ</span> 
     </span>
    </p>
   </div>
  </div>
 </body>
</html>
