3923 4875
1468 0 1876 38 Blzznltn
1940 0 2160 36 PARS
2221 0 2266 34 1·
3207 0 3322 50 417

402 151 617 236 potuit.
654 154 823 216 Deus
860 151 1025 214 idem
1062 150 1302 232 docuit,
1342 151 1401 212 δι
1439 148 1655 230 posuit.
1697 148 1925 214 Docuit
1963 148 2026 212 in
2065 149 2387 230 scriptura:
2424 146 2625 244 posuit
2661 149 2723 212 in
2753 147 3029 212 Ecclesia
3042 194 3062 229 ‚
3087 147 3332 220 deducit

404 253 521 296 nos
556 255 632 298 ac
670 233 871 313 potius
908 231 1085 295 trahit
1122 232 1340 294 virtute
1378 249 1511 310 sua,
1550 231 1613 292 id
1653 241 1773 306 est,
1812 230 2054 310 spiritus
2092 231 2318 294 aeterni
2357 247 2448 292 sui
2488 231 3049 293 communicatione.

483 314 745 376 Primum
799 314 999 406 itaque
1037 312 1206 392 quod
1246 331 1323 374 ex
1360 311 1464 372 illo
1504 323 1847 373 sanctorum
1886 330 2164 374 sermone
2205 310 2517 390 discimus,
2569 310 2718 375 illud
2755 323 2846 374 εει
2859 355 2878 388 .,
2927 329 3044 374 nos
3083 314 3330 404 peregre

403 396 616 458 abesse
654 397 694 455 a
733 395 1029 454 Dormno·
1072 397 1129 456 δι
1171 391 1535 469 vbicumque
1570 394 1847 454 locorum
1886 392 2098 469 simus,
2137 390 2462 456 videndum
2479 411 2635 472 esse,
2673 402 2738 454 vt
2756 403 2882 458 tum
2903 395 2942 454 a
2959 393 3136 454 nobis
3153 411 3331 470 supra

404 495 547 554 nos,
598 486 729 537 tum
766 477 806 536 ὲ
844 493 987 536 mun
1030 493 1071 534 o
1111 492 1289 551 supra
1326 483 1521 534 totum
1561 490 1721 534 nunc
1762 473 2054 534 mundum
2093 472 2419 552 fugiamus,
2474 471 2589 534 nisi
2625 473 2780 534 mala
2821 482 3059 550 nostra,
3109 471 3172 532 id
3211 481 3330 550 est,

404 567 653 636 peccata
690 557 747 616 δι
786 553 1055 616 miseriae
1092 553 1551 615 innumerabiles
1592 571 1667 614 ex
1688 553 1946 630 peccatis
1979 554 2386 614 accumulatae
2406 553 2581 614 nobis
2599 554 2732 632 'plus
2751 571 2946 631 aequo
2967 554 3336 614 allubescant

408 636 669 698 maximo
709 637 869 696 malo
906 645 1134 695 nostro.
1177 632 1442 706 Deinde,
1485 636 1625 694 cum
1663 631 1892 694 homini
1911 632 2102 694 cuiuis
2123 633 2400 711 prudenti
2419 652 2542 693 non
2563 633 2624 694 id
2649 636 2874 694 tantum
2895 633 2972 694 sit
2989 632 3333 713 videndum,

404 717 563 778 vnde
594 717 852 808 effugere
872 713 1065 806 ipsum
1086 724 1363 793 oporteat
1376 759 1395 790 ,
1436 706 1823 774 verumetiam
1842 719 1966 791 quo
1985 715 2042 774 δι
2063 732 2182 793 qua
2200 712 2416 776 vtiliter
2434 714 2629 792 ipsum
2649 715 3045 794 contendere3
3081 716 3333 775 alterum

404 795 551 859 illud
591 795 936 858 Christianis
974 812 1129 872 opus
1168 805 1289 870 est,
1332 803 1394 855 vt
1428 807 1606 873 prout
1648 797 1685 854 ὲ
1722 812 1787 855 εε
1825 793 1970 872 ipsis
2009 795 2354 870 mundoque
2385 805 2517 856 toto
2543 794 2921 873 profugiunt,
2953 793 3035 854 ita
3053 796 3132 855 ad
3153 793 3334 864 finem

407 894 707 939 summum
765 874 1031 937 omnium
1084 878 1140 937 δι
1190 892 1491 935 summum
1546 877 1773 936 bonum
1824 893 1999 936 suum
2040 875 2428 952 transfugiant
2467 874 2938 953 diligentissime:
2989 874 3334 953 praesertim

406 959 545 1019 cum
585 957 635 1018 is
673 955 827 1035 ipse,
868 955 970 1033 qui
1010 955 1367 1034 principium
1410 956 1464 1014 δι
1508 955 1639 1015 finis
1672 953 1867 1016 omnis
1888 955 2068 1033 boni,
2107 956 2382 1032 adeoque
2403 973 2700 1016 summum
2723 958 2979 1032 bonum,
3019 957 3116 1016 vel
3138 956 3335 1032 potius

406 1037 647 1099 vnicum
692 1049 959 1097 nostrum
1000 1047 1121 1110 est,
1162 1055 1227 1097 se
1258 1047 1379 1096 tam
1422 1036 1675 1112 gratiose
1716 1033 1881 1096 sistat
1917 1035 1978 1096 in
2021 1035 2211 1096 oculis
2231 1035 2496 1096 omnium
2517 1037 2574 1096 δι
2594 1035 2870 1097 exhibeat
2890 1037 3333 1114 perfruendum.

408 1117 609 1194 Quam
649 1117 725 1178 ad
767 1136 893 1176 rem
934 1114 984 1175 si
1022 1117 1217 1176 defixa
1258 1117 1571 1175 oculorum
1612 1113 1741 1176 acie
1780 1126 1909 1176 toto
1951 1116 2152 1176 animo
2194 1118 2249 1177 δι
2277 1127 2402 1176 tota
2425 1127 2620 1176 mente
2639 1117 3161 1195 adlaboraremuS,
3199 1135 3336 1210 pro·

408 1200 564 1259 fecto
604 1217 717 1257 nec
757 1209 877 1257 tam
919 1196 1119 1258 multis
1159 1195 1559 1257 incommodis
1598 1195 1693 1271 alij
1730 1197 2101 1256 afficeremus
2133 1195 2314 1262 alios,
2355 1197 2546 1256 necin
2567 1196 2812 1274 singulis
2833 1215 2984 1274 quae
3007 1199 3336 1259 obuemunt

406 1277 877 1355 impedimentis,
918 1278 1065 1348 cito,
1104 1277 1366 1354 trepide,
1409 1275 1683 1353 segniter,
1723 1290 1901 1352 atque
1936 1275 2164 1336 infirme
2194 1278 2585 1337 haereremus,
2631 1277 2882 1338 Accedit
2902 1279 2979 1336 ad
3003 1279 3152 1338 haec
3171 1298 3336 1338 sanc·

406 1358 695 1420 tissimum
735 1357 881 1417 illud
924 1356 1067 1423 Dei,
1116 1356 1217 1434 qui
1260 1375 1373 1416 nos
1415 1356 1681 1426 vocauit,
1724 1357 1980 1416 studium
2023 1357 2354 1416 Ecclesiam
2396 1377 2560 1416 suam
2605 1357 2660 1416 in
2704 1359 2823 1418 hoc
2863 1371 3148 1418 terrarum
3188 1361 3337 1420 orbe

410 1441 733 1516 seculoque
776 1437 1115 1514 pangentis,
1159 1439 1320 1496 velut
1360 1436 1503 1496 ouili
1544 1439 1806 1510 caulam,
1846 1439 1898 1496 δι
1922 1437 2179 1496 familiae
2200 1439 2476 1497 domum:
2519 1438 2686 1498 cuius
2705 1441 3033 1498 claustra&
3059 1440 3338 1516 repagula

410 1531 724 1598 propterea
775 1522 815 1578 ὲ,
867 1519 999 1577 Deo
1054 1517 1171 1576 fixa
1224 1529 1393 1592 sunt,
1445 1528 1507 1576 vt
1557 1519 1694 1576 cum
1737 1517 2135 1594 nosmetipsos
2177 1516 2236 1576 in
2279 1519 2545 1578 Ecclesia
2585 1518 2695 1577 Dei
2738 1520 3061 1594 fratresque
3101 1531 3338 1580 nostros

408 1617 833 1678 agnoscamus»,
894 1597 1117 1657 aditum
1180 1598 1257 1656 ad
1318 1599 1513 1657 Deum
1570 1597 1907 1666 molientes,
1969 1609 2096 1656 tum
2147 1600 2290 1657 vero
2344 1599 2536 1659 Deum
2579 1598 2770 1676 ipsum
2811 1599 3336 1660 sanctificationem

412 1679 717 1740 Ecclesiae
758 1696 897 1740 suae
939 1681 993 1738 δι
1038 1677 1321 1738 membris
1360 1676 1486 1737 eius
1526 1679 1888 1737 adferentem
1936 1678 2265 1755 praesentia
2303 1680 2358 1738 &
2381 1679 2615 1739 salutari
2639 1679 2843 1757 gratia.
2905 1680 3181 1756 Quorum
3213 1699 3337 1740 om-

410 1759 577 1820 nium
612 1760 760 1820 seria
802 1757 1307 1835 contemplatione
1348 1759 1537 1818 sancti
1576 1758 1691 1818 iam
1734 1758 1877 1818 olim
1922 1758 2128 1834 perciti
2171 1773 2318 1820 mter
2350 1779 2412 1818 se
2446 1760 2750 1829 dixerunt:
2785 1761 3045 1820 Domum
3089 1761 3340 1820 lehouae

414 1842 725 1916 adeamus,
779 1849 841 1899 vt
879 1839 1176 1915 Propheta
1216 1840 1335 1898 hoc
1375 1841 1513 1898 loco
1556 1851 1783 1917 narrat3
1826 1837 1885 1897 id
1930 1855 2049 1898 est.
2091 1841 2227 1898 cum
2271 1839 2380 1914 ipsi
2421 1841 2528 1901 sibi
2575 1842 2936 1917 gratulantes
2977 1840 3340 1900 addiderunt

410 1919 695 1992 calcaria,
760 1929 822 1978 vt
882 1921 1075 1978 Deum
1139 1920 1195 1980 δι
1258 1918 1573 1980 sacrarium
1617 1918 1741 1979 eius
1784 1920 2163 1988 accederent,
2207 1933 2332 1979 tum
2373 1921 2520 1982 alios
2561 1939 2862 1986 sermone,
2919 1921 3232 1998 exemp10,
3283 1923 3339 1983 δι

411 2000 579 2062 omni
638 1998 865 2076 pietatis
926 1997 1160 2070 offici0,
1214 2017 1335 2058 non
1378 1997 1629 2076 imperio
1670 2001 1723 2058 δι
1767 1998 2046 2059 violentia
2089 2004 2234 2076 (quo
2277 2001 2542 2078 plerique
2581 2019 2791 2062 omnes
2829 1999 3104 2061 videntur
3141 2002 3338 2078 ruere)

410 2099 536 2142 non
578 2091 823 2140 ostenso
864 2091 1055 2156 metu,
1100 2079 1533 2158 religiosissime
1571 2089 1997 2157 prouocarunt.

492 2159 655 2238 Quid
718 2179 862 2238 ergo
920 2171 1037 2234 est,
1100 2158 1139 2220 ὁ
1202 2178 1347 2251 grex
1404 2159 1653 2230 Christi,
1714 2160 1879 2237 quod
1942 2178 2054 2220 nos
2113 2170 2420 2234 tantopere
2475 2160 2760 2238 impediat
2811 2162 2890 2222 ab
2929 2159 3022 2222 his
3061 2157 3341 2221 omnibus

410 2239 675 2321 pietatiS,
714 2239 993 2316 iustitiae,
1034 2239 1490 2317 sanctimoniae,
1529 2243 1585 2302 δι
1627 2240 1923 2316 religionis
1970 2259 2142 2300 verae
2184 2235 2435 2301 officiis?
2488 2241 2651 2316 Quid
2692 2252 2807 2321 est,
2849 2245 3135 2308 obsecro,
3177 2237 3344 2316 quod

410 2319 685 2382 miseram
746 2319 921 2381 istam
970 2319 1505 2398 peregrinationem
1558 2333 1854 2396 nostram,
1912 2340 1986 2380 ac
2035 2321 2234 2399 potius
2281 2323 2687 2381 emansionem
2742 2339 2861 2399 qua
2909 2337 3254 2382 emanemus
3307 2323 3344 2380 a

412 2400 709 2476 Domino,
770 2399 945 2463 nobis
1004 2410 1127 2461 tam
1188 2418 1433 2462 suauem
1494 2397 1742 2463 efficiat?
1804 2399 1969 2477 Quid
2022 2411 2110 2461 est
2165 2400 2292 2463 siue
2344 2400 2402 2463 in
2447 2403 2651 2476 nobis,
2713 2401 2839 2463 siue
2879 2401 2940 2463 in
2981 2404 3096 2463 hac
3135 2399 3348 2463 misera

410 2482 663 2543 statione
716 2482 773 2541 δι
822 2492 949 2543 tota
998 2480 1456 2541 conuersatione
1505 2493 1709 2542 nostra
1722 2526 1740 2557 ,
1791 2500 1915 2560 quo
1956 2481 2286 2543 alliciamur
2328 2494 2506 2560 atque
2548 2483 3041 2561 constringamur,
3099 2501 3174 2543 ne
3215 2500 3348 2559 pos-

412 2560 597 2623 simus
646 2564 685 2623 ὲ,
720 2561 897 2623 nobis
935 2560 1075 2639 ipsis
1114 2565 1173 2622 &
1212 2573 1419 2623 nostra
1455 2560 1691 2622 miseria
1728 2556 1972 2640 fugere?
2027 2562 2208 2639 Quod
2251 2563 2448 2641 siquid
2487 2576 2576 2625 est
2617 2563 2918 2625 suauitatis
2973 2568 3062 2640 (vt
3101 2561 3346 2641 quidem

412 2640 647 2703 videtur
686 2642 883 2715 nobis)
914 2642 975 2701 in
1015 2642 1129 2701 hac
1169 2640 1299 2719 ipsa
1340 2640 1669 2703 miserrima
1709 2641 2051 2703 conditione
2091 2654 2294 2704 nostra
2307 2689 2326 2722 ,
2365 2644 2512 2722 quid
2553 2654 2642 2705 est
2685 2662 2869 2721 vsque
2907 2642 3060 2704 adeo
3107 2644 3176 2721 (s.
3209 2644 3348 2735 696)

412 2738 595 2783 suaue
634 2732 737 2783 aut
772 2722 947 2796 vtile,
990 2731 1092 2781 aut
1128 2720 1278 2783 boni
1318 2721 1669 2783 instructum
1708 2723 1938 2800 specie,
1981 2724 2147 2799 quod
2185 2743 2326 2785 cum
2365 2724 2468 2785 illo
2510 2724 2628 2783 fine
2650 2743 2885 2785 summo
2907 2726 2962 2784 δι
2985 2727 3148 2785 bono
3170 2741 3347 2784 vmco

412 2802 744 2881 comparari
786 2798 1003 2881 possit?
1042 2801 1188 2879 quid
1230 2813 1321 2862 est
1359 2803 1527 2879 quod
1566 2820 1689 2862 non
1729 2821 2206 2880 perrumpamus,
2243 2816 2306 2865 vt
2338 2804 2583 2865 tandem
2603 2814 2824 2864 conatu
2849 2804 3002 2865 iusto
3023 2803 3102 2865 ad
3123 2802 3350 2883 rapien-

414 2882 561 2943 dum
601 2883 855 2945 fructum
894 2881 1111 2943 summi
1151 2881 1303 2943 illius
1336 2881 1485 2943 boni
1512 2879 1947 2961 perducamur?
1967 2882 2114 2959 quid
2135 2894 2222 2944 est
2243 2883 2304 2945 in
2324 2886 2438 2945 hac
2458 2884 2853 2945 abiectissima
2871 2884 3126 2945 statione
3147 2895 3352 2945 nostra

414 2962 695 3040 factoque
736 2973 943 3025 nostro
983 2962 1578 3040 contaminatissima,
1618 2964 1784 3040 quod
1824 2981 1938 3023 nos
1977 2961 2063 3023 sic
2101 2964 2378 3031 fascinet,
2419 2974 2484 3025 vt
2525 2976 2753 3025 mentes
2793 2963 2872 3024 ad
2903 2965 3152 3025 domum
3187 2964 3350 3025 illam

412 3045 765 3119 coelestem,
806 3061 987 3122 quam
1027 3044 1255 3103 sehoua
1294 3041 1583 3103 inhabitat
1598 3088 1615 3119 ,
1636 3042 1877 3103 minime
1896 3042 2272 3105 attollamus?
2291 3044 2436 3123 quid
2452 3089 2471 3124 ,
2492 3044 2658 3137 quod
2679 3048 2892 3105 oculos
2913 3044 3317 3123 praestinguat
3333 3088 3350 3122 ,

410 3140 491 3183 ne
527 3124 723 3185 lucem
762 3122 923 3185 illam
962 3126 1001 3183 ὲ.
1040 3123 1175 3183 Deo
1215 3122 1278 3183 in
1318 3124 1587 3185 Ecclesia
1605 3122 1788 3201 ipsius
1808 3122 2294 3186 commodissime
2315 3137 2644 3204 expositam
2667 3144 3134 3204 prosequamur,
3157 3132 3348 3202 eaque

411 3205 786 3281 praelucente
848 3205 1003 3265 mala
1060 3202 1372 3282 fugienda,
1426 3206 1481 3264 δι
1534 3204 1699 3265 bona
1748 3204 2116 3282 prensanda,
2155 3206 2411 3284 vtenda,
2457 3206 2738 3283 fruenda,
2783 3207 3114 3266 secundum
3159 3208 3354 3265 Deum

414 3300 882 3362 cognoscamus,
922 3286 979 3346 δι
1018 3282 1114 3358 alij
1156 3282 1307 3345 alios
1344 3283 1425 3345 ad
1446 3284 1699 3345 eandem
1719 3282 2159 3364 cognitionem,
2181 3284 2753 3364 apprehensionem,
2775 3287 2832 3346 δι
2853 3287 3114 3346 fructum
3132 3283 3354 3363 gratiae

414 3360 775 3424 excitemus?
812 3362 992 3443 quid,
1032 3363 1198 3439 quod
1236 3382 1349 3425 nos
1390 3363 1588 3425 iubeat
1626 3364 1801 3425 saluti
1838 3374 2079 3425 nostrae
2119 3362 2385 3442 ipsorum
2417 3364 2740 3439 obsistere,
2773 3366 2829 3427 δι
2853 3376 3076 3427 metum
3095 3410 3111 3439 ,
3133 3364 3322 3425 minas
3340 3409 3359 3442 ,

414 3454 599 3523 artes,
642 3443 795 3519 vim,
835 3442 1101 3522 gladios,
1140 3442 1338 3523 ignes,
1378 3445 1658 3521 laqueos,
1698 3442 2122 3521 quaerentibus
2163 3447 2414 3507 salutem
2455 3463 2626 3507 secus
2666 3450 2852 3523 quam
2892 3446 3070 3507 nobis
3092 3445 3356 3524 videtur,

414 3520 792 3601 oppangere?
828 3522 1175 3601 Cogitemus
1197 3522 1405 3665 getius
1446 3544 1554 3603 per
1594 3526 1793 3585 Deum
1819 3524 2255 3605 immortalem,
2275 3546 2382 3605 per
2403 3528 2650 3587 salutem
2671 3524 2835 3587 illam
2855 3538 3154 3601 nostram,
3175 3543 3356 3602 quam

414 3600 677 3680 pretioso
716 3604 1003 3695 sanguine
1043 3620 1153 3664 suo
1254 3603 1467 3665 hristus
1506 3604 1909 3683 comparauit,
1951 3617 2246 3682 quantum
2289 3608 2512 3667 malum
2553 3624 2668 3667 nos
2703 3606 3117 3667 circumsideat
3151 3604 3355 3683 oppri-

416 3688 689 3761 matque,
741 3682 854 3745 nisi
898 3684 977 3745 ad
1018 3684 1217 3745 Deum
1272 3684 1737 3747 contendamus:
1780 3696 2008 3763 quanta
2047 3688 2348 3747 bonorum
2387 3685 2908 3747 innumerabilium
2950 3686 3010 3747 iu
3052 3689 3190 3748 Deo
3232 3702 3358 3747 sua·

414 3759 595 3823 uitas:
642 3774 865 3840 quanta
904 3762 967 3824 in
1006 3763 1275 3825 Ecclesia
1316 3763 1583 3825 claritas:
1622 3775 1847 3843 quanta
1876 3764 1937 3825 in
1958 3768 2384 3839 communione
2407 3776 2746 3827 sanctorum
2769 3765 3086 3827 delectatio
3103 3812 3119 3841 ,
3145 3764 3361 3826 mutuis

414 3842 785 3905 celeusmatis
824 3843 978 3904 inter
1012 3860 1079 3905 se
1118 3844 1593 3905 adhortantium:
1630 3855 1857 3923 quanta
1896 3842 1986 3905 vis
2031 3845 2326 3907 maximae
2371 3846 2524 3908 illius
2564 3846 2742 3907 nubis
2782 3846 3016 3907 testium
3038 3851 3128 3923 (vt
3147 3848 3362 3924 Apost.

414 3920 495 3981 ad
558 3924 873 3985 Hebraeos
926 3942 1060 4000 cap.
1113 3942 1205 4001 ra,
1242 3942 1303 3985 v.
1351 3944 1402 3986 1.
1444 3928 1645 4001 vocat)
1700 3943 1813 3987 nos
1852 3924 2020 3984 velut
2059 3924 2554 3989 circumsonantis
2595 3928 2860 3987 clamore
2901 3926 3269 3989 sanctissimo
3301 3922 3364 3985 in

414 4002 585 4065 caelo
644 4005 701 4065 δι
761 4014 949 4083 terra,
1006 4015 1070 4065 vt
1129 4016 1481 4081 praeeuntes
1543 4020 1863 4084 sequamur
1927 4004 1986 4064 ὃν.
2029 4006 2430 4085 obsequamur
2473 4006 2762 4068 Domino.
2817 4009 2954 4068 Hac
2999 4004 3366 4097 cogitatione

1856 4096 1929 4160 53
3157 4094 3370 4145 armati
