3923 4875
576 303 683 344 100
1528 299 1627 341 DF.
1686 298 1908 341 VERA
1969 297 2499 340 THEOLOGIA.

1670 507 2017 570 CAPVT
2075 508 2380 569 XVIII.

1751 683 2053 744 Conclusio
2093 685 2307 761 operis.

646 867 743 924 Ex
801 863 892 924 his
943 861 1221 923 omnibus
1266 878 1420 938 quae
1466 863 1602 920 ante
1642 857 1801 920 dicta
1838 869 1975 919 sunt
1988 905 2005 938 ‚
2039 867 2450 936 argumentum
2489 857 2827 920 vniuersum
2865 858 3023 920 istud
3061 861 3472 923 concludimus

567 945 829 1022 quodam
888 944 1050 1003 velut
1104 939 1419 1002 corollario
1434 986 1451 1019 ‚
1496 939 1557 999 in
1598 941 1759 999 hunc
1797 938 2048 1000 modum
2061 984 2078 1016 ‚
2127 940 2300 998 Thes.
2341 955 2562 998 xxxix.
2623 940 2834 1016 Itaque
2862 939 3079 1015 forma
3127 942 3475 1018 Theologiae

568 1033 801 1085 nostrae
840 1026 905 1082 in
940 1042 1002 1082 se
1038 1023 1261 1099 quidem
1301 1040 1422 1079 una
1462 1028 1569 1099 est,
1610 1029 1675 1080 vt
1708 1027 1842 1078 ante
1880 1020 2137 1078 diximus
2147 1037 2170 1077 .·
2209 1021 2316 1077 sed
2346 1021 2410 1077 in
2450 1019 2613 1078 nobis
2652 1021 2816 1078 modo
2852 1027 2938 1080 est
2955 1022 3254 1097 multiplex
3267 1067 3284 1100 ‚
3307 1030 3477 1099 atque

556 1108 785 1180 sutura
844 1111 951 1181 cst,
1005 1105 1180 1161 donec
1226 1107 1625 1160 concurrentes
1661 1101 1725 1158 in
1762 1101 2034 1159 vnitatem
2075 1099 2237 1170 fidei,
2281 1099 2357 1157 ὃν·
2399 1101 2740 1174 cognitionis
2765 1101 2899 1176 filij
2933 1099 3085 1176 Dei,
3113 1103 3342 1176 fiamus
3379 1103 3478 1163 vir

554 1184 857 1263 perfectus
870 1227 887 1261 ,
928 1182 1353 1258 euehamu'rque
1390 1180 1507 1240 vn&
1548 1181 1635 1238 ad
1666 1197 1998 1238 mensuram
2037 1185 2301 1236 staturae
2338 1177 2635 1238 Ecclesiae
2649 1222 2666 1255 ,
2703 1197 2852 1254 quae
2897 1186 2984 1237 est
3019 1181 3476 1256 complementum

575 1264 811 1323 Christi.
872 1261 987 1321 His
1041 1260 1199 1320 enim
1258 1257 1508 1320 vocibus
1556 1256 1811 1334 primurn
1865 1267 2136 1317 naturam
2184 1255 2548 1334 Theologiae
2602 1269 2868 1336 nostrae,
2921 1257 3136 1318 deinde
3187 1261 3365 1320 finem
3405 1279 3478 1320 ex

570 1342 763 1403 verbis
804 1339 1077 1418 Apostoli
1118 1338 1298 1418 ipsius
1338 1337 1661 1398 statuimus.
1723 1338 1823 1397 Ad
1860 1347 2132 1397 naturam
2169 1335 2328 1396 enim
2366 1335 2573 1398 attinet
2606 1341 2808 1414 (prout
2840 1339 2971 1398 ante
2993 1335 3100 1398 fuit
3119 1339 3476 1432 expcffitum)

568 1421 964 1499 Theologiam
1002 1430 1265 1480 nostram
1279 1465 1296 1496 .‚
1338 1435 1518 1495 quam
1556 1416 1810 1495 gratiose
1850 1415 2026 1477 nobis
2065 1417 2286 1476 reuelat
2324 1417 2488 1476 Deus
2505 1462 2522 1494 ‚
2552 1416 2635 1476 ita
2652 1436 2716 1477 se
2735 1418 2955 1477 habere
2974 1417 3447 1479 demonstramus
3462 1465 3480 1499 ,

569 1513 632 1562 vt
668 1501 728 1561 in
770 1520 832 1561 se
871 1499 1111 1578 quidem
1151 1497 1483 1576 Theologia
1496 1543 1513 1577 ,
1554 1514 1663 1558 suo
1704 1495 2093 1557 instrumento
2134 1497 2349 1556 Sacrae
2386 1496 2712 1574 scripturae
2752 1515 2860 1573 per
2893 1495 3171 1574 Spiritum
3207 1499 3320 1559 Dei
3351 1519 3478 1576 per-

571 1584 727 1642 fecte
776 1580 1232 1657 comprehensa,
1286 1580 1539 1638 formam
1587 1596 1765 1636 vnam
1806 1575 2178 1637 essentialem
2220 1576 2464 1654 habeat,
2506 1586 2692 1636 totam
2731 1578 3054 1654 perfectam
3069 1622 3087 1655 ,
3128 1587 3317 1637 totam
3356 1597 3484 1656 per-

572 1663 722 1722 fecte
760 1659 1087 1738 expositam
1100 1702 1117 1737 ,
1158 1664 1464 1734 totamque
1500 1655 1562 1715 in
1602 1675 1666 1716 se
1700 1655 2095 1733 omnibusque
2126 1654 2244 1715 suis
2264 1655 2525 1732 partibus
2545 1664 2917 1716 constantem
2940 1658 2995 1716 &
3015 1655 3476 1718 immutabilem:

570 1741 676 1802 sed
732 1741 795 1800 in
844 1737 1049 1816 nobis,
1102 1736 1204 1814 qui
1252 1738 1735 1797 transformamur
1771 1735 1845 1812 in-
1873 1735 2001 1795 dies
2040 1738 2077 1795 ὲ,
2115 1734 2362 1794 Domini
2402 1733 2651 1814 Spiritu,
2691 1755 2804 1796 nec
2842 1738 3068 1796 formae
3107 1735 3260 1798 illius
3300 1737 3480 1797 totius

574 1820 822 1880 modum
878 1827 1099 1895 totum,
1151 1835 1263 1876 nec
1316 1832 1452 1876 eum
1494 1817 1819 1894 perfectum
1832 1861 1852 1893 .,
1890 1834 2004 1876 nec
2043 1815 2302 1892 perfecte
2343 1815 2534 1876 inesse
2571 1825 2673 1875 aut
2711 1815 3062 1876 inhabitare:
3105 1818 3211 1876 sed
3251 1820 3479 1878 tantum

572 1908 769 1977 partes
826 1896 977 1957 illius
992 1943 1010 1976 ,
1070 1903 1287 1974 easque
1334 1895 1735 1973 imperfectaS,
1790 1897 1845 1954 δε
1886 1895 2228 1972 imperfecte
2267 1897 2304 1954 ὲ,
2350 1893 2525 1956 nobis
2565 1894 2819 1972 percipi:
2863 1894 3014 1956 sicut
3051 1894 3482 1957 reuelationum

578 1995 816 2038 suarum
874 1977 1121 2037 modum
1180 1985 1587 2053 contemperat
1632 1976 1795 2036 Deus
1848 1974 2033 2035 modo
2073 1974 2370 2035 tenuitatis
2408 1984 2646 2036 nostrae
2659 2019 2676 2053 ‚
2716 1974 2794 2034 ad
2833 1973 3294 2036 declarationem
3334 1976 3482 2037 lucis

579 2055 939 2118 admirabilis
991 2058 1047 2116 δι
1098 2056 1336 2116 laudem
1384 2053 1605 2146 gratiae
1645 2054 1937 2134 gloriosae
1977 2071 2134 2115 suae.
2195 2053 2323 2114 Etsi
2363 2064 2563 2114 autem
2603 2053 2893 2114 eiusmodi
2931 2065 3019 2115 est
3056 2054 3118 2114 in
3157 2055 3485 2133 praesentia

580 2134 1039 2197 communicatio
1076 2135 1247 2195 huius
1286 2134 1605 2212 sapientiae
1644 2154 1749 2212 per
1789 2135 2007 2214 gradus
2047 2135 2103 2193 δι
2143 2133 2506 2194 incrementa
2537 2135 2900 2213 prouehens;
2935 2153 3058 2195 non
3079 2144 3278 2196 tamen
3301 2135 3482 2195 conii-

580 2215 857 2276 ciendum
894 2214 1021 2276 fieri
1058 2231 1319 2293 vnquam
1357 2234 1562 2293 posse,
1602 2225 1669 2275 vt
1707 2216 1785 2275 ad
1825 2211 2118 2292 fastigium
2157 2212 2310 2273 illius
2351 2214 2820 2274 conscendamus
2835 2259 2852 2290 ‚
2874 2214 3018 2274 dum
3037 2213 3098 2274 in
3117 2215 3231 2274 hac
3251 2215 3485 2275 mortali

578 2295 699 2355 vita
736 2294 1143 2374 considemus3
1182 2311 1373 2371 neque
1412 2293 1739 2372 putandum
1779 2293 2200 2371 perfectionem
2239 2292 2411 2354 huius
2450 2293 2769 2371 sapientiae
2801 2294 2879 2353 ad
2907 2313 3017 2354 nos
3037 2307 3481 2372 peruenturam:

579 2373 685 2436 sed
722 2373 917 2453 potius
954 2381 1039 2436 ita
1077 2374 1493 2467 cogitandum²
1535 2374 2044 2451 quemadmodum
2082 2382 2213 2434 toto
2255 2373 2550 2434 curriculo
2591 2373 2754 2434 istius
2793 2372 2948 2434 vitae
2981 2373 3264 2435 minuitur
3283 2385 3486 2435 nostra
3597 2411 3604 2418 ·

578 2455 879 2517 infirmitas
938 2456 993 2515 δι
1052 2453 1358 2516 inscientia
1406 2472 1526 2515 suis
1578 2453 2120 2532 progressionibus:
2173 2452 2255 2514 ita
2307 2452 2654 2532 sapientiam
2709 2455 2862 2515 hanc
2919 2472 2994 2513 ex
3033 2455 3332 2517 contrario
3374 2474 3482 2516 suo

579 2536 787 2597 ordine
848 2537 903 2594 &
960 2536 1151 2613 gradu
1209 2534 1269 2593 in
1311 2534 1486 2595 nobis
1525 2532 1869 2595 increscere.
1930 2535 2060 2593 Nec
2099 2536 2241 2593 vere
2282 2533 2446 2594 aliter
2485 2544 2680 2611 potest
2719 2533 2894 2594 nobis
2933 2534 3306 2613 contingere:
3347 2554 3484 2595 nam

580 2619 713 2676 cum
776 2614 1107 2693 Theologia
1162 2616 1311 2674 haec
1368 2625 1599 2691 nostra,
1653 2630 1807 2690 quae
1858 2613 2102 2691 quidem
2151 2612 2212 2673 in
2261 2614 2436 2673 nobis
2495 2612 2686 2677 inesse
2727 2622 2951 2692 potest,
3003 2613 3082 2674 sit
3119 2614 3484 2693 Theologiae

578 2695 730 2755 illius
790 2693 1075 2775 particula
1088 2738 1107 2773 ,
1159 2710 1339 2771 quam
1387 2694 1450 2754 in
1508 2692 1804 2783 scripturis
1856 2694 2116 2771 perfecte
2171 2692 2453 2770 expressit
2491 2695 2686 2754 Deus:
2728 2692 2829 2753 illa
2869 2701 3013 2753 vero
3054 2694 3386 2773 Theologia
3423 2694 3485 2754 in

580 2772 877 2852 scripturis
914 2775 1171 2835 reuelata
1212 2775 1550 2849 symbolum
1592 2783 1667 2833 sit
1706 2775 1762 2833 δι
1799 2772 2072 2852 aenigma
2110 2771 2262 2833 illius
2277 2816 2295 2851 ,
2335 2788 2515 2850 quam
2554 2772 2780 2833 visione
2818 2772 2934 2833 Dei
2972 2776 3178 2833 coram
3217 2774 3278 2834 in
3316 2776 3483 2834 caelo

580 2854 849 2931 adepturi
896 2870 1126 2914 sumus:
1182 2856 1341 2913 certe
1388 2852 1514 2912 fieri
1552 2871 1676 2913 non
1719 2862 1930 2929 potest
1954 2851 2098 2930 quin
2137 2862 2266 2913 toto
2311 2852 2557 2914 miserae
2596 2852 2768 2912 huius
2804 2852 2959 2913 vitae
2998 2852 3290 2914 curriculo
3303 2899 3321 2931 ,
3363 2871 3484 2931 quo

579 2933 765 3011 magis
824 2933 1205 3011 prouehimur
1219 2978 1237 3011 ‚
1296 2937 1369 2994 eo
1424 2930 1609 3011 magis
1659 2930 2028 2993 inscientiam
2083 2933 2140 2991 &
2189 2930 2529 2993 tenuitatem
2569 2942 2835 2993 nostram
2875 2931 3217 2993 sentiamus:
3259 2942 3487 3010 nosque

580 3014 743 3091 ipsos
792 3012 1026 3073 taedeat
1076 3011 1240 3073 istius
1289 3010 1586 3072 tenuitatis
1623 3023 1891 3091 nostrae,
1931 3022 1996 3073 vt
2033 3030 2175 3072 vcra
2217 3011 2543 3072 humilitate
2558 3058 2576 3091 ,
2616 3028 2771 3089 quae
2808 3012 3025 3089 primas
3066 3013 3335 3089 adeoque
3373 3011 3486 3073 sin-

580 3094 744 3170 gulas
785 3102 978 3168 partes
1017 3092 1077 3152 in
1118 3092 1451 3170 Theologia
1488 3091 1742 3169 obtinet,
1781 3091 1857 3152 ad
1899 3090 2222 3153 celsitatem
2259 3090 2419 3151 illam
2457 3090 2801 3155 coelestium
2821 3090 3270 3171 diuinarumque
3288 3110 3485 3153 rerum

580 3188 951 3247 assurgamus
966 3216 984 3249 ,
1026 3174 1081 3231 8τ
1121 3182 1307 3233 totam
1348 3171 1538 3232 aciem
1580 3171 1791 3232 mentis
1829 3182 2068 3232 nostrae
2107 3170 2167 3231 in
2207 3188 2343 3231 eum
2385 3173 2562 3231 finem
2603 3172 2928 3250 defigamus
2967 3171 3408 3233 studiosissime.

660 3253 767 3309 Est
805 3260 1001 3311 autem
1041 3252 1171 3312 finis
1211 3252 1431 3330 duplex
1469 3250 1643 3312 nobis
1684 3250 2194 3312 coniunctissimus
2236 3255 2400 3327 (nam
2440 3251 2517 3310 de
2555 3252 2674 3310 fine
2713 3268 2949 3311 summo
2981 3251 3126 3312 nihil
3159 3251 3255 3313 hic
3275 3251 3488 3312 dicturi

579 3332 804 3405 sumus)
864 3347 1119 3407 quorum
1168 3333 1415 3391 alterum
1466 3331 1527 3391 in
1576 3333 1695 3392 hoc
1734 3332 1935 3392 seculo
1978 3330 2178 3408 aliquo
2219 3341 2395 3408 pacto
2437 3329 2800 3409 attingimu3‚
2843 3334 3094 3392 alterum
3132 3330 3194 3391 in
3234 3342 3485 3392 venturo

580 3408 999 3490 perfectissime
1052 3426 1450 3488 assequemur.
1509 3410 1668 3471 Finis
1708 3409 1769 3470 in
1808 3413 1923 3470 hac
1960 3410 2084 3471 vita
2120 3409 2456 3488 propositus
2495 3419 2584 3471 est
2622 3412 2814 3472 onitas
2856 3414 2995 3474 fidei
3033 3413 3110 3470 ἐφ’
3147 3414 3486 3487 cognitionis

566 3493 699 3570 filij
733 3492 886 3563 Dei,
929 3490 1007 3551 ad
1044 3508 1223 3567 quam
1260 3489 1542 3551 vnitatem
1580 3488 1642 3549 in
1682 3490 2102 3551 communione
2141 3500 2478 3551 sanctorum
2513 3505 2867 3551 concurrere
2885 3508 3090 3552 omnes
3109 3510 3350 3551 necesse
3369 3502 3484 3570 est,

580 3575 907 3648 omnesque
942 3586 1159 3631 neruos
1173 3616 1191 3647 ,
1230 3572 1411 3646 quam
1450 3569 1703 3630 maxime
1742 3586 2086 3648 possumus,
2129 3570 2208 3629 ad
2247 3568 2602 3647 capiendum
2639 3571 2896 3631 fructum
2931 3570 3086 3631 illius
3106 3570 3488 3632 contendere.

576 3652 753 3713 Fides
812 3670 885 3711 ea
943 3660 1032 3711 est
1092 3666 1210 3727 qua
1268 3648 1683 3727 prehendimus
1735 3647 2034 3711 Christum
2086 3651 2388 3710 voluntate
2437 3651 2492 3708 81
2533 3648 2730 3710 studio
2771 3649 3209 3729 religiosissimo
3226 3695 3243 3728 ,
3285 3652 3340 3708 δι
3379 3669 3486 3728 per

580 3750 759 3811 quam
798 3734 862 3808 (f.
911 3732 1106 3807 1423.)
1147 3740 1313 3789 motu
1350 3727 1623 3789 vniuerso
1664 3729 1741 3789 ad
1780 3730 1974 3809 ipsum
2012 3729 2283 3790 ferimur:
2327 3727 2605 3808 Cognitio
2644 3740 2765 3809 est,
2798 3747 2919 3807 qua
2939 3731 3206 3791 Christus
3227 3730 3485 3807 seipsum

577 3810 753 3871 nobis
793 3812 1158 3871 cernendum
1198 3808 1433 3870 exhibet
1446 3854 1465 3887 ,
1505 3811 1561 3869 δι
1598 3808 1752 3869 intus
1792 3807 2018 3869 habitat
2046 3808 2109 3868 in
2129 3808 2424 3870 mentibus
2443 3807 2678 3871 nostris».
2717 3811 2956 3870 Horum
2975 3809 3273 3871 donorum
3292 3809 3486 3869 vnitas

580 3890 730 3951 inter
790 3910 901 3951 nos
954 3908 1159 3951 omnes
1172 3936 1189 3969 ‚
1241 3899 1535 3967 quotquot
1576 3886 1892 3949 Christiani
1936 3904 2164 3965 sumus,
2204 3887 2336 3949 finis
2377 3898 2466 3950 est
2501 3887 2804 3966 proximus
2845 3891 2900 3948 δε
2942 3889 3453 3951 coniunctissimus
3468 3934 3486 3965 .,

580 3970 659 4029 ad
717 3986 895 4047 quem
955 3970 1017 4030 in
1074 3970 1187 4029 hac
1242 3968 1359 4030 vim
1406 3967 1829 4029 collimandum
1884 3977 2001 4048 est3
2041 3978 2107 4027 vt
2145 3966 2485 4046 cognitione
2524 3968 2822 4029 Christum
2861 3968 3206 4030 sentiamus:
3248 3970 3367 4029 fide
3407 3970 3484 4029 ad

580 4048 878 4109 Christum
919 4066 1265 4111 moueamur
1278 4094 1297 4129 ,
1335 4052 1624 4129 feramur,
1665 4048 2104 4128 rapiamurque3
2145 4058 2311 4108 motu
2350 4047 2746 4127 sanctissime,
2785 4058 2850 4109 vt
2887 4048 2950 4108 in
2991 4047 3165 4110 nobis
3186 4066 3392 4109 verum
3413 4047 3487 4109 sit

582 4124 726 4186 illud
786 4127 1005 4189 Christi
1052 4128 1277 4191 dictum
1292 4174 1309 4205 ‚
1363 4128 1483 4189 vim
1524 4128 1649 4189 fieri
1690 4146 1875 4207 regno
1915 4130 2223 4189 coelorum
2263 4130 2318 4189 δι
2357 4128 2650 4189 violentos
2690 4148 2820 4190 esse
2859 4127 2962 4205 qui
2999 4128 3235 4206 rapiunt
3271 4128 3484 4206 ipsum.

579 4206 743 4273 Met.
764 4228 884 4279 211.
930 4228 1019 4268 12.
1080 4210 1174 4269 Ex
1225 4210 1343 4269 hoc
1396 4209 1513 4268 fine
1564 4207 1868 4287 proxime,
1908 4208 1988 4269 ad
2028 4224 2206 4285 quem
2247 4206 2508 4287 singulos
2545 4218 2816 4269 nostrum
2855 4208 3158 4269 attendere
3199 4207 3384 4288 pietas
3421 4206 3484 4267 in

440 4325 491 4328 “
556 4280 785 4375 ·1>ᾒᾳῐή
845 4285 1034 4365 iubet,
1086 4290 1231 4349 alter
1282 4288 1365 4348 illi
1422 4288 1553 4348 finis
1612 4286 1943 4348 communis
2003 4286 2271 4347 omnium
2322 4306 2447 4348 non
2494 4299 2692 4366 potest
2728 4287 2791 4348 in
2831 4297 3080 4350 venturo
3119 4289 3330 4378 seculo·
3360 4305 3484 4347 non

644 4382 660 4389 ⁹
746 4394 759 4405 ·
3210 4376 3484 4427 exsistere
