3923 4875
1346 379 1669 424 'rutssss
1728 379 2378 424 THROLOGICAE.
3191 379 3304 442 313

484 557 577 600 22.
656 539 854 602 Huius
892 537 1149 601 maxima
1187 541 1334 601 olim
1372 541 1573 602 habita
1612 540 1721 601 fuit
1760 541 2104 613 auctoritas,
2147 552 2274 602 tum
2316 551 2560 619 propter
2601 541 2834 601 celebre
2873 537 3022 600 illud
3059 559 3304 602 consen-

397 619 578 680 sionis
620 620 970 680 miraculum
1009 621 1162 681 inter
1198 629 1288 681 tot
1327 621 1550 700 capita,
1594 631 1719 680 tum
1760 632 2004 699 propter
2022 623 2454 700 Apostolorum
2474 619 3100 698 Euangelistarumque
3119 639 3304 682 vsum.

481 718 575 777 23.
654 701 751 761 De
789 700 1078 763 miraculo
1118 699 1277 761 enim
1317 700 1765 780 consensionis,
1803 711 1933 762 vtut
1975 701 2132 762 varie
2165 702 2390 763 modus
2432 710 2698 761 narretur
2727 699 2878 760 illius
2893 745 2910 779 ,
2931 700 3081 761 inter
3103 720 3308 762 omnes

396 788 598 840 tamen
636 789 913 841 auctores
954 780 1268 858 conuenit,
1308 798 1601 842 summam
1642 781 1882 842 illorum
1910 798 2040 842 Lxx
2072 783 2162 859 (vt
2177 781 2500 842 rotundato
2521 797 2769 840 numero
2788 782 3074 859 appellari
3092 783 3308 856 solent)

399 861 857 922 consensionem
896 861 1279 941 intelligendo
1320 864 1377 923 δι
1416 862 1775 941 exponendo
1816 879 2046 922 canone
2085 862 2364 924 extitisse.

483 959 578 1012 24.
659 941 937 1019 Apostoli
988 945 1131 1002 vero
1184 943 1239 1002 ὅτ
1293 942 1707 1020 Euangelistae
1749 941 2020 1002 homines
2061 947 2422 1012 θεόπνουςοι
2437 986 2454 1020 ,
2505 942 2620 1001 hac
2671 950 2984 1018 propterea
3022 940 3108 1001 vsi
3148 951 3310 1016 sunt,

398 1019 563 1096 quod
603 1021 660 1080 δι
700 1019 760 1080 in
800 1021 1067 1082 Ecclesia
1104 1021 1223 1082 iam
1262 1031 1673 1100 vam-paretur,
1712 1023 1767 1082 ὅτ
1807 1022 1970 1099 apud
2009 1033 2212 1100 gentes
2252 1020 2588 1082 inualuisset
2625 1021 2778 1082 illius
2815 1020 3148 1082 auctoritas.

484 1119 515 1158 2
522 1115 579 1177 5.
658 1101 798 1161 Non
852 1111 1051 1161 tamen
1090 1111 1407 1194 propterea
1442 1101 1729 1179 quicquid
1768 1112 1857 1164 est
1894 1100 2046 1162 illius
2085 1111 2187 1162 aut
2224 1103 2627 1179 probauerunt
2667 1100 2976 1178 Apostoli,
3017 1111 3119 1160 aut
3159 1099 3304 1160 diui—

399 1179 1005 1320 narrlizcapctoritatem
1054 1199 1111 1241 ei
1148 1181 1509 1243 tribuerunt:
1550 1181 1655 1242 sed
1694 1191 1978 1261 tanquam
2016 1182 2280 1242 humano
2317 1181 2708 1242 instrumento
2749 1183 3076 1242 secundum
3116 1183 3311 1240 Deum

402 1277 463 1318 m
594 1279 631 1320 c
652 1279 775 1322 ema
814 1281 901 1321 vsi
940 1272 1091 1322 sunt.

484 1343 577 1402 26.
657 1343 743 1401 Vt
778 1345 921 1401 vero
958 1359 1030 1402 ea
1068 1341 1379 1402 tralatione
1416 1351 1545 1403 tum
1583 1341 1697 1420 ipsi
1737 1345 1896 1402 recte
1934 1351 2262 1420 vterentur,
2304 1351 2432 1402 tum
2471 1341 2620 1403 alios
2665 1340 2752 1401 vti
2791 1345 2953 1402 recte
2993 1341 3307 1401 docerent:

401 1419 704 1498 duplicem
744 1421 1082 1482 cautionem
1120 1420 1521 1483 adhibuerunt
1558 1421 1619 1482 in
1659 1420 1827 1482 omni
1864 1431 2136 1499 tempore
2175 1421 2584 1482 necessariam.

480 1516 593 1640 21¹3:
653 1503 791 1561 Vna
813 1512 947 1640 ξπ,
988 1502 1155 1578 quod
1192 1505 1353 1562 recte
1392 1502 1613 1580 scripta
1652 1503 2162 1580 approbauerunt,
2193 1504 2248 1562 81
2277 1501 2652 1563 sancium-unt
2685 1499 2962 1562 diuinitus
2982 1503 3314 1578 approbata

398 1578 461 1638 in
594 1580 777 1642 clesia
874 1581 947 1641 ei.

482 1663 577 1720 28.
654 1661 859 1721 Altera
874 1705 895 1739 ,
946 1662 1112 1739 quod
1164 1676 1333 1722 secus
1372 1662 1616 1741 scripta,
1670 1679 1823 1739 quae
1862 1661 2010 1722 citra
2049 1659 2188 1722 fidei
2227 1660 2554 1738 periculum
2593 1660 2830 1722 tolerari
2869 1662 2924 1720 81
2965 1660 3316 1722 dissimulari

398 1747 721 1830 potuerunt
735 1785 753 1818 ,
791 1759 863 1801 ea
902 1743 1329 1802 tolerauerunt:
1374 1746 1429 1804 &
1465 1761 1575 1834 per
1613 1741 1915 1819 quandam
1954 1739 2252 1802 charitatis
2285 1741 2654 1820 συγχώρησιν
2687 1741 3082 1802 adhibuerunt
3103 1741 3309 1818 primis

401 1817 513 1878 illis
552 1819 854 1881 Ecclesiae
894 1821 1189 1883 nascentis
1225 1824 1623 1901 temporibus,
1660 1841 1737 1882 ne
1758 1821 1855 1882 cui
1876 1821 2209 1901 Scripturae
2227 1820 2640 1881 auctoritatem
2660 1821 2924 1882 minuere
2944 1821 3311 1900 viderentur,

402 1909 505 1959 aut
542 1898 913 1961 infirmorum
954 1901 1133 1962 fidem
1175 1912 1581 1964 concuterent.

483 1998 579 2056 ²9·
657 1981 1131 2059 Imperfectionis
1170 1981 1323 2042 illius
1362 1981 1423 2042 in
1463 1982 1725 2043 editione
1764 1997 1912 2042 Lxx.
1952 1997 2162 2042 causas
2203 1981 2378 2042 fuisse
2417 1979 2837 2060 ignorantiam,
2878 1979 3278 2042 infirmitatem
3293 2024 3311 2060 ,

405 2058 752 2138 consilium,
792 2079 867 2121 ex
906 2062 1381 2124 orthodoxorum
1422 2065 1665 2124 Pati-um
1700 2061 2050 2123 testimoniis
2090 2059 2422 2121 asserimus.

480 2158 579 2216 30.
658 2141 1094 2218 Ignorantiam,
1158 2141 1299 2220 quia
1356 2161 1551 2220 neque
1610 2163 1703 2204 res
1762 2141 1992 2203 diuinas
2029 2160 2241 2220 capere
2280 2141 2540 2219 perfecte
2578 2159 2746 2201 mens
2786 2141 3046 2200 humana
3086 2151 3313 2218 potest,

400 2218 671 2294 quamuis
715 2221 975 2298 perfecte
1014 2223 1245 2282 oblatas
1262 2267 1277 2295 ‚
1318 2239 1513 2300 neque
1544 2225 1765 2283 fiituras
1804 2220 2145 2300 simpliciter
2184 2219 2432 2296 assequi.

480 2315 579 2376 31.
655 2299 1063 2361 Infirmitatem
1076 2347 1095 2381 ,
1144 2301 1283 2379 quia
1333 2321 1427 2363 res
1474 2302 1601 2381 ipsa
1652 2321 1763 2381 pro
1812 2301 2094 2363 tenuitate
2133 2300 2398 2380 ipsorum
2441 2300 2763 2362 intellectas
2777 2345 2796 2380 ,
2835 2319 2958 2360 non
2999 2310 3318 2378 potuerunt

399 2377 503 2457 qui
542 2379 602 2439 in
643 2379 855 2441 eadem
894 2380 1185 2443 tenuitate
1218 2381 1581 2460 moduloque
1620 2382 1856 2444 infirmo
1896 2381 2309 2460 exprimerent.

480 2478 579 2536 32.
657 2460 985 2522 Consilium
999 2506 1017 2541 ,
1077 2461 1217 2541 quia
1269 2462 1443 2523 etiam
1495 2464 1572 2524 de
1620 2462 1687 2523 iis
1734 2463 1875 2541 ipsis
1912 2480 2068 2539 quae
2113 2462 2412 2523 sciuerunt
2449 2461 2820 2523 dissimulare
2859 2460 3082 2539 aliquid
3123 2460 3312 2521 visum

400 2549 491 2599 est
527 2550 769 2618 propter
806 2560 913 2602 eos
951 2541 1013 2601 in
1052 2559 1307 2620 quorum
1346 2543 1591 2621 gratiam
1631 2544 2074 2604 transferebant.

478 2638 575 2696 33.
653 2620 1183 2683 Dissimulauerunt
1220 2633 1417 2684 autem
1455 2623 1571 2684 alia
1608 2624 1887 2684 addendo
1902 2666 1921 2702 ,
1963 2632 2027 2683 vt
2064 2640 2249 2709 quum
2291 2624 2371 2683 ad
2402 2621 2764 2683 maiestatem
2798 2620 2946 2701 Dei,
2986 2631 3088 2681 aut
3123 2620 3314 2698 gentis

400 2716 541 2759 suae
598 2704 653 2761 δι
709 2701 1015 2763 Ecclesiae
1064 2700 1369 2763 historiam
1422 2702 1685 2764 arbitrati
1722 2714 1861 2764 sunt
1896 2702 2222 2781 pertinere:
2263 2700 2376 2763 alia
2415 2703 2732 2779 mutando,
2774 2712 2839 2761 vt
2879 2720 3062 2778 quum
3105 2720 3198 2761 res
3238 2701 3315 2761 ad

400 2778 838 2843 distinctionem
878 2800 1260 2859 personarum
1302 2783 1514 2861 plurali
1554 2801 1803 2844 numero
1844 2782 2031 2843 dictas
2071 2781 2349 2861 singulari
2387 2781 2686 2860 dixerunt,
2707 2800 2785 2842 ne
2804 2780 2864 2842 in
2889 2782 3316 2856 πολυθεότητος

400 2858 797 2952 suspicionem
858 2873 1237 2923 vocarentur:
1298 2862 1413 2923 alia
1461 2862 1719 2941 denique
1768 2861 2101 2924 omittendo
2117 2908 2134 2941 ,
2194 2873 2258 2923 vt
2297 2862 2644 2924 orthodoxis
2695 2861 2965 2923 Patribus
3015 2861 3132 2921 iam
3174 2858 3318 2919 olim

405 2956 596 2999 visum
636 2950 741 3001 est.

480 3037 577 3095 34.
659 3022 860 3097 Atque
910 3022 987 3081 ab
1041 3020 1135 3082 his
1188 3021 1427 3099 quidem
1440 3068 1459 3102 ,
1498 3022 1595 3100 alij
1638 3040 1845 3083 omnes
1886 3022 2100 3085 veteris
2139 3021 2504 3084 Testamenti
2543 3020 2727 3083 libros
2767 3022 3005 3083 Graeco
3045 3036 3321 3079 sermone

398 3098 663 3161 redditos
704 3100 881 3162 fuisse
914 3111 1157 3179 putant:
1199 3102 1295 3177 alij
1339 3104 1575 3163 Mosem
1616 3104 1826 3163 solum.

482 3197 517 3271 3
524 3195 578 3257 5.
661 3180 1054 3242 Posteriorem
1114 3181 1463 3243 sententiam
1526 3182 1990 3262 probabiliorem
2053 3183 2378 3243 iudicamus
2393 3228 2410 3261 ,
2469 3193 2596 3243 tum
2649 3191 2891 3261 propter
2945 3178 3323 3241 consentiens

408 3260 669 3321 Aristeae
728 3260 851 3321 siue
913 3260 1194 3340 Aristaei,
1246 3262 1483 3341 Iosephi
1498 3308 1517 3342 ,
1573 3265 2048 3340 Iudaeorumque
2088 3264 2354 3324 omnium
2395 3261 2796 3323 testimonium
2816 3308 2833 3339 ,
2872 3271 2999 3321 tum
3039 3278 3114 3319 eo
3156 3260 3320 3336 quod

400 3336 567 3399 libris
629 3340 819 3401 Mosis
876 3358 1051 3419 supra
1100 3341 1330 3403 omneis
1368 3343 1517 3403 alios
1558 3342 1859 3404 translatio
1901 3344 2050 3406 haec
2091 3354 2178 3404 est
2221 3345 2527 3423 ἀνάλογοςε
2575 3353 2702 3402 tum
2744 3340 3002 3419 denique
3043 3359 3118 3401 eo
3157 3340 3320 3416 quod

400 3415 461 3478 in
518 3428 717 3479 vetere
755 3422 1141 3483 Testamento
1180 3432 1412 3483 exstant
1449 3440 1601 3500 quae
1640 3424 2144 3485 Machabaeorum
2181 3423 2548 3501 temporibus
2587 3422 2648 3483 in
2689 3440 2978 3481 canonem
3021 3418 3324 3479 Ecclesiae

401 3500 585 3560 relata
624 3511 760 3561 sunt
773 3544 793 3580 ,
834 3500 919 3561 illi
959 3511 1157 3562 autem
1198 3501 1405 3563 diebus
1446 3504 1769 3565 Ptolemaei
1806 3503 2176 3585 Philadelphi
2221 3522 2464 3579 operam
2511 3502 2570 3562 in
2611 3503 2725 3563 hac
2767 3501 3146 3562 translatione
3187 3518 3292 3559 sua
3307 3544 3326 3571 ,

401 3588 543 3639 ante
582 3598 771 3641 annos
812 3580 1123 3643 minimum
1172 3600 1303 3643 roo.
1342 3593 1813 3645 consumserunt.

483 3661 579 3735 36.
663 3660 937 3722 Secunda
975 3665 1117 3722 vero
1159 3662 1268 3722 fuit
1307 3672 1577 3740 tempore
1590 3709 1607 3742 ,
1648 3682 1759 3725 nec
1800 3664 2152 3725 auctoritate
2191 3662 2390 3741 dispas
2430 3662 2758 3723 Chaldaica
2776 3660 3079 3721 translatio
3099 3658 3290 3720 Mosis
3303 3704 3322 3736 ,

398 3738 477 3797 ab
517 3756 593 3799 eo
632 3739 951 3819 interprete
989 3742 1093 3819 qui
1132 3744 1311 3821 vulgo
1352 3743 1620 3804 Onkelos
1664 3745 2008 3821 appellatur.

482 3835 579 3895 37.
657 3822 887 3881 Harum
952 3838 1087 3882 vsus
1146 3822 1353 3913 priscis
1412 3824 1776 3901 temporibus
1834 3822 1941 3883 fuit
1996 3821 2295 3903 perutilis:
2338 3821 2730 3899 quamobrem
2786 3820 3014 3899 sequuti
3057 3820 3326 3897 exempla

402 3894 639 3959 illorum
680 3900 901 3979 posteri
942 3920 1005 3961 se
1044 3902 1103 3961 in
1142 3902 1353 3963 iisdem
1393 3905 1450 3964 δι
1491 3903 1728 3982 reliquis
1770 3904 2069 3964 vertendis
2107 3912 2490 3981 occuparunt.

484 3981 581 4055 38.
664 3980 1013 4058 Eademque
1063 3980 1289 4043 ratione
1343 3983 1512 4043 vtiles
1564 4004 1637 4044 ac
1685 3983 2048 4044 necessariae
2087 3982 2425 4043 tralationes
2464 3982 2772 4043 habendae
2811 3992 2978 4057 sunt,
3019 3981 3156 4039 cum
3197 3996 3324 4038 ver-

404 4060 651 4119 naculae
692 4060 770 4120 ad
814 4061 1179 4139 singulorum
1219 4062 1719 4141 aedificationem,
1760 4076 1885 4124 tum
1926 4068 2276 4125 communes
2317 4062 2604 4124 omnium.

484 4156 581 4215 39.
662 4142 1130 4202 Vernacularum
1193 4158 1474 4203 numerus
1536 4142 1793 4204 incertus
1852 4154 1971 4203 est:
2033 4162 2108 4204 ex
2165 4143 2584 4204 communibus
2635 4142 2778 4203 olim
2835 4142 2946 4201 fuit
2993 4142 3224 4201 Graeca
3267 4139 3328 4199 in

404 4220 685 4280 omnibus
723 4222 909 4282 ferme
948 4222 1219 4299 gentibus
1262 4234 1567 4301 vsurpata:
1609 4224 1789 4285 hodie
1830 4222 2042 4285 Latina
2081 4224 2362 4285 successit
2401 4222 2462 4283 in
2483 4240 2589 4283 vsu
2609 4222 2912 4283 communi
2935 4220 3092 4299 apud
3114 4238 3322 4280 omnes

404 4298 587 4359 ferme
630 4301 993 4363 christianas
1033 4312 1254 4379 gentes.

480 4398 575 4451 40.
667 4382 1001 4459 Vtrumque
1058 4400 1245 4461 genus
1308 4384 1596 4445 memoria
1656 4396 1859 4445 nostra
1917 4384 2152 4463 publice
2205 4384 2540 4465 priuatimq.
2591 4382 2650 4443 in
2693 4383 2956 4445 Ecclesia
2998 4380 3329 4519 Deiilvalde?³

1801 4483 1877 4536 40
3055 4482 3090 4519 v
3160 4478 3193 4519 e
3235 4478 3298 4517 es
