3923 4875
1131 343 1234 387 nn
1293 342 1714 387 Ροιιιιιιιι
1771 342 2035 386 Mosls
2093 342 2381 387 ousta.
3126 328 3237 401 381

305 508 376 570 in
415 504 768 570 ceremoniis
805 506 1022 585 duplex
1062 516 1152 567 est
1190 504 1370 566 ratio:
1414 524 1531 565 vna
1569 505 1736 581 qued
1775 503 1997 583 speciei
2038 522 2235 566 rerum
2274 504 2520 566 aliarum
2552 506 2865 584 accidunt,
2897 508 2951 566 &
2974 506 3239 566 circum-

307 598 472 649 stant
527 607 660 666 eas,
721 598 784 646 vt
841 605 1098 664 corpora
1156 584 1660 663 circumteguntur
1720 584 1983 646 vestibus
1998 632 2015 661 ,
2071 597 2172 646 aut
2218 589 2377 645 certe
2419 586 2773 647 coniunctae
2810 596 2971 646 sunt:
3014 588 3233 646 altera·
3218 632 3236 665 ,

303 668 481 760 quod
524 668 686 745 ipsae
725 666 1018 728 interdum
1058 666 1422 727 constituunt
1462 682 1656 725 rerum
1699 682 1902 726 earum
1943 684 2098 743 quae
2120 677 2403 744 aguntur,
2440 665 2727 743 speciem;
2762 685 2837 725 ex
2858 685 2977 743 qua
2998 684 3091 725 res
3114 665 3237 727 siue

305 747 584 809 actiones
623 758 860 808 nostrae
899 748 1096 807 bonae
1137 745 1412 806 dicuntur
1449 755 1551 805 aut
1591 747 1800 807 malae.
1838 746 1993 805 Nam
2034 764 2187 823 quae
2224 764 2317 805 res
2356 746 2699 824 simpliciter
2738 748 2795 805 δι
2830 765 2936 823 per
2954 765 3018 805 se
3038 747 3237 807 bonae

308 839 482 906 sunt,
521 846 628 887 eae
666 826 964 887 interdum
1003 826 1192 887 malae
1233 827 1380 885 fiunt
1419 824 1888 887 circumstantiis
1949 828 2061 887 Est
2098 836 2361 903 tempuS,
2402 843 2525 904 quo
2566 846 2659 887 res
2700 827 2865 886 bona
2904 838 3007 886 aut
3046 826 3241 887 media

307 908 437 969 siue
463 874 830 968 indifferens
870 905 1135 967 redditur
1175 907 1362 997 mala,
1402 905 1542 984 quia
1581 904 1999 983 intempestiua
2038 916 2155 965 est.
2218 906 2325 967 Est
2363 908 2535 967 locus
2552 951 2570 982 ,
2610 922 2733 983 quo
2775 924 2870 965 res
2909 906 3073 965 bona
3112 906 3238 966 siue

307 987 650 1049 indifferens
690 985 953 1047 redditur
992 987 1177 1061 mala,
1218 984 1358 1063 quia
1396 1005 1522 1046 non
1561 985 1636 1045 sit
1673 987 1845 1063 loco·
1887 984 2270 1062 similiterque
2312 986 2525 1047 modus
2565 996 2685 1064 est,
2721 985 2778 1044 δι
2816 984 3241 1062 instrumenta,

309 1066 528 1144 quibus
565 1084 662 1127 res
702 1067 898 1127 bonae
937 1076 1040 1126 aut
1077 1065 1479 1127 indifferentes
1519 1064 1852 1125 efficiuntur
1889 1066 2111 1139 malae,
2149 1064 2289 1142 quia
2330 1085 2443 1126 nec
2477 1065 2692 1142 mode,
2732 1085 2847 1125 nec
2880 1065 3237 1126 adiumentis

313 1146 672 1208 commodis.
709 1148 909 1223 Atque
947 1147 1062 1207 hac
1098 1146 1422 1207 occasione
1462 1144 1936 1207 circumstantiae
1970 1145 2246 1205 dicuntur
2265 1147 2561 1206 factorum
2580 1143 2840 1223 speciem
2862 1145 3243 1207 constituere.

320 1228 478 1287 Cum
518 1236 716 1287 autem
757 1228 1014 1286 humana
1053 1228 1211 1286 facta
1251 1224 1714 1316 determinentur
1753 1224 2013 1303 legibus,
2052 1224 2263 1287 merito
2304 1225 2483 1287 etiam
2522 1226 2685 1303 leges
2724 1236 3012 1286 cauerunt
3030 1226 3111 1285 de
3130 1225 3237 1285 cir-

316 1304 712 1383 cumstantiis,
755 1304 1100 1383 praesertim
1132 1323 1252 1382 qua
1283 1306 1364 1367 ad
1382 1304 1641 1383 speciem
1663 1307 1958 1365 factorum
1980 1316 2315 1365 nostrorum
2337 1306 2661 1383 pertinent:
2694 1306 2884 1383 iisque
2904 1324 3029 1367 non
3050 1307 3241 1368 solum

312 1386 736 1447 communibus
775 1396 954 1463 atque
993 1385 1312 1463 absolutis,
1353 1386 1558 1446 verum
1601 1384 1778 1445 etiam
1817 1384 2211 1476 singularibus
2252 1389 2308 1445 δι
2349 1384 2875 1462 ceremonialibus,
2916 1386 2993 1445 de
3026 1385 3241 1463 quibus

311 1464 416 1527 hic
467 1466 642 1529 nobis
696 1476 786 1525 est
823 1484 1042 1526 serm0.
1102 1465 1514 1541 Quamobrem
1555 1466 1630 1525 de
1671 1476 1942 1557 tempore
1984 1463 2225 1543 quidem
2266 1464 2349 1527 ita
2388 1464 2726 1557 statuimus,
2768 1464 2935 1526 omni
2974 1476 3244 1543 tempore

317 1549 517 1607 Deum
553 1544 676 1607 coli
710 1548 749 1604 a
789 1544 964 1606 nobis
1003 1556 1312 1625 oportere3
1355 1545 1462 1607 sed
1501 1547 1668 1605 Deus
1709 1544 1870 1605 diem
1909 1562 2092 1605 vnum
2132 1544 2439 1623 speciatim
2480 1544 2729 1606 instituit
2744 1590 2761 1621 ,
2802 1563 2924 1622 quo
2964 1548 3091 1605 vult
3124 1545 3243 1605 coli

313 1630 355 1687 a
393 1624 572 1687 nobis
611 1624 1005 1703 singulariter,
1045 1628 1101 1685 δι
1139 1624 1280 1685 huic
1295 1592 1435 1685 diei
1471 1622 1734 1685 adiunxit
1763 1624 2151 1685 necessariam
2182 1624 2393 1703 quietis
2411 1627 2489 1686 ab
2512 1626 2789 1703 operibus
2811 1624 3027 1685 nostris
3046 1628 3245 1685 obser-

313 1704 641 1767 uationem.
701 1706 1052 1796 Vtrumque
1080 1706 1472 1766 ceremoniale
1486 1750 1504 1783 ,
1559 1706 1614 1763 &
1667 1704 1784 1766 diei
1799 1748 1818 1779 ,
1867 1708 1922 1765 &
1965 1704 2175 1795 quietis
2215 1705 2574 1767 obseruatio.
2637 1708 2731 1765 Ac
2772 1708 3084 1783 propterea
3126 1706 3244 1766 diei

315 1785 473 1847 illius
515 1784 994 1847 obseruationem
1035 1783 1096 1844 in
1139 1784 1298 1845 diem
1338 1787 1588 1876 alterum
1629 1782 2049 1862 transportauit
2069 1783 2364 1845 Christus:
2399 1802 2581 1863 quem
2602 1788 2657 1846 δι
2678 1785 3109 1845 resurrectione
3130 1804 3237 1846 sua

315 1864 815 1942 sanctificauerat,
854 1867 911 1926 δι
951 1864 1325 1943 praescripsit
1363 1882 1470 1927 sua
1488 1863 1550 1924 in
1570 1863 1736 1925 terris
1755 1882 1937 1942 vsque
1957 1863 2140 1924 dum
2123 1884 2185 1925 ιιι
2206 1866 2437 1925 caelum
2456 1866 2834 1939 ascenderet,
2856 1866 2911 1925 δι
2932 1866 3241 1926 communi

315 1946 748 2036 Apostolorum
799 1944 860 2005 in
900 1944 1168 2005 Ecclesia
1207 1944 1650 2015 obseruatione,
1689 1944 2199 2035 quemadmodum
2240 1964 2313 2005 ex
2346 1944 2647 2023 scripturis
2680 1944 2862 2005 sacris
2902 1945 3238 2007 didicimus.

320 2023 715 2101 Similiterque
755 2024 832 2085 de
868 2024 1036 2085 loco·
1077 2036 1168 2085 est
1205 2024 1448 2103 quidem
1489 2027 1579 2100 (vt
1619 2026 1833 2084 Paulus
1873 2022 2135 2101 loquitur
2184 2043 2231 2083 1.
2256 2025 2397 2086 Cor.
2424 2045 2475 2085 1.
2502 2034 2579 2100 2.)
2624 2024 2834 2085 Deus'
2818 2044 2877 2084 ιιι
2912 2025 3075 2085 οιιιιιι
3098 2028 3236 2086 loco

320 2102 620 2165 Dominus
661 2114 862 2165 noster
901 2104 1044 2165 olim
1083 2124 1154 2163 ac
1193 2104 1438 2182 perinde
1477 2106 1696 2182 vbique
1736 2106 1802 2181 (f.
1851 2107 2026 2183 1523)
2065 2104 2125 2163 ιιι
2166 2103 2373 2181 spiritu
2416 2109 2473 2167 &
2516 2105 2757 2165 veritate
2776 2106 3095 2166 colendus:
3138 2107 3245 2166 sed

320 2196 522 2245 tamen
563 2185 764 2244 locum
801 2186 1025 2262 populo
1067 2184 1514 2277 chananaeam,
1545 2184 1730 2245 cultui
1746 2186 2147 2262 lerosolyma
2175 2187 2232 2246 &
2270 2183 2512 2245 Sionem
2531 2195 2829 2262 montem,
2867 2206 2939 2245 ac
2960 2188 3244 2263 templum

321 2264 384 2325 in
424 2283 500 2325 eo
541 2275 1022 2325 consecrauerat.
1063 2281 1218 2342 quae
1257 2262 1564 2343 singularis
1605 2264 1973 2333 consecratio
2012 2265 2153 2323 loco
2186 2264 2681 2327 ceremonialibus
2698 2264 2931 2343 legibus
2950 2277 3039 2326 est
3061 2266 3245 2342 depu-

321 2344 520 2405 tanda.
559 2345 762 2421 Atque
800 2344 912 2403 hae
950 2346 1114 2422 leges
1151 2344 1414 2405 aduentu
1455 2343 1674 2405 Christi
1714 2344 2083 2405 desinerunt:
2124 2346 2279 2405 Nam
2318 2342 2411 2423 (vt
2450 2343 2643 2423 inquit
2681 2347 3011 2437 Apostolus
3038 2347 3243 2407 Gelos,

323 2445 376 2484 2.
426 2426 542 2516 ¹.⁷.·)
579 2424 730 2484 haec
769 2424 1012 2486 vmbrae
1051 2426 1286 2486 suerunt
1323 2426 1682 2502 futurorum,
1725 2442 1942 2516 corpus
1976 2436 2175 2486 autem
2198 2435 2285 2486 est
2306 2424 2597 2486 Christus.
2636 2424 2847 2486 Haec
2831 2424 3006 2504 igitur
3026 2430 3081 2487 &
3102 2445 3243 2486 con-

321 2503 534 2564 similia
585 2503 814 2582 omnia,
853 2514 920 2564 vt
957 2515 1167 2565 natura
1201 2517 1338 2566 sunt
1379 2503 1712 2567 mutabilia.
1755 2503 1836 2564 ita
1874 2505 2007 2582 lege
2046 2504 2386 2566 mutationis
2428 2509 2665 2567 suerunt
2704 2509 2741 2564 ὲ.
2780 2508 2912 2566 Deo
2954 2505 3245 2581 instituta,

323 2587 380 2646 δι
434 2583 750 2661 prudenter
795 2585 874 2644 ab
911 2582 982 2645 iis
1021 2603 1174 2660 quae
1213 2583 1602 2646 immutabilia
1642 2595 1778 2644 sunt
1817 2583 1878 2644 ιιι
1919 2587 2084 2662 lege,
2128 2583 2559 2663 distinguenda.
2624 2586 2743 2645 Sed
2782 2584 2922 2662 quia
2964 2587 3243 2663 pauciora

323 2675 459 2724 sunt
497 2662 558 2724 in
597 2666 728 2742 lege
767 2663 953 2724 Mosis
993 2662 1286 2740 instituta,
1327 2683 1480 2742 quae
1519 2666 1791 2726 absolute
1832 2663 2295 2742 simpliciterque
2340 2664 2635 2726 iudicialia
2652 2665 2799 2740 sint,
2820 2669 2875 2726 δι
2903 2669 3086 2726 multa
3108 2684 3246 2726 cum

323 2741 692 2804 iudicialibus
732 2743 1046 2822 plurimum
1087 2745 1562 2821 confunduntur,
1603 2761 1756 2822 quae
1795 2755 1898 2804 aut
1936 2745 2135 2821 specie
2176 2755 2277 2806 aut
2318 2743 2771 2806 circumstantiis
2810 2757 2947 2805 sunt
2986 2765 3247 2806 ceremo-

323 2823 530 2900 nialia,
589 2822 648 2883 in
710 2841 966 2900 quorum
1029 2823 1378 2884 confusione
1437 2825 1494 2883 δι
1552 2823 2069 2902 coagmentatione
2124 2824 2579 2886 internoscenda
2630 2825 2944 2885 difficultas
2983 2836 3246 2886 versatur

322 2901 605 2964 maxime:
645 2921 805 2964 nunc
841 2903 920 2963 ad
958 2920 1146 2982 genus
1189 2903 1437 2965 mixtum
1479 2903 1850 2966 mutabilium
1891 2903 1953 2964 in
1994 2906 2127 2982 lege
2165 2904 2595 2966 institutionum
2636 2905 2959 2966 veniamus.

1537 3373 1590 3434 C
1610 3375 1667 3434 A
1687 3376 1752 3436 P.
1814 3377 1872 3433 V
1890 3377 1920 3435 1
1941 3376 1972 3434 1
1994 3377 2042 3436 Ι.

989 3553 1155 3630 Quid
1185 3555 1265 3612 sit
1299 3555 1463 3614 marti
1495 3553 1652 3613 iuris
1691 3557 1754 3614 in
1793 3557 1992 3615 Masis
2028 3555 2253 3630 legibus
2292 3553 2583 3614 mutabile.

403 3733 583 3790 qu
622 3748 746 3791 non
785 3741 1010 3822 potest,
1051 3741 1116 3789 vt
1155 3729 1256 3807 qui
1296 3730 1372 3790 de
1410 3731 1640 3812 legibus
1679 3731 1868 3792 Mosis
1908 3731 2157 3810 perinde
2196 3729 2459 3791 iudicant
2496 3750 2568 3790 ac
2608 3731 2657 3791 si
2697 3732 2899 3791 omnia
2937 3733 3017 3791 ad
3058 3749 3241 3792 vnum

323 3810 566 3888 aliquod
605 3827 794 3888 genus
831 3808 1145 3901 sigillatim
1167 3811 1478 3872 referenda
1515 3822 1739 3888 essent,
1784 3815 1841 3872 &
1882 3811 2049 3873 omni
2089 3831 2163 3872 ex
2204 3822 2369 3888 parte
2410 3811 2486 3870 de
2526 3811 2741 3872 eodem
2782 3813 3161 3890 accipienda,
3202 3813 3239 3888 ij

321 3894 482 3969 leges
530 3891 719 3950 Mosis
771 3902 872 3950 aut
925 3891 1079 3950 bene
1128 3888 1616 3969 interpretentur,
1669 3901 1769 3952 aut
1821 3893 2280 3952 conuenientem
2332 3911 2405 3951 ex
2460 3890 2543 3951 eis
2596 3891 2925 3969 percipiant
2964 3893 3243 3952 fructum.

322 3974 378 4031 'l
379 3973 501 4030 hes.
544 3986 639 4048 35.
683 3971 840 4029 Nam
874 3972 1138 4046 plurima
1178 3973 1240 4030 in
1280 3973 1362 4030 eis
1385 3979 1706 4050 praecepta
1742 3981 1908 4050 sunt,
1949 3991 2099 4050 quae
2138 3973 2507 4050 compositam
2548 3973 2843 4048 quandam
2884 3990 2959 4031 ex
2999 3975 3244 4044 morali,

320 4051 614 4128 iudzkiali,
655 4053 734 4110 ὁ·
770 4051 1143 4110 ceremoniali
1174 4053 1308 4109 iure
1344 4055 1630 4112 rationem
1669 4053 1884 4112 habent
1905 4053 2277 4142 promiscue,
2316 4071 2387 4110 ac
2427 4071 2539 4110 non
2584 4053 2753 4113 vuius
2791 4061 2930 4114 sunt
2956 4053 3255 4113 duntaxat

315 4132 586 4208 generis:
635 4130 684 4190 si
723 4145 842 4207 qua
881 4139 1018 4193 sunt
1057 4128 1384 4209 simplicem
1425 4132 1715 4192 rationem
1759 4150 2022 4211 morum,
2062 4141 2165 4190 aut
2202 4131 2587 4209 iudiciorum,
2634 4141 2735 4191 aut
2777 4133 3243 4192 ceremoniarum

323 4209 568 4272 seorsim
629 4209 907 4270 habentia
967 4213 1128 4286 (sunt
1179 4219 1378 4270 autem
1418 4213 1569 4272 haec
1609 4211 1915 4289 pauciora)
1957 4230 2079 4271 non
2122 4211 2377 4271 obscura
2416 4222 2502 4270 est
2538 4212 2651 4271 hac
2692 4211 2936 4288 quidem
2975 4213 3034 4271 in
3082 4223 3247 4289 parte

327 4307 536 4353 eorum
575 4288 998 4367 interpretatio.
1045 4292 1253 4366 Itaque
1291 4290 1606 4384 plurimum
1647 4290 1898 4370 accidit,
1941 4302 2005 4352 vt
2044 4308 2199 4367 quae
2238 4293 2517 4370 moralia,
2548 4290 2609 4350 in
2632 4309 2809 4352 causa
2831 4291 3090 4371 pietatiS,
3119 4291 3243 4353 siue

328 4371 406 4430 ad
443 4370 637 4430 Deum
677 4380 1009 4450 spectante,
1050 4368 1426 4432 ceremoniis:
1469 4371 1530 4432 in
1569 4389 1746 4432 causa
1779 4375 1922 4434 vero
1957 4372 2293 4432 communis
2312 4369 2499 4432 nostri
2518 4371 2802 4432 aliorum
2786 4393 2847 4433 ιιι
2868 4372 3014 4434 alios
3033 4337 3243 4449 o’fficij,

3038 4451 3243 4513 ritibus
