3923 4875
1364 367 1770 415 rRANcrscl
1821 368 2035 426 Jumr
2096 367 2301 415 vra-A.
3218 370 3289 432 23

389 524 584 602 potius
653 544 872 587 nexum
947 528 1001 585 &
1071 526 1492 605 obligationem
1566 532 1694 590 fore
1759 531 1836 591 ad
1909 529 2343 609 suscipiendam
2400 530 2461 590 in
2536 549 2609 591 eo
2680 540 2870 591 tractu
2929 530 3293 591 functionem

389 602 692 681 ministerii
708 650 728 685 ,
789 624 968 683 quam
1025 609 1208 667 semel
1265 606 1558 687 ingressus
1596 628 1721 670 non
1757 626 1996 688 possem
2034 612 2251 671 referre
2291 612 2525 688 pedem.
2604 612 2737 688 Ego
2776 622 2973 669 autem
3012 610 3291 687 quicquid

390 682 535 744 mihi
604 686 1030 747 contrahebam
1091 686 1230 747 mali
1287 687 1764 767 peruicacissimo
1821 692 2027 751 labore
2086 708 2223 751 meo
2236 736 2255 769 ,
2326 688 2390 749 id
2448 694 2641 751 totum
2698 691 2871 749 coelo
2929 690 3292 768 Geneuensi,

387 766 550 825 velut
587 764 922 827 aduersanti
963 774 1208 827 naturae
1248 786 1416 829 meae
1430 815 1448 848 ,
1487 768 1852 847 imputabam
1919 789 2043 829 non
2082 772 2242 830 facto
2272 788 2440 830 meo:
2495 768 2751 845 ideoque
2792 769 3042 846 migrare
3082 772 3116 829 e
3156 770 3291 829 loco

390 846 568 906 rebus
626 844 773 906 meis
813 845 1101 909 confectis
1139 857 1474 908 statueram.
1553 852 1695 909 Post
1731 815 1880 909 iunci
1913 858 2145 927 tempus
2186 868 2257 910 ex
2294 847 2499 926 Belgio
2538 848 2779 909 aduenit
2816 848 3065 909 nuncius
3105 848 3297 925 Aprili

393 942 594 985 mense
608 970 626 1003 ,
670 936 735 985 vt
765 926 1100 987 Ministrum
1137 926 1392 1003 aliquem
1432 926 1618 989 diuini
1647 929 1842 1008 verbi,
1879 930 1960 991 ad
1985 928 2313 990 Ecclesiam
2334 927 2625 989 Gallicam
2639 973 2658 1007 ,
2691 945 2843 1005 quae
2881 937 3007 987 tum
3044 930 3294 988 Antuer-

391 1003 524 1080 piae
577 1014 729 1083 erat,
787 1003 1144 1085 impetraret.
1199 1009 1492 1069 Narrabat
1553 1008 1684 1086 ille,
1737 1012 1831 1069 καὶ
1880 1012 2040 1087 μάλα
2092 1011 2459 1084 παθητικῶς,
2500 1019 2721 1084 quanta
2755 1007 2960 1068 raritas
3000 1009 3055 1067 ὅτ
3093 1006 3295 1085 inopia

391 1081 796 1145 Ministrorum
843 1088 956 1147 hac
1006 1085 1208 1165 lingua
1260 1087 1545 1150 vtentium
1596 1099 1750 1151 esset
1769 1090 1830 1149 in
1879 1098 2041 1149 tanta
2077 1088 2315 1167 regione
2328 1133 2347 1167 ,
2398 1097 2561 1148 tanta
2605 1087 2933 1165 frequentia
2969 1087 3292 1167 bonorum,

389 1171 674 1241 tantoque
712 1165 929 1227 studio,
966 1167 1354 1228 Accedebant
1391 1169 1468 1229 ad
1497 1171 1644 1231 haec
1672 1168 1997 1231 monitores
2027 1166 2273 1248 optimi,
2312 1171 2563 1228 Ioannes
2597 1168 2899 1245 Crispinus
2912 1212 2931 1246 ,
2964 1168 3293 1245 Stephanus

389 1244 769 1325 Mermerius,
807 1248 866 1306 δι
903 1245 998 1323 alij
1040 1246 1204 1307 boni.
1246 1248 1592 1310 Commouit
1624 1268 1720 1311 me
1747 1259 1875 1309 tum
1903 1249 2003 1309 ina
2034 1247 2376 1325 necessitas,
2404 1258 2469 1307 vt
2495 1266 2739 1325 operam
2769 1266 2965 1308 meam
2997 1246 3296 1307 Ecclesiae

388 1324 824 1403 Antuerpianae
863 1344 1136 1388 sermone
1175 1326 1409 1389 Gallico
1449 1328 1634 1389 vtenti
1673 1328 2051 1390 condicerem
2088 1330 2169 1390 ad
2213 1326 2621 1389 necessitatem
2653 1327 2815 1393 inam
2847 1330 3049 1404 (quam
3082 1325 3297 1404 grauis-

389 1402 598 1464 simam
635 1404 951 1467 audiebam
990 1410 1140 1483 esse)
1180 1408 1584 1489 alleuandam,
1625 1408 1676 1471 si
1713 1412 1752 1469 ὲ
1791 1419 2091 1471 conuentu
2130 1406 2393 1468 fidelium
2420 1425 2727 1468 seruorum
2757 1408 2900 1485 Dei,
2932 1404 3036 1483 qui
3064 1406 3126 1465 in
3154 1407 3299 1467 vrbe

389 1493 544 1562 erat,
582 1484 832 1547 idoneus
869 1484 1182 1547 iudicaret.
1219 1488 1472 1549 Placuit:
1516 1491 1788 1550 confecta
1827 1504 1921 1550 res
1964 1500 2073 1550 est.
2114 1487 2385 1549 Salutatis
2416 1487 2591 1549 bonis
2626 1489 2876 1548 Geneua
2911 1484 3265 1547 discedimus
3279 1530 3298 1564 ,

386 1583 500 1642 ego
539 1565 928 1645 Antuerpiae,
975 1566 1031 1625 ὅτ
1071 1568 1418 1645 Peregrinus
1457 1571 1801 1647 Grangaeus
1841 1569 2169 1647 Delphinas
2206 1568 2331 1644 (qui
2370 1567 2899 1646 peregrinationem
2935 1566 3107 1626 huius
3144 1564 3299 1625 vitae

387 1644 755 1707 sanctissimo
787 1643 1069 1723 martyrio
1099 1647 1460 1724 terminauit)
1494 1647 1856 1710 Valentianis
1891 1647 2401 1710 administraturus
2433 1657 2875 1709 sacrosanctum
2909 1644 3021 1705 Dei
3050 1646 3299 1705 verbum

391 1722 454 1784 in
483 1726 684 1803 clanss'.
711 1725 1071 1805 14.)destinis
1100 1730 1188 1803 (vt
1218 1737 1344 1789 tum
1373 1739 1539 1790 erant
1567 1731 1860 1807 tempora)
1878 1728 2177 1790 Ecclesiis.
2218 1730 2528 1788 Hactenus
2560 1745 2688 1804 me,
2721 1726 2981 1788 Domine
3000 1726 3163 1785 Deus
3180 1724 3297 1805 mi,

391 1802 796 1866 diuersissimis
825 1804 1024 1867 modis
1057 1806 1354 1869 fabricasti
1385 1808 1760 1886 prouidentia
1801 1818 1903 1869 tua
1918 1855 1936 1887 ,
1968 1820 2033 1869 vt
2083 1828 2181 1871 me
2212 1810 2291 1869 ad
2322 1806 2607 1869 fabricam
2648 1809 2863 1868 domus
2894 1816 3031 1867 tuae
3060 1804 3295 1864 infirmo

390 1900 565 1944 seruo
601 1904 711 1963 pro
751 1885 1034 1964 sapientia
1077 1896 1178 1947 tua
1218 1889 1274 1948 &
1312 1888 1502 1967 gratia
1543 1888 1821 1969 singulari
1861 1908 2003 1967 erga
2042 1908 2137 1950 me
2177 1886 2439 1949 vtereris.
2486 1890 2557 1947 In
2592 1896 2927 1948 transcursu
2964 1886 3295 1945 Metensem

395 1964 726 2025 Ecclesiam
784 1966 1191 2047 salutauimus,
1245 1967 1635 2046 ordinemque
1685 1968 1837 2030 illius
1890 1968 2147 2029 vidimus
2198 1965 2614 2045 libentissime,
2682 1983 2860 2044 quem
2920 1966 3125 2025 fideles
3182 1962 3298 2024 Dei

393 2042 548 2103 serui
585 2047 840 2106 Ioannes
883 2046 1236 2127 GarneriuS,
1273 2050 1526 2110 Ioannes
1563 2050 1858 2125 Taffinus,
1898 2051 2103 2109 Petrus
2143 2046 2429 2109 Colonius
2442 2092 2461 2119 ,
2504 2048 2561 2106 &
2600 2045 2694 2124 alij
2728 2046 2945 2125 pietate
2964 2042 3297 2119 doctrinaq‚

393 2121 652 2202 insignes
707 2124 816 2185 viri
875 2128 1274 2189 obseruabant
1331 2127 1782 2207 religiosissime.
1839 2130 1932 2189 Εὸ
1986 2139 2112 2189 tum
2160 2129 2311 2188 forte
2353 2136 2593 2187 venerat
2630 2126 2879 2187 nuncius
2918 2123 3295 2184 Malmedirio

391 2201 514 2279 (hic
561 2222 748 2283 pagus
801 2216 890 2266 est
935 2206 1313 2282 Arduennas)
1363 2226 1580 2285 rogans
1637 2206 1872 2287 piorum
1931 2206 2259 2269 incolarum
2317 2204 2590 2284 nomine,
2652 2216 2715 2265 vt
2751 2208 3051 2267 Metenses
3090 2205 3295 2265 fratres

391 2280 648 2360 aliquem
701 2285 778 2346 de
830 2303 939 2347 suo
991 2303 1242 2348 numero
1293 2288 1632 2365 ablegarent
1679 2292 1751 2349 εὸ
1766 2334 1784 2367 ,
1832 2287 1936 2364 qui
1976 2285 2414 2365 praedicatione
2450 2284 2618 2345 verbi
2657 2286 3062 2346 consolaretur
3099 2282 3261 2360 ipsos
3279 2328 3297 2361 ,

391 2362 447 2421 &
507 2374 745 2425 coetum
803 2364 1061 2443 aliquem
1122 2367 1201 2427 ad
1248 2366 1490 2445 puriora
1541 2366 1760 2428 Christi
1815 2370 1950 2428 Iesu
2004 2368 2169 2448 signa
2206 2365 2528 2445 colligeret.
2588 2364 2715 2425 Hic
2752 2367 2958 2425 fratres
2996 2363 3297 2423 Metenses

390 2442 686 2519 paucitate
749 2463 954 2506 eorum
1003 2445 1106 2523 qui
1152 2448 1455 2508 Ecclesiae
1503 2465 1641 2509 suae
1693 2448 2089 2511 inseruiebant
2132 2445 2425 2525 exposita,
2463 2456 2822 2523 rogauerunt
2858 2463 3004 2520 nos,
3044 2453 3107 2533 vt
3145 2444 3292 2501 Mal-

389 2521 638 2585 medirio
698 2524 807 2586 iter
866 2527 1194 2587 faceremus
1209 2571 1228 2606 ,
1277 2526 1758 2605 quandoquidem
1811 2546 1935 2590 non
1985 2529 2195 2606 procul
2234 2547 2271 2586 a
2311 2527 2449 2586 loco
2488 2525 2911 2586 transeundum
2950 2524 3125 2584 nob1s
3164 2541 3293 2582 esse

389 2614 821 2684 cognouerant,
883 2608 939 2666 δι
994 2607 1218 2684 populo
1271 2607 1390 2668 loci
1441 2606 1593 2668 illius
1645 2606 1863 2668 sitienti
1903 2607 2296 2686 Euangelicae
2334 2604 2815 2684 praedicationis,
2856 2613 3034 2682 prout
3074 2619 3163 2691 ex·
3186 2618 3295 2660 vsu

387 2679 682 2743 videretur
739 2687 895 2764 fore,
954 2687 1238 2746 ferremus
1298 2705 1497 2770 opem.
1555 2689 1647 2748 Εὸ
1698 2704 1882 2764 quum
1934 2687 2192 2765 primum
2228 2685 2499 2746 venimus
2515 2729 2531 2762 ,
2573 2684 2805 2762 excepti
2846 2680 3263 2744 humanissime
3277 2725 3294 2760 ,

387 2759 642 2824 instante
700 2765 1079 2826 vehementer
1137 2768 1364 2844 populo
1379 2813 1398 2846 ,
1455 2766 1781 2828 conciones
1834 2767 1986 2828 duas
2044 2769 2239 2845 palam
2293 2765 2355 2825 in
2393 2763 2635 2841 priuatis
2674 2764 2919 2826 aedibus
2956 2759 3297 2838 habuimus,

387 2859 568 2901 vnam
617 2844 728 2904 sub
766 2863 1104 2923 vesperam,
1144 2847 1391 2907 alteram
1431 2845 1760 2907 meridiano
1799 2857 2071 2926 poster03
2116 2844 2313 2906 adacti
2350 2848 2389 2904 a
2426 2843 2943 2922 circumstrepente
2984 2843 3041 2901 δι
3079 2857 3295 2900 conue-

388 2919 586 2982 niente
643 2923 912 2984 certatim
965 2925 1191 3003 populo
1205 2969 1224 3002 ,
1278 2925 1549 3002 quamuis
1589 2924 2065 2988 dissuadentibus
2104 2925 2277 2986 nobis
2319 2926 2376 2984 &
2414 2923 2492 2984 de
2530 2922 2793 3001 periculo
2833 2923 2973 2983 inde
3011 2929 3297 3010 euentum

385 3003 907 3076 praemonentibus
955 3002 1442 3084 diligentissime·
1480 3008 1679 3082 Atque
1715 3007 1864 3067 haec
1903 3007 2083 3083 paulo
2122 3009 2287 3082 pest,
2329 3012 2506 3081 prout
2544 3002 2628 3062 eis
2667 3003 3145 3081 praedixeramus
3159 3044 3177 3077 ,
3218 3011 3299 3058 ita

385 3079 630 3142 omnino
689 3083 1060 3156 acciderunt,
1112 3084 1362 3146 Abbate
1423 3087 1478 3145 δι
1541 3084 1808 3146 Domino
1870 3085 1989 3146 loci
2046 3085 2293 3145 miseros
2366 3081 2701 3160 populareis
2760 3101 2893 3144 eam
2932 3081 3015 3142 ob
3055 3096 3293 3138 causam

385 3157 722 3223 infestante:
763 3163 924 3224 vnde
962 3163 1202 3225 colonia
1239 3163 1494 3243 primum
1535 3163 1596 3224 in
1635 3165 1995 3226 coenobium
2032 3162 2387 3224 Palatinatus
2400 3207 2417 3241 ,
2459 3161 2623 3239 quod
2662 3164 2720 3222 S.
2742 3159 3046 3224 Lamberti
3064 3158 3296 3249 dicunt,

385 3257 510 3299 non
567 3243 778 3319 procul
837 3244 1229 3306 Neostathmo
1292 3243 1354 3304 in
1415 3244 1712 3306 montanis
1765 3245 1941 3306 situm
1955 3289 1974 3322 ,
2029 3241 2480 3320 transmigrauit.
2522 3241 2815 3302 Leodium
2853 3249 3294 3328 praetergressi,

323 3353 346 3368 ι
383 3317 708 3382 incolumes
755 3321 872 3386 Dei
923 3321 1216 3391 beneficio
1267 3323 1654 3402 Antuerpiam
1708 3324 1976 3385 venimus
1990 3369 2008 3402 ,
2047 3341 2167 3401 quo
2214 3333 2481 3402 tempore
2523 3323 2794 3382 soluebat
2830 3319 3031 3382 classis
3068 3320 3293 3378 Lusita·

381 3395 540 3458 niam
589 3399 872 3480 petitura,
921 3403 978 3462 δι
1015 3421 1296 3481 sponsam
1337 3419 1558 3465 nouam
1599 3402 1676 3464 ad
1717 3403 2119 3465 Alexandrum
2158 3401 2499 3463 Farnesium
2540 3400 2875 3481 Principem
2914 3403 3292 3460 Parmensem

383 3477 730 3542 adductura.
771 3483 956 3542 Erant
993 3493 1188 3543 autem
1227 3502 1333 3561 per
1371 3483 1532 3544 idem
1571 3491 1802 3560 tempus
1841 3484 1902 3544 in
1942 3482 2261 3544 Brabantia
2298 3480 2692 3558 Flandriaque
2730 3481 2937 3542 hilaria
2975 3481 3031 3538 &
3086 3477 3295 3568 festina

381 3556 612 3638 omnia,
669 3559 879 3622 animis
937 3561 1000 3622 in
1058 3581 1224 3640 spem
1273 3562 1562 3640 optimam
1615 3580 1812 3624 rerum
1861 3579 2101 3624 suarum
2141 3561 2431 3640 excitatis,
2471 3570 2707 3622 recente
2748 3563 3007 3622 aduentu
3046 3558 3295 3618 Comitis

381 3637 790 3720 Egmondani3
849 3657 1028 3718 quem
1087 3641 1148 3701 in
1197 3642 1548 3720 Hispaniam
1603 3644 1939 3722 ablegatum
1953 3687 1971 3722 ,
2024 3644 2157 3702 Rex
2196 3639 2596 3703 amantissime
2636 3651 2973 3719 exceperat,
3015 3635 3294 3698 omnibus

379 3717 688 3792 postulatis
727 3721 946 3781 fecerat
985 3721 1122 3781 satis
1162 3729 1342 3799 quam
1380 3720 1774 3800 prolixissime
1789 3740 1836 3800 ,=
1849 3738 2101 3800 eumque
2141 3724 2198 3783 &
2241 3741 2451 3783 omnes
2488 3721 2789 3800 Principes
2830 3719 2957 3798 (qui
2985 3719 3123 3778 ante
3154 3716 3293 3806 Car·

381 3795 639 3858 dinalem
678 3799 1142 3861 Granuellanum
1180 3801 1488 3863 hominem
1519 3801 1979 3864 versutissimum
2001 3805 2430 3876 conuenerant)
2448 3799 2822 3878 amplissimis
2844 3797 3295 3886 magnificentis-

380 3873 658 3954 simisque
709 3879 1011 3956 promissis
1063 3879 1436 3959 impleuerat,
1494 3889 1854 3961 summisque
1900 3881 2347 3944 beneuolentiae
2400 3882 2457 3939 &
2502 3879 2723 3958 gratiae
2763 3875 3291 3958 significationibus

379 3965 850 4038 exsaturauerat3
889 3975 1040 4037 quos
1080 3978 1295 4038 nempe
1336 3960 1710 4022 commodius
1751 3980 1860 4023 suo
1900 3973 2197 4040 tempore,
2235 3972 2301 4023 vt
2339 3977 2479 4022 aues
2519 3958 2706 4020 altiles
2746 3963 2781 4020 e
2801 3956 3095 4038 saginatio
3111 4000 3128 4034 ,
3149 3973 3291 4014 con·

379 4034 600 4098 ficeret.
659 4037 1021 4116 Simulatque
1074 4040 1462 4118 Antuerpiam
1510 4041 1810 4118 venimuS‚
1847 4043 1989 4118 varij
2034 4061 2133 4102 me
2172 4042 2409 4102 labores
2453 4041 2508 4100 δι
2547 4039 2875 4118 grauissimi
2913 4044 3292 4114 exceperunt.

374 4113 532 4174 Nam
571 4115 830 4192 primum
869 4119 1151 4180 haerebat
1189 4119 1482 4198 plerisque
1521 4121 1582 4181 in
1625 4121 1828 4184 animo
1866 4123 2161 4184 bellorum
2200 4122 2485 4182 aduersus
2525 4120 2733 4180 Gallos
2771 4119 2888 4179 iam
2930 4117 3075 4179 olim
3096 4124 3290 4194 gesto-

375 4209 515 4285 rum
563 4197 924 4259 recordatio:
981 4215 1132 4291 quae
1171 4198 1475 4277 imperitos
1514 4200 1785 4263 homines
1824 4201 1906 4262 ita
1946 4199 2246 4292 affligebat
2260 4246 2277 4278 ,
2320 4209 2385 4260 vt
2424 4218 2519 4258 me
2536 4244 2553 4276 ,
2592 4197 2862 4276 quamuis
2900 4199 2978 4258 ad
3016 4203 3291 4258 sanctum

373 4274 755 4336 ministerium
795 4278 958 4338 bono
998 4296 1262 4356 ipsorum
1303 4279 1547 4340 missum
1588 4282 1645 4340 δι
1687 4288 2031 4349 augauno&
2072 4281 2302 4341 idoneis
2333 4278 2681 4340 instructum
2699 4324 2716 4357 ,
2756 4297 2875 4339 non
2899 4293 3068 4338 secus
3088 4275 3287 4336 obser-

375 4363 582 4412 uarent
631 4359 809 4430 quam
851 4357 900 4417 si
939 4358 1228 4419 venissem
1268 4362 1672 4438 exploraturus
1687 4403 1704 4438 ,
1743 4370 1844 4420 aut
1883 4362 2074 4420 nullas
2114 4362 2289 4438 plane
2330 4360 2585 4435 syllabas
2627 4367 2715 4433 (vt
2751 4362 2905 4436 Imp.
2944 4357 3291 4496 {eocgfioffilg

3012 4455 3041 4494 s
3087 4452 3147 4493 m
