3923 4875
1314 325 1642 373 ‘tunsus
1702 325 2355 373 'rntonoolcam
3181 326 3346 388 257.

380 505 537 568 quae
576 497 713 549 sunt
746 485 896 548 Dei:
936 493 1031 566 vt,
1073 485 1287 549 Paulus
1332 509 1387 550 2.
1435 491 1586 551 Tim.
1625 509 1684 563 4.
1732 491 1823 550 16.
1859 487 2183 551 Timotheo
2221 488 2368 552 dicit
2407 487 2578 551 illum
2615 497 2981 550 seruatmum
3021 487 3297 567 seipsum,

378 571 439 630 &
504 567 679 647 alios,
738 567 904 646 quod
963 566 1146 628 solius
1202 578 1293 631 est
1328 569 1475 649 Dei,
1524 588 1649 632 non
1690 587 1980 648 personae
2019 568 2496 632 administrantis.
2535 567 2708 632 huius
2740 567 2900 630 enim
2937 567 2998 629 vi
3037 569 3138 630 illa
3175 587 3298 630 non

378 650 561 728 fiunt,
599 648 707 708 sed
746 647 913 710 Deus
949 666 1057 726 per
1094 649 1293 710 bonos
1332 651 1389 710 δι
1426 669 1537 729 per
1574 651 1767 712 malos
1804 648 2106 711 ministros
2142 649 2288 710 nihil
2327 649 2620 712 efficiente
2656 650 2752 711 vel
2771 647 3066 711 officiente
3087 665 3298 709 eorum

382 727 711 790 intentione
772 732 861 804 (vt
898 726 959 787 in
998 727 1191 789 coena
1237 731 1450 791 volunt
1488 727 1805 808 Pontificij)
1848 729 2036 792 modo
2075 731 2308 792 bonum
2345 747 2550 792 semen
2595 728 2656 789 in
2694 739 2912 792 terram
2953 727 3266 806 proiiciant
3279 772 3299 806 ,

378 818 472 868 est
530 809 763 869 efficax.
825 806 978 868 cum
1016 815 1217 869 autem
1257 808 1608 888 disiungitur
1646 813 1684 870 ὲ.
1720 825 1900 872 causa
1938 808 2038 870 illa
2077 809 2302 889 prima,
2335 808 2714 889 deprimitur:
2753 809 2914 870 vnde
2950 810 3198 888 Paulus,
3244 827 3295 870 1.

384 888 526 948 Cor.
565 907 623 966 3.
666 903 721 964 7.
760 888 971 966 Neque
1009 886 1112 964 qui
1150 887 1411 970 plantat,
1449 907 1646 969 neque
1678 888 1782 968 qui
1815 889 1968 970 rigat
1999 888 2224 970 aliquid
2263 899 2379 970 est,
2421 889 2527 953 sed
2563 889 2668 968 qui
2705 889 2811 952 dat
2849 888 3298 964 incrementum,

380 968 579 1030 Deus:
623 967 899 1047 opposite
935 965 1214 1028 nimirum
1252 969 1524 1048 loquens.

470 1067 561 1108 10.
640 1050 897 1109 Tantam
957 1045 1261 1126 ministerii
1316 1048 1725 1113 excellentiam
1762 1067 1887 1110 non
1924 1048 2222 1112 immerito
2263 1049 2526 1128 sequitur
2557 1051 2750 1110 honor
2787 1047 2872 1108 illi
2910 1047 3147 1110 habitus
3187 1047 3292 1126 qui

379 1129 507 1190 eius
544 1127 941 1189 conseruandi
976 1127 1429 1192 instrumentum
1470 1129 1649 1192 etiam
1688 1148 1815 1190 non
1853 1128 2165 1190 minimum
2207 1139 2322 1192 est:
2363 1146 2665 1209 quemque
2702 1127 2794 1190 his
2827 1129 3012 1190 ferme
3030 1127 3299 1208 partibus

381 1217 661 1270 constare
712 1207 1057 1287 asserimus,
1096 1211 1148 1271 1.
1184 1211 1576 1289 Raoerentiae,
1616 1209 1743 1272 siue
1779 1207 2083 1290 agnitione
2120 1209 2375 1272 Diuinae
2412 1207 2730 1272 voluntatis
2767 1209 2847 1270 de
2883 1209 3156 1272 Ecclesia
3193 1227 3302 1286 per

380 1287 773 1350 ministerium
812 1289 1255 1369 conseruanda,
1336 1307 1475 1352 uam
1516 1291 1904 1353 commendat
1940 1291 2158 1352 Paulus
2202 1309 2256 1353 r.
2301 1289 2441 1352 Cor.
2479 1310 2538 1366 4.
2587 1309 2638 1351 r.
2680 1288 2782 1350 Sic
2818 1287 2896 1350 de
2935 1289 3112 1352 nobis
3130 1304 3298 1380 repu-

379 1378 465 1431 tet
502 1369 689 1430 homo
728 1379 793 1430 vt
832 1365 909 1430 de
946 1367 1231 1431 Ministris
1396 1369 1411 1382 “
1471 1370 1485 1383 “
1501 1415 1520 1451 .,
1559 1373 1617 1433 &
1654 1368 2162 1450 dispensatoribus
2200 1370 2616 1448 mysteriorum
2634 1368 2769 1432 Dei.
2794 1371 2874 1430 Π.
2905 1371 3156 1449 Amore,
3173 1384 3302 1429 srue

380 1447 803 1510 beneuolentia
840 1467 986 1526 erga
1025 1448 1416 1512 ministerium
1453 1453 1512 1513 δι
1550 1449 1879 1512 ministros:
1912 1452 2081 1512 Psal.
2123 1453 2221 1525 84.
2269 1469 2295 1510 1
2310 1469 2360 1510 1.
2405 1452 2482 1511 ὁ·
2529 1469 2660 1512 122.
2707 1469 2761 1511 1.
2798 1447 2902 1526 idq
2917 1468 2933 1483 ·
2955 1468 3081 1510 non
3105 1449 3298 1510 solum

381 1538 627 1608 propter
664 1527 1149 1590 communionem
1190 1530 1546 1593 Sanctorum
1566 1575 1587 1611 ,
1626 1531 1735 1592 sed
1772 1531 1951 1592 etiam
1991 1540 2236 1609 propter
2275 1529 2562 1592 officium.
2599 1531 2708 1592 111.
2757 1494 3093 1592 obedentia
3131 1529 3192 1590 in
3231 1526 3302 1588 iis

381 1625 538 1687 quae
577 1618 715 1670 sunt
750 1607 1090 1689 ministerij,
1127 1611 1325 1672 Hebr.
1372 1630 1466 1690 13.
1512 1630 1605 1689 17.
1642 1613 1753 1674 IV.
1792 1612 2202 1690 Gratiaadine,
2242 1609 2306 1672 in
2345 1609 2539 1691 victu,
2582 1611 2642 1672 δι
2694 1607 2938 1689 vestitu,
2980 1605 3301 1672 necessari·

378 1688 549 1766 isque
586 1689 767 1750 rebus
806 1689 886 1750 ad
923 1689 1082 1748 hanc
1120 1687 1335 1770 vitam,
1371 1691 1707 1770 pastoribus
1742 1707 2070 1769 eorumque
2109 1689 2366 1752 familiae
2397 1688 2782 1756 conferendo.
2821 1691 2900 1750 V.
2923 1688 3220 1770 δπκικοιᾳ
3239 1687 3300 1748 in

380 1767 707 1830 tolerandis
738 1769 1049 1830 Pastorum
1088 1767 1554 1851 infirmitatibus,
1605 1790 1655 1831 1.
1704 1773 1858 1834 Tim.
1900 1786 1957 1849 5.
2005 1790 2096 1851 19.
2137 1787 2293 1850 quae
2321 1770 2633 1834 manifeste
2663 1769 2948 1832 scandalo
2981 1787 3110 1832 non
3135 1778 3301 1850 sunt,

382 1866 499 1909 nec
536 1847 927 1910 ministerium
964 1860 1373 1928 corrumpunt.

468 1949 493 1989 1
508 1949 557 1989 1.
639 1931 733 1990 Ex
771 1928 863 1991 his
903 1926 1107 1991 videre
1147 1940 1237 1992 est
1272 1933 1455 2008 quam
1486 1940 1836 2010 corruptum
1869 1931 1947 1994 sit
1985 1930 2048 1992 in
2087 1932 2316 2010 Papatu
2355 1928 2741 1994 ministerium
2777 1927 3264 1991 Ecclesiasticum
3277 1973 3298 2009 ,

383 2007 468 2070 ita
526 2019 592 2070 vt
643 2008 705 2070 in
760 2027 836 2071 eo
894 2007 1042 2070 nihil
1072 2025 1295 2102 purum
1346 2011 1651 2072 habeatur.
1693 2013 1851 2072 Nam
1891 2031 1967 2073 ex
2005 2009 2330 2073 ministerio
2367 2011 2592 2072 factum
2645 2021 2734 2072 est
2771 2008 3103 2072 dominium
3118 2054 3137 2089 ,
3177 2007 3302 2070 siue

382 2089 581 2167 potius
632 2089 897 2168 tyrannis
914 2134 933 2169 ,
985 2089 1089 2151 vbi
1124 2108 1240 2168 pro
1280 2089 1523 2152 libidine
1561 2090 1921 2154 substant‘me
1959 2090 2130 2153 verbi
2169 2091 2398 2153 addunt
2434 2093 2492 2153 δι
2531 2091 2880 2170 detrahunt,
2920 2091 3303 2152 Sacramenta

382 2187 507 2231 non
546 2187 623 2230 ex
660 2167 1028 2231 institutione
1068 2169 1312 2232 Domini
1350 2173 1655 2234 celebrant
1670 2216 1689 2251 ,
1728 2173 1786 2232 δι
1826 2191 1937 2251 pro
1986 2170 2434 2232 denuntiatione
2454 2169 2554 2231 illa
2574 2169 2938 2232 ministeriali
2957 2169 3190 2248 salutis,
3209 2170 3304 2231 vel

382 2248 815 2328 damnationis,
854 2248 965 2312 sibi
1005 2259 1358 2327 potestatem
1396 2253 1729 2314 absolutam
1772 2261 2055 2331 arrogant
2090 2253 2274 2314 Rom.
2314 2249 2662 2311 Pontifices:
2699 2253 2876 2329 quale
2916 2249 3303 2311 ministerium

380 2347 504 2390 non
545 2329 869 2408 reperimus
907 2330 945 2389 ὲ.
985 2328 1225 2391 Christo
1264 2330 1443 2394 misse
1491 2331 1856 2413 institutum3
1916 2330 2085 2392 cuius
2122 2339 2324 2392 tamen
2362 2341 2638 2410 respectu
2675 2329 2788 2392 illis
2839 2331 3036 2391 honos
3074 2328 3302 2390 indebi-

380 2417 476 2471 tus
512 2409 804 2491 defertur,
843 2409 901 2470 δι
939 2411 1081 2472 cum
1119 2410 1355 2491 Petrus,
1395 2414 1531 2475 Act.
1578 2431 1669 2474 ro.
1716 2427 1813 2491 25.
1849 2411 2324 2493 inclinationem,
2361 2410 2608 2473 honoris
2647 2409 2882 2491 signum
2919 2412 2958 2469 a
3017 2407 3302 2471 Cornelio

380 2489 494 2552 sibi
552 2491 809 2553 delatam
853 2490 1345 2571 reprehenderet:
1401 2502 1601 2555 tamen
1656 2492 1929 2555 Pontifex
1984 2496 2025 2554 a
2084 2492 2340 2555 Caesare
2377 2492 2600 2572 pedum
2639 2493 2846 2553 oscula
2883 2508 3008 2551 non
3047 2488 3306 2570 respuit,

379 2568 568 2632 immo
606 2570 722 2632 sibi
764 2571 1031 2634 debitum
1070 2569 1137 2631 id
1174 2588 1303 2632 esse
1342 2571 1675 2635 arbitratur.

468 2669 561 2711 ιο.
639 2653 842 2730 Atque
896 2650 961 2713 hi
1018 2648 1263 2728 quidem
1304 2663 1557 2729 peccant
1602 2651 1666 2714 in
1720 2669 1996 2713 excessu:
2045 2650 2154 2715 sed
2189 2670 2314 2713 non
2345 2649 2543 2713 minus
2579 2650 3014 2713 hallucinantur
3062 2647 3304 2710 fanatici

382 2730 801 2827 1¹}ntbusiastae
814 2778 833 2812 ,
874 2732 1017 2792 dum
1057 2728 1446 2793 ministerium
1488 2732 1705 2793 nullius
1745 2732 1913 2826 pretij
1956 2750 2088 2795 esse
2126 2741 2421 2813 statuunt3
2460 2730 2817 2825 ‹St-medium
2858 2728 3006 2824 illud
3043 2730 3302 2791 saluber-

382 2828 628 2952 ,ἐκ
655 2810 1491 2982 fflpveusmmjdsspaegfrffn,
1504 2809 2706 2973 ῗὶῖέωᾜᾞςεεῖῖεέςῶἒᾶἳῖ
2721 2812 3058 2967 <m
3091 2818 3304 2965 {3¹:23

382 2980 511 3032 tum
549 2971 906 3033 beneficium
945 2972 1061 3031 Del
1098 2970 1203 3049 qui
1240 2982 1485 3052 propter
1524 2972 1921 3035 infirmitatem
1967 2982 2236 3033 nostram
2275 2992 2388 3033 nos
2428 2990 2536 3051 per
2554 2971 2837 3051 ,homines
2855 2967 3078 3047 alloqui
3098 2968 3306 3047 voluit,

384 3048 666 3129 amplecti
704 3053 946 3130 nolunt,
985 3050 1093 3111 sed
1124 3053 1163 3111 a
1202 3050 1425 3129 Spiritu
1456 3051 1798 3115 immediate
1843 3052 2050 3114 doceri
2087 3051 2202 3113 sibi
2245 3052 2386 3113 satis
2416 3070 2547 3115 esse
2583 3051 2764 3113 aiunt.
2806 3050 3070 3127 Quidam
3106 3060 3307 3109 autem

388 3129 541 3193 inter
598 3149 706 3193 eos
766 3130 1197 3209 aliquantulum
1246 3134 1705 3195 verecundiores
1742 3141 2010 3194 asserunt
2048 3130 2434 3195 ministerium
2475 3152 2600 3193 non
2637 3130 2886 3193 omnino
2927 3148 3054 3191 rem
3091 3148 3308 3191 vanam

388 3228 519 3272 esse
534 3256 555 3290 ,
608 3212 719 3273 sed
762 3210 1185 3273 infirmioribus
1238 3212 1524 3289 prodesse
1542 3258 1561 3291 ,
1598 3211 1791 3291 iisque
1829 3212 1933 3291 qui
1969 3212 2302 3275 rudimenta
2337 3210 2666 3291 Religionis
2705 3209 3072 3273 Christianae
3109 3210 3310 3271 adhuc

386 3289 691 3369 ignorant,
730 3310 855 3353 non
896 3308 1088 3369 paruo
1130 3289 1477 3353 adiumento
1518 3312 1678 3355 esse:
1718 3294 1823 3354 sed
1863 3292 1933 3354 iis
1974 3291 2078 3370 qui
2117 3292 2510 3371 Euangelium
2541 3292 2789 3371 nortmt,
2821 3291 2879 3351 δι
2911 3288 3154 3369 perfecti
3173 3298 3311 3351 sunt

386 3373 619 3447 (quales
662 3390 726 3433 se
759 3369 1151 3447 arbitrantur)
1170 3369 1387 3433 talibus
1424 3372 1802 3435 documentis
1842 3390 1996 3452 opus
2031 3390 2156 3433 non
2199 3390 2346 3435 esse.
2387 3374 2518 3434 Nos
2545 3375 2632 3447 (vt
2647 3371 2772 3433 istis
2791 3387 3059 3433 errorum
3078 3370 3310 3431 nebulis

381 3469 589 3590 geram
650 3450 1008 3545 sententiam
1055 3454 1461 3533 opponamus)
1498 3455 1697 3515 Deum
1740 3451 2036 3515 ordinarie
2074 3468 2215 3514 suos
2254 3470 2362 3531 per
2403 3451 2792 3514 ministerium
2829 3449 3308 3513 Ecclesiasticum

424 3548 628 3611 ocere,
665 3548 995 3594 asserimus.

1642 3693 2057 3754 Corollarium.

472 3850 650 3929 Fuga
687 3850 979 3913 euidentis
1016 3850 1262 3931 periculi
1298 3860 1509 3913 contra
1546 3851 1805 3914 Pastoris
1843 3852 2110 3914 officium
2139 3869 2264 3913 non
2305 3852 2406 3932 fit,
2443 3852 2668 3913 Matth.
2703 3869 2794 3912 ro.
2837 3868 2934 3929 23.
2965 3851 3096 3911 Act.
3119 3870 3177 3930 9.
3213 3866 3310 3928 25.

391 3930 539 3993 mod
554 3936 593 3991 ὸ
633 3930 999 3994 extrinsecus
1037 3932 1099 3993 in
1142 3934 1341 4011 fugam
1362 3936 1523 4008 (cum
1543 3932 1705 3994 bona
1724 3932 1927 3994 ouium
1948 3932 2150 4009 venia,
2171 3931 2420 3993 oonsilio
2435 3978 2454 4011 ,
2474 3941 2577 3992 aut
2593 3932 3047 4011 approbatione)
3066 3946 3312 3992 conuer-

383 4028 487 4072 sus
501 4056 520 4090 ,
557 4012 635 4072 ad
672 4030 821 4074 oues
852 4012 1143 4073 intentum
1174 4012 1391 4074 babeat
1408 4014 1684 4074 affectum
1698 4057 1716 4085 ,
1736 4016 1791 4073 ἃ
1810 4013 2028 4092 Spiritu
2047 4030 2186 4074 cum
2205 4013 2290 4075 eis
2307 4012 2413 4095 sit,
2435 4013 2708 4091 exe-plo
2727 4011 2910 4073 Pauli.
2939 4032 2991 4074 1.
3015 4010 3152 4075 Gor.
3173 4028 3232 4090 5.
3256 4026 3312 4089 5.

1800 4429 1879 4489 33
2877 4414 3096 4475 XLIX.
3177 4410 3312 4470 DE
