3923 4875
580 333 689 389 116
1527 339 1852 384 ‘rnasns
1912 339 2557 384 Tunotoorcan.

564 505 908 584 expresserit
944 505 1070 581 (qui
1107 504 1265 564 enim
1304 501 1619 580 exprimat,
1668 521 1847 580 quam
1886 503 1945 562 in
1979 522 2042 562 se
2081 502 2424 578 impressam
2465 520 2586 561 non
2629 499 2868 575 habeti)
2909 501 3170 579 sequitur
3209 503 3469 580 Scriptu-

564 607 690 646 ram
748 587 807 646 in
866 605 929 645 se
981 582 1331 644 omnimodo
1391 581 1651 642 diuinam
1710 601 1855 642 esse.
1917 582 2199 660 Coarguit
2258 580 2418 642 idem
2459 585 2516 642 δι
2556 593 2796 640 externa
2837 581 3030 642 forma
3072 583 3347 657 (modum
3383 585 3479 660 alij

564 669 803 740 vocant)
842 683 994 741 quae
1034 673 1122 723 est
1159 661 1369 722 oratio.
1410 664 1581 722 Haec
1618 671 1684 722 vt
1723 672 2168 738 contemperata
2207 673 2296 722 est
2334 662 2390 720 &
2433 661 2680 722 dicentis
2723 660 3038 738 maiestati,
3079 665 3134 721 δι
3171 661 3256 722 rei
3281 660 3488 723 dicen·

568 747 678 806 dae
732 743 1030 822 dignitati,
1070 747 1126 803 δι
1165 742 1361 819 captui
1398 741 1633 802 illorum
1674 741 1887 819 quibus
1928 741 2174 819 dicitur,
2227 741 2308 801 ita
2347 760 2640 802 summam
2681 739 2944 801 ostendit
2983 739 3386 819 diuinitatem,
3437 747 3492 805 &

568 823 1091 902 incomparabilem
1131 822 1209 882 de
1245 841 1311 883 se
1347 823 1549 900 prodit
1588 820 1979 883 maiestatem.

651 908 705 964 6.
792 907 963 964 Haec
1020 902 1095 963 de
1145 901 1491 963 certitudine
1540 902 1871 978 Scripturae
1917 901 1979 960 in
2019 901 2226 978 seipsa.
2265 901 2442 960 Nunc
2473 899 2824 978 videndum,
2868 919 2987 977 qua
3028 900 3256 962 ratione
3274 948 3292 981 ,
3336 923 3491 980 quae

570 987 630 1046 in
690 1005 753 1045 se
810 994 967 1044 certa
1027 992 1146 1061 est,
1186 982 1360 1043 nobis
1400 991 1563 1042 certa
1600 1001 1727 1042 esse
1780 981 1997 1061 possit,
2037 985 2267 1058 nosque
2307 984 2470 1041 certo
2513 981 2969 1058 persuadeantur
3009 980 3160 1041 haec
3200 982 3404 1044 omnia
3449 991 3488 1046 a

572 1068 705 1126 Deo
790 1066 1015 1124 rofecta
1056 1081 1201 1122 esse.

655 1163 708 1220 7.
746 1085 932 1204 pHoc
969 1145 1034 1202 fit
1072 1142 1305 1203 duobus
1347 1141 1568 1202 modis:
1608 1145 1647 1200 a
1686 1139 1987 1216 Domine,
2025 1143 2081 1201 δι
2119 1140 2198 1199 ab
2230 1139 2496 1200 Ecclesia
2529 1141 2670 1202 eius,
2712 1141 2769 1198 A
2791 1138 3054 1199 Domino
3075 1143 3486 1206 testificatione

572 1223 815 1302 Spiritus
875 1227 930 1284 δι
982 1222 1158 1300 ipsius
1200 1223 1553 1298 Scripturae.
1606 1221 1851 1297 Spiritus
1890 1222 2048 1280 enim
2089 1221 2338 1280 Sanctus
2375 1231 2441 1279 vt
2479 1219 2759 1281 Veritatis
2797 1221 3011 1280 author
3049 1220 3110 1280 in
3155 1223 3487 1302 Scriptura,

570 1306 651 1364 ita
710 1303 971 1364 eiusdem
1032 1303 1275 1362 effector
1324 1299 1613 1378 gratiosus
1652 1301 1713 1361 in
1752 1299 1946 1361 nobis.
1993 1321 2045 1360 1.
2091 1299 2226 1358 Cor.
2275 1319 2328 1358 2.
2379 1319 2468 1359 12.
2511 1303 2588 1360 ἐν·
2637 1320 2686 1358 1.
2727 1301 2944 1361 Ioaan.
2987 1315 3042 1377 5.
3087 1303 3144 1360 6.
3211 1304 3269 1363 Is
3313 1303 3490 1382 igitur

570 1397 657 1444 cst
710 1385 811 1460 qui
865 1403 995 1442 eam
1037 1380 1447 1441 certitudinem
1486 1380 1807 1458 scripturae
1844 1380 2023 1440 totius
2064 1381 2120 1438 &
2160 1379 2415 1456 partium
2455 1377 2578 1440 eius
2618 1379 3044 1457 supernaturali
3085 1384 3218 1442 luce
3257 1402 3366 1444 sua
3407 1385 3488 1446 ita

570 1465 843 1540 obsignat
894 1463 1046 1521 intus
1099 1461 1440 1538 pectoribus
1481 1462 1538 1519 δι
1576 1460 1923 1537 persuadet,
1965 1471 2029 1520 vt
2070 1460 2308 1537 plenam
2349 1462 2405 1520 δε
2441 1460 2834 1520 indubitatam
2873 1459 3033 1537 apud
3073 1480 3184 1522 nos
3226 1461 3488 1525 inueniat

572 1545 749 1604 fidem
810 1545 865 1602 δι
924 1542 1356 1602 ineluctabilem
1414 1539 1573 1600 illam
1628 1543 2037 1620 πληροφορίαν.
2101 1541 2369 1600 Alterum
2432 1543 2574 1600 vero
2621 1539 3020 1600 testimonium
3063 1553 3150 1602 est
3183 1543 3486 1622 Scriptura

570 1625 726 1700 ipsa,
786 1642 939 1699 quae
992 1622 1319 1681 luculentas
1377 1630 1549 1680 notas
1608 1619 1773 1697 prae'
1801 1637 1865 1678 se
1904 1619 2049 1696 fert,
2090 1620 2148 1680 δι
2189 1621 2420 1680 confert
2459 1619 2563 1697 iis,
2603 1638 2860 1698 quorum
2900 1621 3058 1682 oculi
3101 1622 3316 1683 mentis
3355 1624 3492 1685 luce

574 1701 998 1780 supernaturali
1035 1711 1171 1760 sunt
1208 1699 1503 1759 illustrati:
1546 1698 1696 1759 sicut
1736 1701 1837 1758 lux
1875 1715 1984 1759 suo
2023 1699 2340 1776 splendore
2379 1698 2450 1760 iis
2488 1718 2552 1759 se
2590 1698 2822 1778 prodit,
2859 1718 3116 1778 quorum
3159 1701 3320 1762 oculi
3359 1722 3488 1765 cor·

576 1783 732 1859 poris
772 1785 904 1842 luce
942 1779 1190 1840 naturali
1228 1788 1365 1838 sunt
1400 1779 1665 1856 praediti.
1710 1798 1761 1838 2.
1805 1781 1973 1839 Petr.
2021 1799 2068 1838 1.
2119 1798 2213 1858 19.

536 1933 539 1936 ⁴
654 1867 711 1922 8.
794 1864 963 1920 Haec
1024 1858 1353 1920 testimonia
1411 1868 1476 1919 vt
1531 1876 1639 1936 per
1698 1878 1761 1919 se
1818 1857 2083 1918 efficacia
2136 1859 2250 1918 sint
2302 1859 2382 1920 ad
2421 1860 2796 1920 astruendam
2839 1863 3012 1938 plene
3053 1861 3234 1922 fidem
3274 1862 3488 1923 Sacrae

576 1941 936 2018 Scripturae,
991 1940 1105 1999 alia
1151 1949 1351 1999 tamen
1390 1956 1529 1998 cum
1571 1939 1654 1998 eis
1690 1938 2010 1998 coniuncta
2049 1949 2368 2016 suppetunt
2407 1949 2754 2017 argumenta
2791 1941 2871 2000 ad
2913 1940 3034 2001 eius
3077 1943 3494 2003 authoritatem

576 2020 761 2098 magis
800 2019 1127 2078 faciendam
1168 2018 1227 2078 in
1268 2017 1477 2078 animis
1516 2019 1749 2079 nostris.
1809 2019 1917 2077 Illa
1956 2020 2049 2078 vel
2089 2028 2226 2078 sunt
2262 2017 2464 2093 insita,
2506 2020 2563 2077 &
2603 2018 2711 2098 ipsi
2751 2020 2836 2080 rei
2875 2018 3214 2099 inhaerent,
3257 2024 3350 2082 vel
3389 2024 3490 2082 ad·

576 2102 685 2160 sita
724 2104 779 2159 δε
820 2097 1178 2160 extrinsecus
1216 2099 1555 2158 adhaerent.
1599 2101 1663 2174 (s.
1717 2100 1911 2172 1603.)
1952 2099 2124 2173 Quae
2165 2109 2300 2158 sunt
2338 2099 2399 2159 in
2442 2096 2663 2177 reipsa,
2701 2102 2798 2159 vel
2835 2102 2874 2158 a
2910 2100 3149 2160 materia
3179 2113 3481 2162 sumuntur

578 2183 669 2240 vel
709 2184 747 2239 a
784 2181 995 2240 forma.
1034 2180 1093 2238 A
1130 2180 1409 2254 materia,
1449 2177 1615 2255 quod
1653 2178 1988 2238 doctrinam
2021 2179 2320 2238 contineat
2351 2180 2521 2256 plane
2543 2180 2828 2258 pleneque
2849 2181 3166 2240 coelestem
3183 2225 3198 2256 ,
3220 2185 3276 2241 δε
3295 2183 3492 2259 captui

576 2262 835 2319 humano
876 2278 1001 2319 non
1039 2259 1121 2319 ita
1162 2256 1440 2334 peruiam.
1482 2259 1541 2317 A
1568 2259 1818 2334 forma,
1860 2267 1988 2317 tum
2025 2261 2260 2317 interna
2299 2259 2534 2320 diuinae
2573 2259 2860 2327 veritatis:
2893 2259 2970 2318 ad
2991 2276 3174 2336 quam
3198 2260 3494 2338 pertinent

578 2338 1004 2416 praedictiones
1054 2341 1109 2398 &
1162 2355 1363 2398 earum
1420 2348 1663 2398 euentus
1712 2337 2056 2397 certissimi:
2121 2339 2342 2413 Quales
2391 2349 2526 2398 sunt
2567 2339 2644 2399 de
2683 2340 2906 2399 semine
2946 2339 3274 2401 contrituro
3316 2351 3496 2417 caput

578 2419 881 2497 serpentis,
924 2420 1019 2480 De
1058 2428 1294 2496 sceptro
1332 2421 1371 2477 a
1408 2417 1636 2478 Iehuda
1672 2435 1796 2478 non
1836 2418 2202 2478 remouendo
2245 2429 2382 2481 ante
2420 2417 2779 2478 nasciturum
2811 2419 3108 2488 Messiam.
3152 2421 3242 2481 De
3275 2421 3496 2481 abduc-

577 2502 738 2561 tione
796 2500 1001 2591 populi
1060 2498 1285 2559 Iudaici
1345 2497 1406 2557 in
1459 2496 1858 2575 captiuitatem
1898 2498 2354 2577 Babylonicam,
2395 2502 2452 2559 δι
2492 2498 2838 2559 reductione
2879 2498 3140 2559 eiusdem
3155 2546 3172 2578 ,
3211 2500 3398 2561 ductu
3439 2505 3495 2561 δι

576 2581 847 2656 auspiciis
888 2580 1057 2655 Cyri‘,
1102 2578 1198 2638 cui
1238 2596 1459 2638 nomen
1500 2578 1620 2637 hoc
1658 2578 1883 2655 aliquot
1924 2596 2114 2637 annos
2153 2582 2290 2639 ante
2309 2623 2325 2653 ,
2367 2582 2547 2655 quam
2579 2591 2752 2638 natus
2791 2589 2942 2639 esset
2977 2578 3378 2641 fuitfinditum.
3419 2583 3495 2641 Et

577 2662 721 2720 aliae
769 2660 987 2720 similes
1025 2658 1163 2719 totis
1204 2657 1502 2735 scripturis
1544 2675 1780 2735 sparsae
1818 2656 2166 2735 prophetiae
2183 2702 2200 2729 ,
2243 2676 2382 2718 cum
2422 2674 2626 2718 earum
2668 2659 3137 2737 complementis.
3200 2662 3357 2719 Tum
3399 2680 3494 2719 cx-

577 2750 779 2801 terna:
821 2742 979 2816 Apta
1020 2746 1312 2797 structura
1353 2738 1633 2798 orationis
1672 2740 1729 2799 &
1770 2755 2001 2813 rerum,
2041 2738 2289 2815 pulchra
2328 2737 2580 2813 partium
2602 2738 2868 2798 omnium
2889 2740 3042 2799 inter
3062 2760 3126 2799 se
3146 2741 3494 2817 consensi0,

574 2818 935 2879 incredibilis
982 2819 1093 2878 sub
1132 2817 1365 2877 abiecta
1398 2818 1717 2877 verborum
1760 2817 2086 2878 humilitate
2125 2818 2214 2877 vis
2247 2820 2302 2878 δι
2337 2816 2600 2877 efficacia
2619 2862 2636 2895 ,
2657 2834 2810 2894 quae
2853 2823 3141 2878 lectorum
3163 2820 3392 2879 animos
3415 2820 3496 2879 ita

576 2900 725 2978 rapit
744 2902 799 2959 &
818 2898 1017 2975 afficit,
1032 2908 1093 2957 vt
1113 2898 1503 2958 Ethnicorum
1523 2899 1617 2957 vel
1640 2898 2012 2975 eloquentiae
2029 2897 2204 2957 laude
2227 2896 2681 2958 clarissimorum
2703 2900 2962 2973 δεινότης
2989 2918 3130 2975 prae
3151 2918 3220 2957 ea
3241 2900 3496 2959 sordeat.

654 3000 709 3055 9.
793 2976 1157 3038 Testimonia
1197 2978 1554 3037 extrinsecus
1610 2977 1885 3039 adiuncta
1928 2986 2094 3037 sunt:
2155 2979 2202 3037 I.
2246 2978 2340 3037 vel
2380 2979 2697 3053 antiquitas
2737 2977 3077 3053 scripturae.
3129 2979 3294 3038 Libri
3335 2979 3495 3038 enim

576 3058 762 3118 Mosis
801 3059 1066 3117 omnium
1107 3058 1413 3117 hominum
1453 3056 1682 3134 scriptis
1719 3056 2076 3133 antiquiores
2117 3068 2275 3117 sunt:
2319 3067 2380 3116 vt
2420 3058 2521 3133 qui
2559 3054 2865 3115 historiam
2906 3074 3072 3117 suam
3115 3058 3254 3118 inde
3293 3062 3330 3115 a
3369 3076 3491 3117 cre-

572 3137 769 3197 atione
808 3137 1011 3197 mundi
1050 3137 1369 3197 deductam
1410 3138 1701 3210 contexit,
1741 3155 1923 3214 quam
1963 3136 2058 3212 alij
2099 3136 2412 3215 scriptores
2452 3146 2552 3195 aut
2571 3136 2918 3213 ignorarunt
2937 3156 3209 3213 prorsuS,
3231 3148 3332 3196 aut
3357 3138 3492 3197 hinc

576 3228 929 3293 acceperunt
979 3220 1069 3292 (vt
1119 3219 1373 3276 fatentur
1428 3215 1735 3295 Aegyptij,
1788 3226 1937 3277 teste
1978 3218 2249 3277 Diodoro
2292 3218 2514 3290 Siculo)
2555 3226 2656 3274 aut
2697 3215 2910 3275 sabulis
2951 3216 3145 3276 multis
3185 3217 3488 3293 adsperse-

581 3306 741 3354 runt:
782 3307 957 3372 prout
997 3297 1180 3356 homo
1219 3296 1472 3375 imagine
1508 3297 1671 3374 prior
1710 3308 1823 3357 est:
1866 3298 1923 3356 δι
1961 3298 2187 3373 probus
2225 3314 2501 3356 nummus
2539 3294 2890 3355 adulterino,
2952 3296 3026 3355 II.
3069 3298 3184 3355 Vel
3221 3298 3492 3355 inuictum

578 3377 760 3435 robur
819 3377 1112 3436 veritatis:
1164 3392 1319 3451 quae
1372 3386 1434 3435 vt
1484 3375 1715 3453 saepius
1766 3379 1803 3435 a
1856 3376 2099 3436 diabolo
2138 3379 2194 3437 &
2233 3375 2504 3437 hostibus
2545 3373 2849 3435 Ecclesiae
2889 3373 2964 3433 sit
3001 3375 3295 3453 impetita,
3337 3376 3496 3434 inex-

584 3454 915 3533 pugnabilis
967 3463 1165 3514 tamen
1222 3454 1499 3533 perstitit,
1540 3458 1595 3516 δι
1634 3453 1901 3532 superior
1940 3456 2145 3515 euasit.
2203 3458 2310 3517 111.
2351 3457 2466 3515 Vel
2504 3473 2811 3514 consensus
2851 3453 3089 3531 piorum
3131 3453 3310 3514 etiam
3351 3453 3497 3513 alio-

590 3534 691 3611 qui
729 3533 881 3594 inter
919 3553 983 3595 se
1026 3532 1461 3612 dissidentium,
1502 3533 1604 3612 qui
1644 3553 1778 3594 eam
1816 3534 2151 3595 admirabili
2189 3535 2305 3595 Dei
2343 3532 2717 3612 prouidentia
2756 3535 3042 3594 hactenus
3083 3546 3494 3595 conseruatam

590 3624 961 3691 receperunt:
1008 3614 1065 3673 ὅτ.
1103 3624 1401 3691 receptam
1442 3612 1739 3691 sanguinis
1779 3613 2126 3691 profusione
2166 3615 2572 3693 obsignarunt.

682 3714 769 3755 10.
852 3696 961 3753 Est
1018 3703 1320 3771 praeterea
1365 3692 1525 3753 aliud
1564 3694 1938 3752 testimonium
1980 3693 2354 3755 ministeriale
2393 3695 2688 3753 Ecclesiae
2725 3692 2939 3771 ipsiuS,
2979 3711 3132 3771 quae
3173 3692 3504 3771 scripturae

594 3774 1010 3834 authoritatem
1067 3774 1225 3832 hanc
1278 3792 1401 3833 non
1446 3772 1622 3849 indit,
1662 3774 1766 3832 sed
1806 3771 2052 3833 inditam
2093 3775 2459 3851 professione
2500 3773 2557 3832 δι
2596 3773 2989 3833 consensione
3027 3772 3165 3832 fidei
3193 3774 3474 3850 'agnoscit
3490 3818 3508 3849 ,

595 3854 853 3929 agnitam
894 3852 1278 3913 commendat
1314 3856 1370 3913 &
1405 3853 1771 3931 promulgat,
1813 3854 2246 3930 promulgatam
2286 3862 2600 3915 conseruat
2639 3854 2717 3912 ad
2757 3853 3005 3929 gloriam
3045 3852 3159 3911 Dei
3193 3856 3248 3913 &
3283 3856 3506 3912 bonum

598 3949 785 3992 suum.
846 3934 1001 3993 Nam
1062 3934 1429 3993 voluntatem
1487 3950 1653 3993 suam
1716 3932 1879 3991 Deus
1938 3932 2246 4009 principali
2305 3932 2683 4009 authoritate,
2745 3934 3076 4009 Prophetae
3127 3936 3182 3991 &
3233 3932 3508 4009 Apostoli

597 4011 956 4072 Secundaria
997 4012 1057 4073 in
1097 4011 1411 4089 Scripturis
1452 4013 1863 4089 obsignarunt,
1902 4012 2176 4072 Ecclesia
2214 4022 2395 4091 teste,
2436 4017 2490 4075 δι
2529 4012 2607 4072 ad
2647 4012 2732 4073 rei
2771 4014 2932 4090 apud
2971 4030 3084 4071 nos
3109 4010 3508 4072 testimonium

597 4093 733 4150 Deo
774 4093 1019 4152 authore
1061 4092 1337 4171 obligata.

685 4188 775 4229 11.
855 4171 1069 4229 Errant
1106 4190 1249 4250 ergo
1291 4171 1495 4249 Athei,
1536 4169 1957 4249 Marcionitae,
1998 4170 2365 4246 Manichaei,
2404 4170 2830 4249 Valentiniani3
2872 4188 3128 4246 quorum
3166 4169 3248 4229 illi
3279 4190 3508 4230 sacram

601 4249 959 4324 Scripturam
1011 4249 1071 4307 in
1122 4250 1459 4311 vniuersum
1511 4260 1755 4328 negant:
1815 4251 1901 4310 Hi
1956 4261 2184 4328 partem
2236 4249 2359 4311 eius
2400 4250 2464 4312 in
2501 4250 2750 4312 dubium
2791 4260 3026 4309 vocant.
3089 4251 3166 4308 Et
3207 4250 3506 4326 Papistae,

598 4328 699 4405 qui
760 4326 1176 4388 authoritatem
1226 4330 1490 4390 eiusdem
1534 4329 1838 4391 doctrinae
1886 4331 1965 4391 ab
2005 4329 2272 4391 Ecclesia
2288 4375 2305 4408 ,
2345 4329 2586 4409 eiusque
2628 4328 3041 4391 certitudinem
3079 4331 3158 4387 ab
3199 4328 3508 4419 hominum

3076 4419 3508 4471 asseueranone
