3923 4875
653 226 731 279 40

637 388 895 465 frustra
948 390 1010 445 in
1053 390 1466 463 exspectatione
1507 386 1792 445 hominum
1839 405 1957 445 esse
1976 435 1990 461 ,
2040 388 2117 447 ἂν·
2161 388 2477 464 opinionem
2521 389 2868 460 ingenerari
2904 386 3095 463 facia
3140 406 3265 447 cum
3310 390 3577 449 aliorum

633 483 1018 557 persuasione
1075 479 1325 555 simplice
1343 522 1360 553 ‚
1415 484 1534 536 tum
1594 496 1751 537 vana
1805 478 2167 537 thasonum
2224 479 2302 537 ὃν·
2346 473 2784 561 α’φεταλόγων
2828 480 3139 537 multorum
3184 488 3571 554 arrogantia.

649 570 750 627 De
793 589 878 628 me
894 615 915 649 ‚
958 575 1224 629 neutrum
1261 575 1568 627 amaturus
1613 588 1736 627 sum
1751 613 1768 646 ,
1807 587 1908 629 nec
1951 573 2154 629 amaui
2188 587 2467 646 vnquam.
2514 570 2809 628 Iniuriam
2828 568 3066 643 faciunt
3079 614 3097 646 ,
3130 574 3235 645 qui
3252 571 3363 629 sibi
3380 572 3449 629 de
3476 590 3573 629 me

649 661 926 737 spondent
986 660 1148 736 quod
1192 679 1306 718 non
1366 666 1454 718 est
1494 668 1674 737 penes
1719 678 1804 718 me
1822 678 1847 733 ,·
1894 660 1973 720 ὁ·
2018 661 2163 720 milei
2201 661 2401 739 tacite,
2453 659 2589 718 dum
2625 659 2759 719 bene
2801 662 3014 720 sentire
3053 667 3301 739 putant,
3349 670 3561 739 expro-

650 752 830 810 brant
868 754 1222 811 inscientiam
1270 751 1348 809 ἐν’
1393 752 1788 829 infirmitatem
1832 770 2035 812 meam.
2108 750 2289 827 Quod
2322 752 2379 809 si
2416 769 2522 825 ego
2572 752 2755 809 multa
2798 770 3093 811 assumens
3136 752 3282 811 milei
3307 753 3565 829 praedi-

653 861 862 901 cauero
880 887 894 914 ,
933 844 1281 917 grauiorem
1325 842 1468 901 mihi
1507 843 1624 919 apsi
1666 843 1743 901 ὁ·
1791 842 1947 902 vobis
1989 844 2269 901 iniuriam
2313 843 2508 912 secero
2526 884 2545 917 ‚
2592 847 2868 917 tanquam
2914 844 2970 901 si
2999 844 3245 902 nesciam
3268 862 3355 902 me
3375 846 3561 921 ipsum

653 936 850 993 metiri
903 934 1128 993 modulo
1181 951 1252 991 ac
1297 932 1448 1009 pede
1495 950 1617 991 meo
1677 940 1784 991 aut
1822 935 2109 992 rationem
2154 934 2267 991 mei
2297 931 2493 1011 offictj
2533 951 2683 1007 erga
2728 931 3045 1007 dignitates
3090 940 3319 993 vestras
3366 934 3557 1011 explo-

655 1041 822 1083 rare.
891 1024 1059 1083 Fecit
1099 1031 1286 1082 tamen
1330 1026 1520 1101 opinio
1571 1030 1770 1082 vestra
1813 1024 1884 1083 de
1924 1044 2013 1083 me
2028 1068 2044 1099 ‚
2081 1023 2239 1100 fecit
2278 1024 2473 1083 aliena
2514 1016 2910 1108 (ondecunque
2952 1042 3021 1083 ea
3064 1019 3173 1109 sit)
3210 1027 3523 1101 persuasio
3544 1068 3562 1101 ‚

648 1122 715 1174 vt
753 1133 934 1173 meam
978 1116 1223 1174 absentis
1268 1122 1504 1191 operam
1548 1114 1958 1175 desideraretis
1974 1158 1991 1188 ‚
2041 1115 2119 1175 ὁ·
2162 1134 2233 1173 ea
2262 1116 2597 1191 praesentis
2640 1118 2957 1175 uteremini.
3006 1115 3349 1173 Humanam
3394 1116 3565 1174 illam

651 1212 908 1265 vestram
951 1208 1014 1265 in
1064 1207 1326 1283 opinione
1370 1205 1440 1263 de
1481 1223 1568 1263 me
1612 1206 1975 1283 concipienda
1994 1248 2012 1281 ,
2056 1207 2366 1281 bonamque
2408 1204 2753 1277 facilitatem
2771 1249 2790 1282 ,
2834 1207 3057 1283 excepit
3096 1224 3223 1264 mea
3258 1209 3321 1265 in
3362 1208 3568 1281 acqui-

648 1298 882 1356 escendo
937 1297 1226 1371 facilitas.
1297 1296 1440 1355 Non
1491 1314 1602 1372 quo
1645 1296 1790 1355 mihi
1833 1296 2176 1375 confiderem
2221 1314 2309 1355 me
2351 1300 2822 1373 exspectationem
2866 1295 3145 1371 desiderii
3182 1298 3341 1355 illius
3384 1298 3575 1355 vestri

646 1388 880 1464 explere
925 1398 1096 1467 posse
1109 1406 1130 1445 .-
1186 1385 1293 1445 sed
1315 1389 1516 1463 potius
1559 1387 1646 1444 ita
1691 1406 1814 1445 cum
1859 1384 2033 1469 ani(f.
2092 1407 2117 1447 1
2130 1406 2165 1464 3
2178 1405 2207 1463 7
2221 1379 2405 1471 0.)mo
2450 1406 2569 1446 meo
2613 1388 2927 1445 statuebam
2945 1428 2964 1457 ,
3014 1405 3195 1445 meum
3246 1388 3569 1463 obsequium

649 1472 804 1561 (vtvt
845 1472 1035 1564 tenue)
1079 1484 1269 1536 testem
1314 1494 1434 1536 esse
1476 1479 1660 1536 animi
1701 1479 1779 1537 ὁ·
1822 1480 2137 1537 voluntatis
2181 1496 2338 1536 meae
2379 1484 2647 1556 oportere
2659 1494 2683 1550 ;
2722 1479 2986 1553 quamuis
3018 1477 3092 1535 ab
3130 1479 3391 1555 opinione
3412 1478 3542 1537 iudi
3543 1510 3563 1521 -

644 1570 838 1645 cio'que
883 1575 1198 1646 praecepto
1243 1574 1435 1626 vestro
1481 1568 1632 1626 absit
1671 1568 2019 1643 longissime.
2088 1569 2300 1645 Itaque
2353 1570 2415 1627 in
2459 1568 2569 1626 hac
2614 1568 2986 1627 celeberrima
3030 1574 3229 1627 vestra
3258 1569 3565 1645 florentis-

645 1663 901 1735 simaque
963 1658 1278 1717 Academia
1345 1660 1682 1717 constitutus
1749 1659 1819 1717 de
1879 1659 2163 1719 sententia
2217 1664 2417 1719 vestra
2435 1703 2453 1736 ,
2510 1677 2635 1719 cum
2669 1661 2933 1734 priuatis
2976 1658 3183 1719 studiis
3228 1661 3563 1737 scriptioni-

643 1751 856 1826 bu‘sque
875 1796 892 1829 ,
939 1756 1058 1807 tum
1103 1748 1429 1807 lectionibus
1474 1748 1551 1807 ὁ·
1595 1751 2056 1809 exercitamentis
2084 1750 2337 1828 publicis
2381 1769 2495 1809 non
2536 1750 2762 1808 cessaui
2808 1748 3089 1826 Spartam
3129 1751 3315 1809 colere
3329 1794 3346 1827 ‚
3389 1768 3566 1824 quam

645 1846 850 1899 nactus
901 1860 1026 1899 sum
1085 1839 1377 1897 voluntate
1433 1838 1558 1898 Dei
1583 1840 1920 1917 judicio‘que
1964 1846 2157 1899 vestro
2172 1860 2194 1899 .·
2242 1860 2360 1917 qua
2402 1842 2465 1899 in
2510 1838 2735 1917 Sparta
2778 1858 2841 1898 eo
2886 1859 2973 1897 me
3015 1842 3278 1899 libentius
3321 1849 3526 1918 occupo
3546 1884 3564 1914 ‚

644 1950 758 2007 quo
801 1932 958 1990 alias
1000 1931 1392 2008 occupationes
1435 1930 1567 1989 inde
1614 1934 1654 1989 ὰ
1697 1933 1893 1992 multis
1937 1933 2109 1991 annis
2154 1931 2332 1991 didici
2362 1930 2589 2005 sugere
2633 1931 2983 2003 diligentius.
3056 1932 3297 1990 Horret
3336 1932 3567 1989 animus

645 2025 1039 2099 occupationes
1081 2022 1268 2079 alias:
1309 2023 1670 2097 praesertim
1729 2025 1987 2082 conscius
2050 2040 2137 2081 me
2180 2021 2268 2080 ad
2303 2021 2415 2080 lias
2428 2065 2447 2092 ,
2501 2040 2614 2080 non
2660 2022 2747 2079 ad
2786 2022 2941 2080 alias
2984 2029 3248 2081 vocatum
3294 2039 3450 2093 esse;
3494 2040 3566 2079 ac

641 2110 804 2183 forte
838 2115 1011 2171 etiam
1049 2114 1342 2185 ingenium
1388 2111 1475 2169 ad
1517 2112 1628 2172 llas
1679 2132 1798 2173 esse
1840 2116 2014 2189 quam
2060 2113 2148 2171 ad
2182 2114 2320 2171 illas
2364 2113 2576 2189 aptius.
2618 2112 2820 2172 Huius
2862 2113 2959 2170 rei
2989 2130 3091 2171 vos
3114 2113 3337 2191 appello
3362 2117 3527 2170 testes
3542 2155 3563 2183 ,

642 2208 833 2262 testem
891 2204 1262 2263 Academiam
1283 2246 1299 2277 .‚
1362 2209 1551 2261 testem
1612 2204 1956 2263 iuuentutem
1975 2248 1991 2277 ,
2050 2222 2199 2279 quae
2257 2205 2394 2261 meis
2448 2203 2775 2262 lectionibus
2820 2203 3007 2261 adhuc
3052 2222 3168 2263 non
3220 2202 3562 2279 infrequens

641 2294 937 2369 interfuit.
1006 2292 1176 2370 Quid
1203 2293 1397 2369 plura
1411 2290 1444 2351 :³
1495 2294 1646 2352 hicne
1701 2295 1888 2373 ipsum
1931 2294 2181 2353 libellum
2228 2293 2315 2351 ad
2350 2311 2451 2354 vos
2497 2294 2689 2367 allego
2736 2299 2926 2352 testem
2945 2337 2963 2371 ,
3008 2311 3149 2353 reus
3186 2293 3565 2371 promittendi

627 2382 838 2458 factus
898 2387 1016 2444 iam
1074 2384 1358 2443 biennium
1410 2381 1601 2455 ferme
1646 2391 1824 2445 totum
1840 2428 1859 2456 ,
1915 2385 2191 2444 bonorum
2238 2384 2619 2462 quorumdam
2694 2384 2772 2443 ὁ·
2817 2385 3349 2444 amantissimorum
3397 2386 3561 2444 colle-

630 2494 854 2550 garum
889 2495 1143 2536 meorum
1181 2476 1585 2552 postulatione.
1643 2475 1720 2534 In
1761 2477 1868 2535 hoc
1919 2477 2067 2534 enim
2112 2475 2299 2534 libello
2343 2475 2493 2551 quid
2538 2475 2847 2550 theologia
2892 2477 2973 2534 sit
3000 2476 3191 2552 (cuius
3230 2495 3334 2536 nos
3372 2493 3563 2536 sacer-

638 2567 796 2626 dotes
853 2569 1076 2645 sumus)
1139 2567 1216 2626 &⁹
1260 2565 1407 2641 quid
1466 2565 1815 2644 Theologus,
1877 2583 1942 2624 eo
2001 2565 2207 2624 ordine
2264 2567 2486 2643 explico
2507 2609 2524 2642 ‚
2570 2571 2749 2642 eaque
2793 2567 2895 2625 via
2915 2575 3247 2645 persequor
3268 2611 3283 2640 ‚
3332 2573 3399 2625 vt
3447 2585 3562 2625 non

631 2659 846 2734 possim
891 2659 1032 2734 quin
1078 2657 1386 2716 exclamem
1406 2698 1424 2732 ,
1471 2656 1606 2715 dum
1651 2663 2056 2733 argumentum
2102 2657 2224 2715 eiu‘s
2269 2657 2716 2734 dignitatemque
2760 2658 2948 2716 recolo
2968 2701 2984 2734 ,
3026 2656 3116 2715 Et
3144 2657 3233 2716 ad
3262 2657 3403 2715 haec
3434 2659 3564 2733 quis

637 2745 919 2807 idoneus?
987 2749 1110 2806 Hic
1171 2748 1480 2805 communis
1533 2747 1792 2820 dignitas
1858 2744 2107 2826 chrisa.
2164 2767 2189 2804 1
2205 2766 2240 2824 3
2253 2764 2282 2822 7
2303 2767 2327 2806 1
2341 2741 2717 2830 .)stianorum
2763 2747 3013 2805 omnium
3028 2790 3045 2823 ,
3090 2748 3183 2806 hic
3234 2747 3563 2820 singularis

642 2839 902 2910 dignitas
953 2839 1434 2898 administrorum
1487 2836 1722 2898 diuinae
1772 2839 2090 2915 sapientiae
2110 2881 2127 2914 ‚
2174 2837 2267 2894 hic
2310 2855 2514 2896 rerum
2567 2837 2906 2896 diuinarum
2945 2838 3222 2897 maiestas
3267 2840 3530 2916 exposita
3547 2881 3565 2912 ,

639 2946 812 3004 quam
863 2929 1032 2989 Deus
1075 2932 1138 2988 in
1185 2929 1551 2989 vasculorum
1597 2929 1838 3010 χοὶκᾰῖν
1879 2933 2267 3003 testarumque
2313 2928 2658 3001 infirmitate
2702 2928 2887 2986 voluit
2928 2927 3259 3005 depositam.
3320 2928 3565 2987 Christi·

639 3020 772 3077 anis
815 3021 1071 3079 omnibus
1114 3025 1380 3078 constare
1423 3021 1587 3095 cupio
1632 3021 1702 3076 de
1746 3020 2030 3094 dignitate
2065 3037 2176 3078 sua
2216 3019 2278 3077 in
2340 3019 2572 3078 Christo
2615 3017 2749 3076 Iesu
2764 3035 2791 3090 ;
2844 3017 3148 3092 Theologis
3190 3019 3329 3077 verb
3363 3019 3441 3077 ὁ·
3462 3017 3566 3076 ad-

639 3109 923 3168 ministris
966 3111 1220 3169 omnibus
1235 3151 1254 3180 ,
1305 3109 1372 3167 de
1415 3111 1512 3168 sui
1551 3111 1806 3170 muneris
1842 3111 2149 3184 gravitate
2163 3127 2185 3166 .·
2230 3115 2296 3168 vt
2340 3110 2436 3168 illi
2476 3109 2563 3166 ad
2590 3127 2755 3168 suam
2809 3108 3149 3181 dignitatem
3189 3109 3563 3178 contendant,

639 3199 706 3257 lu·
746 3201 1051 3259 attendant
1090 3202 1178 3259 ad
1213 3200 1684 3278 dispensationem
1729 3201 1840 3259 sibi
1875 3199 2259 3260 concreditam
2277 3243 2295 3274 ‚
2342 3200 2415 3258 ab
2454 3200 2589 3258 aliis
2625 3199 2801 3258 rebus
2845 3201 3005 3258 velut
3042 3201 3291 3277 scopulis
3334 3202 3564 3276 pericu-

638 3291 940 3349 losissimis
996 3291 1366 3368 Syrtibu‘sque
1417 3296 1701 3362 caueant,
1767 3292 1845 3350 ὁ·
1904 3292 1967 3350 in
2025 3290 2117 3350 his
2171 3291 2292 3349 dies
2354 3296 2651 3366 noctesque
2702 3308 2904 3348 coram
2947 3288 3205 3351 Domino
3254 3289 3386 3368 (qui
3424 3290 3566 3348 haec

621 3389 743 3458 per
786 3382 1055 3458 spiritum
1098 3381 1446 3441 consulentes
1492 3399 1562 3438 ae
1605 3383 1921 3456 relegentes
1969 3381 2151 3460 docet)
2196 3387 2502 3440 versentur
2548 3380 3000 3454 religiosissime.
3048 3381 3155 3440 Vos
3190 3401 3298 3440 oro
3318 3425 3335 3458 ,
3383 3381 3562 3438 Nobi·

640 3472 852 3530 lissimi
902 3474 981 3532 ἐν
1024 3472 1386 3551 Amplissimi
1424 3470 1550 3530 viri
1560 3514 1578 3541 ,
1613 3479 1806 3550 prout
1839 3473 1985 3531 milti
2024 3473 2196 3532 huius
2242 3475 2336 3531 rei
2377 3471 2697 3530 tradendae
2742 3473 2805 3530 in
2849 3472 2963 3530 hac
3006 3479 3206 3531 vestra
3248 3471 3565 3530 Academia

632 3564 926 3640 principes
967 3565 1044 3623 ὁ·
1089 3570 1356 3623 auctores
1387 3560 1632 3639 fuistis,
1678 3566 1765 3622 ita
1807 3563 1913 3622 hoc
1941 3564 2306 3642 principium
2350 3563 2687 3642 disciplinae
2732 3581 2890 3621 meae
2934 3563 2997 3621 in
3044 3563 3237 3622 eadem
3278 3562 3560 3620 traditum

640 3655 718 3712 ὣ*
766 3655 923 3714 vobis
959 3656 1208 3715 oblatum
1255 3653 1554 3729 accipiatis
1599 3671 1780 3730 aequo
1824 3655 2017 3712 animo
2037 3697 2054 3731 ,
2095 3661 2373 3731 tanquam
2404 3654 2560 3733 fidei
2598 3670 2755 3712 meae
2792 3655 3011 3732 pignus
3025 3697 3045 3725 ,
3088 3655 3167 3714 ὁ·
3211 3653 3393 3730 studii
3422 3661 3563 3728 pro·

632 3746 962 3820 pensissimi
1009 3765 1159 3819 erga
1219 3763 1319 3806 vos
1377 3749 1740 3822 vestrquue
1795 3743 2171 3804 Academiam
2221 3747 2411 3820 (cuius
2469 3763 2557 3804 me
2601 3751 2843 3822 partem
2888 3746 3151 3804 voluistis
3198 3745 3341 3818 esse)
3397 3743 3563 3801 docu-

637 3841 903 3894 mentum.
969 3837 1158 3896 Valete
1225 3835 1583 3896 Nobilissimi
1645 3837 1722 3895 ἂν·
1787 3835 2155 3913 Amplissimi
2216 3837 2366 3912 viri,
2436 3835 2514 3895 ὁ·
2566 3853 2768 3895 veram
2824 3838 3099 3914 pietatem
3114 3880 3130 3911 ‚
3188 3834 3562 3893 Academiam

622 3926 864 4000 pietatis
901 3921 1294 4015 α’σκητῆριον
1313 3973 1328 3999 ,
1376 3944 1465 3984 me
1501 3927 1578 3985 ὁ·
1624 3928 1889 3985 literatos
1933 3927 2147 3986 omneis
2167 3970 2184 4003 ,
2216 3927 2493 4004 pietatis,
2526 3928 2797 3986 veritatis
2821 3973 2837 4000 .‚
2882 3929 2959 3986 ὃν·
2982 3927 3363 3985 humanitatis
3386 3927 3565 3983 alum-

637 4033 740 4072 nos
759 4057 775 4090 ‚
822 4034 1026 4073 amare
1047 4061 1052 4066 .
1065 4020 1312 4092 pergite.
1356 4017 1640 4090 Lugduni
1681 4017 2092 4088 Batauorum,
2146 4033 2297 4077 xnu.
2347 4017 2497 4076 Kal.
2548 4017 2755 4078 Sextil.
2798 4019 2903 4079 εἷς)
2944 4019 3010 4079 10
3050 4032 3209 4078 κεῖν.
