3923 4875
98 752 113 1125 W--'-
98 494 117 711 ff-u'

1433 326 1839 373 transiet
1899 327 2113 371 raas
2171 326 2212 371 1.
3154 308 3262 382 481

352 490 583 570 plitudo
622 489 705 551 rei
744 487 927 569 ipsius
966 487 1175 568 efficit,
1214 490 1359 551 nolo
1400 488 1636 568 iniquus
1676 508 1805 551 esse
1843 488 1903 550 in
1946 488 2198 567 gratiam
2240 487 2384 547 Dei:
2427 487 2534 547 sed
2573 486 2838 565 profiteri
2858 488 3069 547 saltem
3089 486 3272 547 admi·

354 572 542 633 rande
582 569 925 632 tenuitatem
965 568 1443 649 ieiunitatemque
1482 570 1775 633 sermonis
1814 568 1933 631 mei
1973 569 2035 629 in
2077 580 2272 631 rerum
2315 578 2610 629 tantarum
2651 566 3030 645 cogitatione.

433 654 608 713 Haec
644 650 745 711 illa
786 648 1025 729 insignis
1062 659 1151 711 est
1190 648 1553 729 praedicatio
1568 696 1586 729 ,
1626 650 1705 711 ad
1745 668 1928 727 quam
1969 668 2082 711 nos
2121 668 2332 711 omnes
2371 646 2476 726 qui
2513 646 2827 709 Christiani
2847 664 3048 709 sumus
3061 694 3078 727 ,
3119 664 3272 727 opus

354 742 443 793 est
481 730 757 823 excitari,
797 730 859 791 in
900 748 1081 808 quam
1122 747 1277 808 opus
1316 730 1699 810 introspicere
1714 776 1733 809 ,
1774 728 1941 791 cuius
1981 728 2308 791 bonitatem
2334 730 2392 790 δι
2411 727 2830 790 amoenitatem
2844 772 2864 805 ,
2903 728 3270 790 suauitatem-

352 828 469 889 que
526 810 935 873 incredibilem
994 812 1333 889 explorare,
1390 829 1573 889 quam
1644 813 2014 889 exploratam
2069 809 2347 871 admirari
2407 811 2462 870 δι
2517 825 2654 869 cum
2693 807 3080 871 admiratione
3119 807 3280 887 apud

355 910 564 953 omnes
622 892 755 969 pios
812 910 1019 953 coram
1079 889 1347 953 Domino
1408 892 1812 953 indesinenter
1870 900 2142 951 testatam
2200 891 2396 951 facere
2412 932 2430 967 ,
2509 887 3000 967 quandoquidem
3063 891 3150 965 (vt
3199 888 3279 948 ait

358 974 682 1049 Apostolus
734 973 953 1049 Ephes.
1008 991 1065 1048 3.
1115 973 1231 1047 ro.)
1280 970 1367 1033 sic
1407 982 1550 1033 nota
1590 974 1657 1033 fit
1695 991 1801 1049 per
1842 970 2178 1032 Ecclesiam
2217 966 2478 1048 imperiis
2517 988 2592 1030 ac
2629 968 3046 1048 potestatibus,
3099 968 3278 1030 etiam

356 1069 503 1130 quae
537 1050 599 1111 in
638 1051 823 1113 coelis
870 1062 1035 1126 sunt,
1090 1050 1469 1113 multiformis
1516 1053 1616 1113 illa
1664 1051 1953 1131 sapientia
1990 1050 2108 1111 Dei
2143 1050 2472 1111 secundum
2523 1048 2898 1129 propositum
2957 1060 3280 1128 aeternum,

356 1132 521 1208 quod
560 1130 865 1193 constituit
904 1132 963 1192 in
1004 1132 1241 1193 Christo
1281 1135 1417 1195 Iesu
1455 1130 1721 1195 Domino
1760 1142 1988 1193 nostro.
2030 1131 2204 1207 Quae
2242 1134 2381 1191 cum
2421 1129 2504 1191 ita
2542 1130 2678 1207 sint,
2718 1130 2973 1207 primum
3011 1128 3278 1190 omnium

357 1214 553 1273 Deum
592 1232 703 1273 oro
744 1214 799 1273 δι
838 1224 1071 1291 patrem
1110 1212 1359 1273 Domini
1396 1212 1582 1274 nostri
1619 1214 1755 1273 Iesu
1796 1210 2046 1291 Christi,
2087 1230 2197 1273 nos
2229 1228 2466 1283 omnes,
2509 1227 2663 1287 quos
2702 1209 2947 1288 spiritali
2966 1209 3280 1271 vocatione

357 1292 433 1352 ad
478 1294 797 1353 fraternam
852 1291 1337 1354 coniunctionem
1392 1292 1453 1351 in
1510 1291 1747 1355 Christo
1789 1290 2190 1371 primogenito
2229 1296 2388 1353 inter
2425 1292 2646 1351 multos
2683 1291 2894 1351 fratres
2934 1288 3251 1351 honorauit
3264 1334 3282 1366 ,

362 1382 525 1449 regat
574 1371 792 1451 Spiritu
850 1370 1151 1433 charitatis
1204 1374 1261 1433 δι
1316 1372 1517 1451 pacis:
1568 1384 1633 1433 vt
1678 1372 2191 1449 quemadmodum
2231 1370 2508 1450 dignatur
2545 1368 2814 1431 habitare
2855 1370 2918 1431 in
2955 1368 3132 1431 nobis
3145 1414 3162 1449 ,
3203 1369 3282 1430 ita

360 1472 469 1513 nos
513 1452 571 1512 in
612 1453 743 1531 ipso
786 1452 963 1513 etiam
1002 1451 1269 1513 habitare
1310 1456 1427 1513 vna
1469 1453 1811 1515 studeamus
1850 1450 1911 1512 in
1952 1450 2176 1513 vnitate
2215 1451 2486 1529 corporis
2525 1453 2582 1511 δι
2623 1449 2872 1528 Spiritus
2910 1450 3028 1529 sui,
3069 1452 3124 1511 δι
3163 1450 3280 1511 sin-

358 1532 477 1610 guli
520 1534 707 1610 magis
744 1552 817 1593 ac
858 1533 1045 1612 magis
1076 1532 1426 1611 sentiamus,
1466 1531 1959 1611 experiamurque
1973 1576 1994 1611 ,
2033 1536 2216 1609 quam
2255 1534 2484 1593 bonum
2523 1535 2580 1593 &
2619 1534 2804 1607 quam
2845 1530 3167 1591 iucundum
3209 1528 3284 1591 sit

358 1612 787 1674 sanctissimam
837 1613 998 1673 illam
1048 1612 1357 1692 vnionem,
1414 1613 1579 1675 cuius
1630 1612 1757 1691 ipse
1794 1622 2006 1674 auctor
2047 1623 2164 1685 est,
2203 1628 2578 1673 conseruare.
2617 1610 2851 1672 Deinde
2893 1615 3036 1671 vero
3075 1612 3286 1671 hortor

359 1695 413 1753 δι
454 1712 565 1753 oro
607 1692 741 1771 pios
778 1692 989 1755 omnes
1024 1712 1131 1771 per
1168 1693 1469 1755 Christum
1482 1738 1501 1773 ,
1540 1697 1597 1753 &
1638 1692 1982 1770 quicunque
2020 1692 2218 1755 studio
2261 1692 2416 1753 vitae
2455 1702 2730 1752 aeternae
2769 1708 2910 1752 suae
2939 1692 3284 1769 gloriaeque

359 1772 593 1835 diuinae
632 1774 827 1835 affecti
864 1784 1032 1850 sunt,
1072 1774 1315 1833 tandem
1352 1772 1673 1850 aliquando
1714 1772 1980 1851 discant,
2020 1783 2186 1834 extra
2225 1773 2382 1833 hanc
2425 1769 2912 1832 communionem
2964 1788 3284 1849 recognos-

363 1872 501 1913 cere
552 1857 732 1929 quam
788 1855 945 1915 mala
983 1855 1040 1911 81
1080 1852 1311 1945 ingrata
1350 1853 1591 1915 omnia:
1633 1862 1697 1914 vt
1736 1854 1849 1913 hac
1889 1851 2120 1914 ratione
2157 1850 2408 1931 gloriam
2449 1851 2728 1913 cedentes
2769 1850 3065 1929 Domine,
3107 1854 3162 1911 δι
3207 1852 3286 1910 ab

364 1933 527 1993 omui
589 1933 973 1995 distractione
1032 1932 1393 2011 dissidioque
1452 1932 1515 1994 in
1576 1932 1998 2011 sanctimonia,
2057 1952 2208 2011 pace
2223 1978 2240 2009 ,
2300 1932 2589 1993 modestia
2605 1976 2622 2007 ,
2679 1932 2734 1991 &
2775 1931 3012 1992 lenitate
3051 1931 3288 2009 spiritus

358 2013 747 2091 abstinenteS,
794 2014 937 2075 dent
984 2032 1233 2091 operam
1286 2012 1723 2093 diligentissime
1774 2012 2014 2091 optimis
2054 2015 2110 2072 δι
2149 2010 2589 2073 iucundissimis
2629 2011 3070 2073 communionis
3111 2012 3286 2071 huius

361 2093 605 2173 officiis,
658 2110 811 2171 quae
868 2096 1031 2155 Deus
1082 2092 1183 2153 hic
1234 2094 1291 2153 &
1330 2093 1393 2155 in
1430 2096 1629 2155 futuro
1668 2094 1905 2171 seculo,
1948 2091 2278 2155 certissimo
2319 2093 2744 2170 verissimoque
2784 2094 2950 2155 bono
2986 2094 3042 2153 &
3085 2092 3288 2153 iucun-

364 2174 545 2234 ditate
586 2184 993 2235 muneraturus
1030 2186 1120 2234 est
1160 2172 1219 2233 in
1260 2173 1497 2235 Christo
1538 2176 1689 2237 Iesu.

408 2372 460 2410 2.
522 2353 641 2411 Est
673 2360 740 2413 vt
772 2360 1121 2428 vnguentum
1162 2352 1317 2411 illud
1348 2354 1625 2431 optimum
1642 2396 1660 2428 ,
1700 2351 2080 2431 superfusum
2121 2353 2329 2429 capiti,
2371 2350 2712 2411 descendens
2750 2358 2930 2431 super
2968 2350 3212 2410 barbam
3229 2394 3245 2427 ,

623 2434 868 2493 barbam
908 2432 1259 2506 Ahar-mu
1299 2434 1463 2510 quod
1493 2434 1783 2494 descendit
1822 2434 1910 2492 ad
1942 2451 2113 2494 oram
2151 2451 2330 2509 vsque
2365 2432 2828 2494 vestimentorum
2869 2432 3009 2492 eius.

443 2590 593 2648 Ersl
654 2586 1023 2650 verissimum
1088 2587 1327 2648 axioma
1362 2587 1511 2648 illud
1548 2598 1638 2649 est
1676 2589 1845 2664 quod
1884 2590 2024 2649 ante
2065 2589 2364 2667 Propheta
2407 2588 2774 2668 enunciauit,
2815 2589 2894 2650 de
2931 2586 3198 2648 bonitate
3237 2589 3292 2646 &

366 2669 723 2730 amoenitate
774 2667 939 2746 pacis
976 2667 1039 2728 in
1080 2667 1505 2729 communione
1544 2679 1926 2728 sanctorum:
1983 2677 2182 2729 tamen
2223 2669 2436 2746 partim
2476 2677 2680 2728 nostra
2719 2667 3056 2730 infirmitate
3096 2671 3150 2727 δι
3189 2667 3293 2726 im-

363 2747 715 2826 pedimentis
762 2747 1001 2810 aliunde
1042 2747 1501 2810 obuenientibus
1522 2793 1539 2826 ,
1591 2755 1923 2826 partimque
1975 2748 2061 2808 rei
2107 2749 2414 2810 maiestate
2465 2748 2798 2810 detinemur
2813 2794 2831 2824 ,
2871 2767 2950 2808 ne
2987 2747 3294 2807 veritatem

364 2827 529 2889 istius
577 2827 875 2890 enunciati
927 2847 1000 2889 ex
1052 2827 1257 2890 officio
1310 2845 1775 2907 cognoscamus,
1826 2827 1937 2888 nisi
1991 2828 2106 2888 Dei
2159 2827 2410 2907 Spiritus
2459 2847 2568 2907 per
2618 2826 2998 2888 administros
3041 2845 3182 2887 suos
3217 2827 3294 2886 ad

366 2909 713 2970 tenuitatem
756 2921 1023 2970 nostram
1065 2925 1193 2970 sese
1234 2907 1551 2970 demiserit.
1594 2911 1913 2986 Propterae
1932 2910 2157 2971 Psaltes
2179 2907 2572 2970 aedificationi
2593 2908 2868 2987 publicae
2889 2909 3267 2968 consulturus
3282 2951 3300 2984 ,

368 2989 649 3066 deinceps
668 2989 911 3050 duobus
946 2988 1213 3050 versibus
1230 2986 1479 3050 instituit
1498 2987 1935 3050 enarrationem
1956 2991 2200 3050 breuem
2239 2988 2664 3068 propositionis
2703 2987 2855 3049 illius
2894 3005 3074 3066 quam
3113 2987 3298 3046 modo

368 3067 660 3130 diximus:
704 3079 769 3128 vt
826 3072 883 3129 δι
928 3067 1019 3137 rei
1070 3069 1377 3130 veritatem
1428 3069 1679 3147 amplius
1735 3067 2072 3147 videamus,
2112 3071 2190 3130 ab
2231 3087 2304 3130 ea
2344 3086 2586 3146 quoque
2623 3069 2949 3129 afficiamur
2988 3068 3300 3128 vehemen-

369 3148 485 3208 tius
542 3149 1059 3227 adquaerendam
1096 3148 1347 3226 gloriam
1386 3148 1503 3209 Dei
1538 3151 1597 3208 δι
1636 3150 1887 3210 salutem
1940 3160 2224 3210 nostram.
2301 3151 2409 3210 Est
2461 3161 2659 3210 autem
2699 3148 2872 3210 huius
2915 3146 3298 3226 expositionis

368 3228 581 3290 modus
618 3233 657 3288 a
690 3231 985 3308 Propheta
1024 3228 1319 3291 institutus
1360 3229 1619 3306 duplex:
1663 3230 1821 3288 Nam
1860 3227 2149 3308 primum,
2189 3229 2480 3290 similibus
2522 3229 2600 3290 ad
2641 3229 3106 3290 declarationem
3147 3225 3301 3286 illius

368 3308 663 3370 enunciati
701 3309 1035 3370 commodis
1064 3308 1271 3389 vtitur3
1314 3308 1529 3370 deinde
1568 3313 1713 3371 vero
1754 3327 1883 3370 rem
1924 3309 2269 3387 simpliciter
2285 3355 2304 3389 ,
2347 3318 2526 3388 prout
2565 3309 2626 3370 in
2667 3327 2732 3370 se
2772 3319 2860 3371 est
2874 3356 2890 3382 ,
2931 3307 3300 3388 apodeictice

368 3388 677 3467 enunciat,
724 3393 760 3448 a
810 3406 989 3450 causa
1038 3388 1335 3451 efficiente
1382 3389 1813 3468 supernaturali
1826 3433 1845 3465 ,
1894 3389 2224 3451 necessaria
2238 3436 2255 3466 ,
2313 3389 2614 3450 liberrima
2628 3434 2647 3468 ,
2702 3409 2776 3450 ac
2814 3407 2940 3449 non
2981 3388 3264 3466 impedita
3285 3433 3303 3464 ,

369 3486 527 3546 quae
562 3487 637 3530 ex
674 3488 803 3530 sese
840 3469 1240 3532 indesinenter
1278 3481 1538 3547 praestat
1576 3466 1873 3530 enunciati
1911 3469 2085 3531 huius
2129 3470 2454 3532 veritatem.
2497 3471 2683 3530 Hunc
2703 3468 2976 3531 ordinem
2999 3470 3058 3529 in
3081 3467 3308 3528 ratione

368 3549 631 3611 docendi
684 3548 1309 3610 conuenientissimum
1358 3567 1485 3610 esse
1526 3559 1737 3610 natura
1774 3549 1902 3626 ipsa
1940 3549 2231 3612 ostendit:
2299 3551 2356 3610 &
2395 3549 2664 3612 Christus
2704 3567 2826 3610 non
2871 3550 3124 3610 obscure
3165 3557 3302 3607 curn

372 3629 517 3690 locis
566 3628 1013 3706 quamplurimis
1068 3631 1473 3708 exemplisque
1528 3627 1968 3707 frequentibus,
2021 3641 2150 3691 tum
2206 3630 2436 3692 disertis
2490 3630 2688 3691 verbis
2727 3629 3132 3706 confirmauit,
3172 3629 3308 3688 cum

373 3709 769 3771 Nicodemum
806 3711 1235 3788 alloqueretur,
1274 3708 1535 3771 dicendo
1552 3755 1569 3788 ,
1630 3709 1693 3770 Si
1736 3719 1968 3770 terrena
2008 3709 2148 3770 dico
2189 3710 2362 3772 vobis
2403 3713 2459 3772 &
2499 3729 2623 3770 non
2665 3710 2927 3779 creditiS,
2973 3709 3308 3787 quomodo,

370 3789 419 3850 si
478 3788 687 3850 dixero
746 3788 921 3852 vobis
974 3788 1281 3866 caelestia,
1342 3785 1621 3852 creditis?
1683 3791 1850 3850 Ioan.
1893 3809 1951 3867 3.
2004 3809 2098 3852 12.
2139 3793 2313 3852 Haec
2355 3788 2696 3869 eloquentia
2733 3791 3026 3868 quaedam
3067 3799 3154 3850 est
3170 3833 3187 3861 ,
3231 3787 3314 3847 ait

372 3868 769 3962 Augustinus,
824 3867 1135 3931 doctrinae
1186 3869 1453 3931 salutaris
1468 3913 1487 3946 ,
1541 3869 1847 3930 mouendo
1886 3869 2125 3931 affectui
2173 3871 2530 3932 discentium
2571 3871 3062 3947 accommodata,
3103 3873 3140 3929 a
3181 3867 3312 3927 visi-

374 3949 591 4010 bilibus
627 3950 707 4010 ad
746 3947 1095 4027 inuisibilia,
1134 3951 1171 4006 a
1210 3949 1621 4027 corporalibus
1662 3950 1740 4011 ad
1778 3949 2096 4028 spiritalia,
2162 3954 2199 4010 a
2240 3951 2670 4029 temporalibus
2709 3950 2787 4012 ad
2825 3961 3084 4012 aeterna.
3127 3946 3314 4026 Epist.

380 4050 401 4088 1
418 4049 507 4106 19.
562 4030 640 4089 ad
688 4029 1046 4090 Ianuarium.
1099 4029 1255 4090 Nam
1294 4027 1423 4107 ipse
1464 4029 1697 4090 animae
1738 4040 1970 4107 motus,
2032 4030 2318 4108 quamdiu
2379 4033 2556 4092 rebus
2601 4030 2800 4091 adhuc
2841 4029 3090 4092 terrenis
3129 4027 3318 4106 impli-

370 4121 563 4186 catur,
623 4109 847 4188 pigrius
906 4109 1335 4170 inflammatur:
1396 4108 1447 4170 si
1503 4114 1647 4170 vero
1708 4111 1927 4170 teratur
1966 4110 2046 4170 ad
2083 4109 2499 4172 similitudines
2538 4113 2880 4189 corporales
2905 4155 2920 4185 ,
2965 4113 3020 4171 δι
3061 4109 3202 4168 inde
3241 4107 3319 4167 ad

368 4188 647 4268 spiritalia
696 4207 849 4266 quae
900 4189 1055 4250 illius
1106 4188 1589 4252 similitudinibus
1630 4191 1990 4268 figurantur:
2031 4190 2162 4268 ipso
2201 4191 2374 4268 quasi
2415 4191 2668 4251 transitu
2709 4201 3052 4284 vegetatur,
3093 4189 3149 4248 &
3187 4199 3316 4248 tan·

368 4287 549 4347 quam
589 4268 649 4329 in
692 4272 885 4330 facula
923 4269 1075 4348 ignis
1112 4268 1385 4348 agitatus»,
1424 4269 1797 4346 accenditur,
1837 4271 1895 4329 δε
1936 4269 2278 4331 ardentiore
2323 4270 2644 4331 dilectione
2687 4282 2914 4348 rapitur
2949 4271 3026 4330 ad
3062 4268 3320 4346 quietem

368 4367 537 4410 suam
576 4350 813 4428 cognita
852 4349 1115 4412 veritate.
1156 4349 1297 4410 Hoc
1338 4350 1515 4426 igitur
1552 4349 1803 4410 consilio
1846 4349 2322 4428 propositionem
2343 4359 2750 4428 antegressam
2774 4353 3019 4422 Psaltes,
3063 4348 3322 4488 primium

1806 4431 1843 4488 6
1858 4451 1879 4489 r
3085 4428 3187 4506 qui
3229 4447 3325 4488 em
