3923 4875
594 313 703 389 146
1514 323 1842 370 russas
1901 322 2560 368 rnaonoercaa.

671 506 761 560 14.
842 486 935 546 Ex
988 481 1057 542 iis
1096 501 1249 562 quae
1291 484 1369 546 de
1406 487 1577 546 Patre
1616 485 1779 546 dicta
1818 485 2135 563 hactenus,
2175 482 2404 562 liquent
2441 482 2620 556 etiam
2661 501 2730 544 ea
2763 499 2916 562 quae
2959 482 3038 543 de
3081 482 3202 544 filio
3243 482 3496 544 dicenda

585 561 801 628 restare
851 563 1153 624 videntur:
1209 584 1281 624 ea
1331 568 1473 626 vero
1521 567 1723 644 (prout
1774 567 1812 624 a
1853 563 2029 626 nobis
2069 562 2186 624 iam
2226 565 2448 624 factum
2487 573 2604 642 est,
2644 565 2782 624 cum
2822 563 2900 624 de
2938 563 3110 626 Patre
3149 563 3494 643 agebamus)

586 665 738 726 quae
787 644 865 705 de
911 643 1061 702 Filio
1108 644 1284 705 nobis
1325 645 1386 704 in
1431 647 1490 706 S.
1533 645 1833 723 Scriptura
1871 645 2136 705 reuelare
2175 643 2311 703 Deo
2352 644 2598 722 placuit,
2637 643 3053 720 qualicumque
3096 642 3492 721 descriptione

583 721 1158 803 comprehendimus.
1197 723 1377 786 Filius
1416 736 1506 784 est
1542 724 1807 786 secunda
1850 725 1909 784 S.
1975 723 2276 784 Trinitatis
2317 742 2598 802 persona,
2643 741 2875 800 semper
2911 725 2949 781 a
2988 724 3158 784 Patre
3179 734 3460 801 generata
3476 769 3494 803 ,

580 823 717 866 cum
760 807 929 864 Patre
970 802 1249 880 Spiritum
1289 806 1348 866 S.
1380 805 1606 883 spirans
1620 851 1639 884 ‚
1680 803 1839 864 Patri
1876 805 2190 880 ὀμοοόσιος
2206 849 2223 882 ,
2265 806 2320 864 δι
2360 822 2498 864 cum
2538 804 2708 864 Patre
2744 803 2800 862 δι
2821 803 3037 880 Spiritu
3059 803 3280 864 Sancto
3299 805 3494 884 solus,

583 903 755 948 verus
794 884 850 942 &
890 894 1160 944 aeternus
1205 886 1384 945 Deus.

668 982 759 1043 15.
838 962 1052 1023 Filium
1074 975 1399 1042 personam
1440 983 1567 1024 csse
1619 962 1867 1025 dicimus
1882 1008 1900 1042 ‚
1944 961 2086 1040 quia
2123 980 2248 1023 non
2289 962 2604 1024 essentiam
2619 1007 2636 1042 ,
2677 963 2784 1022 sed
2823 981 3140 1041 personam
3179 962 3240 1024 in
3267 961 3490 1024 vnitate

584 1043 870 1108 essentiae
910 1045 1141 1102 Patrem
1178 1044 1447 1121 genuisse
1486 1043 1760 1104 vidimus.
1800 1043 2122 1104 Secundam
2138 1086 2154 1116 ,
2195 1043 2333 1120 quia
2373 1044 2608 1104 Patrem
2621 1087 2639 1122 ,
2682 1057 2801 1120 qua
2838 1053 3005 1120 pater
3037 1053 3128 1102 est
3143 1088 3160 1116 ,
3193 1042 3318 1104 filio
3332 1042 3494 1120 prio-

576 1145 701 1186 rem
740 1142 869 1186 esse
909 1123 1245 1199 docuimus,
1286 1123 1662 1202 respicientes
1704 1142 1829 1184 non
1866 1123 1947 1182 ad
1989 1121 2271 1200 temporis
2285 1167 2302 1202 ‚
2347 1123 2456 1183 sed
2493 1124 2575 1184 ad
2615 1120 2856 1201 originis
2895 1121 3284 1201 prioritatem:
3325 1124 3381 1182 δι
3419 1122 3480 1181 in

578 1225 649 1266 ea
706 1222 831 1264 non
892 1202 971 1262 ad
1028 1201 1337 1263 essentiam
1352 1249 1369 1282 ‚
1428 1205 1535 1264 sed
1586 1204 1665 1264 ad
1717 1202 2224 1280 personalitatem:
2284 1219 2479 1280 neque
2518 1202 2678 1263 enim
2719 1203 2999 1280 essentia,
3041 1205 3160 1279 qua
3201 1201 3453 1264 essentia
3468 1245 3486 1279 ‚

578 1283 928 1362 principium
980 1283 1186 1362 habet,
1240 1284 1349 1343 sed
1392 1301 1647 1362 persona
1690 1283 1829 1362 filij,
1869 1284 1990 1359 qua
2027 1281 2226 1360 genita
2262 1283 2320 1342 δε
2358 1283 2540 1343 filiata
2584 1283 2690 1352 (sic
2729 1281 3018 1358 dicamus)
3059 1283 3241 1344 habet
3278 1280 3492 1360 princi-

574 1363 738 1442 pium
777 1383 815 1423 a
854 1373 1045 1440 patre,
1085 1362 1428 1442 essentiam,
1475 1363 1690 1441 vitam,
1730 1365 1841 1423 &c.
1883 1363 2224 1422 Secundum
2266 1362 2582 1423 essentiam
2622 1361 2822 1439 itaque
2860 1361 3042 1423 Filius
3069 1372 3159 1422 est
3181 1364 3458 1429 αῧτὸθεος
3477 1405 3494 1440 ,

576 1444 905 1506 secundum
942 1442 1419 1519 personalitatem
1456 1447 1493 1504 a
1530 1445 1723 1504 Patre.

666 1527 752 1583 16.
834 1522 1071 1613 Semper
1120 1532 1465 1598 generatum
1514 1525 1651 1583 cum
1705 1520 1955 1583 dicimus
1971 1566 1988 1600 ,
2042 1522 2370 1582 secundum
2408 1521 2726 1601 Augustini
2765 1523 2823 1582 δι
2863 1519 3136 1599 Gregorij
3178 1521 3464 1599 placitum

578 1603 705 1680 (qui
766 1614 828 1662 vt
884 1603 1037 1662 filius
1086 1621 1321 1680 semper
1370 1613 1679 1680 generatus
1717 1621 1847 1663 esse
1885 1603 2068 1678 quam
2109 1620 2343 1679 semper
2379 1600 2647 1680 generari
2686 1601 2982 1663 diceretur
3021 1603 3378 1678 maluerunt)
3417 1565 3494 1659 ad

580 1685 913 1760 aeternum,
955 1680 1382 1743 indesinentem
1400 1727 1417 1760 ,
1460 1683 1516 1741 δι
1564 1680 1689 1743 sine
1728 1681 2138 1759 successione,
2179 1683 2234 1740 δι
2274 1681 2664 1743 innouatione
2709 1681 3062 1742 continuum
3101 1679 3495 1758 generationis

582 1773 778 1823 actum
818 1762 922 1852 (de
962 1779 1084 1838 quo
1124 1761 1374 1838 egimus)
1414 1761 1789 1853 respicimus,
1830 1761 2159 1822 secundum
2201 1777 2380 1838 quem
2420 1761 2634 1822 Filium
2675 1779 2910 1839 semper
2949 1771 3298 1839 generatum
3338 1777 3495 1836 esse,

582 1860 848 1920 generari
861 1885 878 1920 ,
918 1840 974 1898 &
1014 1852 1355 1918 generatum
1392 1839 1463 1902 iri
1491 1845 1629 1902 vere
1670 1841 1789 1902 dici
1828 1851 2049 1919 potest:
2089 1840 2576 1918 quandoquidem
2615 1840 2928 1902 aeternitas
2951 1841 3308 1917 (absolutam
3331 1839 3493 1913 dico)

585 1917 1027 2059 interminallfilis
1068 1932 1187 1999 est,
1228 1921 1283 1980 &
1324 1920 1401 1980 ab
1440 1931 1577 1982 ante
1614 1922 1669 1980 δι
1707 1923 1746 1980 a
1785 1931 1920 1998 post
1958 1923 2046 1996 (vt
2086 1920 2408 1998 loquuntur
2447 1919 2807 1996 scholastici)
2848 1921 2903 1980 &
2942 1919 3068 1982 sine
3113 1919 3496 1981 innouatione

590 2011 721 2062 tota
756 2019 865 2060 sim
932 2045 947 2060 .

670 2097 762 2156 17.
840 2077 1193 2140 Distinctam
1253 2098 1383 2142 esse
1430 2083 1467 2140 a
1512 2092 1770 2158 persona
1807 2077 1988 2158 patris
2027 2097 2343 2158 personam
2385 2079 2514 2156 Filij
2556 2078 2810 2140 vidimus
2829 2123 2848 2158 ,
2889 2081 3027 2139 cum
3067 2076 3226 2138 illam
3265 2079 3342 2139 ab
3381 2079 3496 2136 hac

586 2158 959 2221 distinximus
995 2159 1257 2220 realiter:
1296 2164 1335 2220 a
1378 2159 1596 2238 Spiritu
1633 2159 1811 2221 etiam
1850 2161 2072 2220 Sancto
2113 2158 2454 2222 distinctam
2485 2179 2616 2222 esse
2635 2170 2763 2220 tum
2785 2157 3054 2236 superior
3075 2157 3282 2219 docuit
3301 2157 3496 2235 dispu-

588 2239 732 2300 tatio
746 2285 765 2318 ,
803 2252 930 2299 tum
969 2237 1146 2300 etiam
1185 2239 1427 2301 docebit
1465 2238 1515 2300 is
1530 2284 1547 2319 ,
1586 2240 1689 2316 qui
1728 2239 1804 2300 de
1844 2238 2063 2317 Spiritu
2103 2239 2321 2300 Sancto
2363 2251 2599 2300 acturus
2639 2251 2730 2300 est
2771 2238 3160 2318 singulariter.

675 2323 765 2379 18.
845 2319 1004 2378 Patri
1066 2321 1384 2394 ὁμοούσιον
1444 2339 1563 2380 esse
1620 2317 2083 2398 ostenderimus,
2133 2319 2183 2380 si
2225 2337 2359 2381 eum
2415 2337 2554 2380 cum
2592 2321 2765 2380 Patre
2805 2319 2861 2378 δι
2900 2319 3002 2397 Sp.
3043 2319 3263 2378 Sancto
3305 2316 3498 2376 solum

588 2400 785 2460 Deum
824 2417 955 2460 esse
992 2399 1490 2460 demonstremus:
1534 2399 1654 2460 hoc
1693 2397 2320 2479 demonstrauerimus,
2357 2416 2496 2461 cum
2526 2416 2734 2461 verum
2752 2401 2950 2460 Deum
2971 2417 3098 2460 esse
3119 2395 3498 2459 euicerimus:

588 2481 752 2541 Deus
810 2478 968 2539 enim
1026 2490 1228 2539 noster
1286 2480 1449 2540 Deus
1512 2496 1661 2541 vnus
1722 2490 1839 2539 est:
1905 2481 2084 2540 Deut.
2123 2482 2180 2540 6.
2220 2497 2276 2553 4.
2355 2482 2567 2539 Verum
2605 2488 2794 2539 autem
2836 2482 3030 2538 Deum
3071 2497 3190 2537 esse
3204 2522 3223 2555 ,
3263 2494 3388 2536 non
3427 2495 3500 2535 ex

590 2558 895 2637 omnibuS,
954 2559 1061 2621 sed
1114 2576 1187 2618 ex
1229 2558 1558 2636 praecipuis
1598 2576 1751 2636 quae
1790 2578 1863 2619 ex
1904 2557 2204 2636 Scriptura
2243 2560 2304 2619 S.
2347 2570 2625 2636 petuntur
2663 2556 3054 2637 argumentiS,
3095 2555 3501 2635 probauimus.

675 2658 766 2717 19.
845 2638 1107 2699 Primum
1162 2638 1361 2715 itaque
1419 2640 1537 2699 hoc
1590 2638 1953 2699 ostendimus
2005 2656 2080 2698 ex
2117 2636 2458 2699 nominibus
2495 2638 2746 2716 propriis
2760 2682 2777 2716 ,
2818 2637 3033 2715 quibus
3073 2655 3328 2713 persona
3368 2634 3496 2708 Filij

588 2718 651 2778 in
684 2720 741 2779 S.
785 2720 964 2779 Sacra
1000 2716 1339 2795 insignitur,
1381 2736 1505 2777 non
1543 2718 1655 2778 nisi
1692 2718 1777 2797 ei,
1822 2717 1925 2796 qui
1963 2720 2104 2779 vere
2145 2719 2310 2778 Deus
2353 2729 2439 2779 est
2479 2717 2984 2796 competentibus,
3007 2728 3070 2777 vt
3090 2719 3251 2793 puta.
3271 2732 3312 2775 1.
3332 2714 3500 2792 qued

590 2797 769 2857 Filius
808 2798 870 2858 in
911 2796 1210 2874 Scriptura
1244 2798 1596 2874 appellatur:
1635 2814 1831 2876 neque
1870 2796 2028 2858 enim
2067 2794 2432 2857 institutione
2446 2841 2466 2875 ,
2505 2808 2680 2876 prout
2700 2796 2902 2875 electi,
2923 2797 3036 2857 &c.
3055 2796 3237 2857 Filius
3257 2794 3498 2869 dicitur,

591 2876 699 2936 sed
750 2878 1003 2937 Natura:
1059 2876 1284 2935 Natura
1322 2880 1462 2935 vero
1506 2894 1641 2937 eum
1680 2876 1799 2937 dici
1838 2874 2025 2937 filium
2063 2895 2138 2936 ex
2177 2894 2250 2937 eo
2283 2876 2600 2955 euincitur,
2641 2876 2806 2953 quod
2847 2894 2970 2936 non
3011 2876 3280 2937 absolute
3317 2872 3498 2933 Filius

592 2954 834 3035 dicitur,
876 2955 982 3017 sed
1020 2958 1067 3013 Ι.
1110 2952 1414 3033 propriuS,
1453 2957 1627 3017 Rom.
1667 2958 1727 3017 8.
1780 2975 1875 3031 32.
1916 2955 2190 3032 proprius
2229 2966 2430 3016 autem
2465 2956 2616 3017 filius
2655 2956 2704 3015 is
2743 2966 2834 3015 est
2871 2954 2976 3032 qui
3015 2964 3223 3015 natura
3254 2964 3374 3012 est:
3399 2950 3501 3029 qui

593 3040 735 3095 vero
794 3034 1185 3111 institutione,
1242 3034 1486 3111 figurate
1542 3038 1737 3096 solum
1788 3034 1971 3096 Filius
2022 3034 2257 3095 dicitur.
2317 3038 2396 3095 Π.
2439 3035 2670 3096 Dicitur
2724 3034 3052 3112 vnigenitus
3067 3078 3084 3111 ,
3139 3035 3272 3094 Ioh.
3311 3053 3360 3091 1.
3409 3035 3497 3090 18.

592 3112 956 3175 institutione
994 3117 1137 3174 vero
1178 3111 1229 3173 si
1266 3112 1445 3173 Filius
1485 3125 1665 3187 esset,
1707 3133 1819 3175 nec
1858 3113 2090 3193 genitus
2105 3157 2122 3191 ,
2162 3112 2276 3174 nisi
2301 3113 2628 3191 aequiuoce
2644 3158 2662 3191 ,
2683 3132 2795 3174 nec
2821 3113 3154 3192 vnigenitus
3173 3114 3294 3172 vllo
3316 3110 3498 3170 modo

594 3202 762 3251 esset.
822 3194 931 3253 111.
970 3190 1202 3253 Dicitur
1242 3194 1434 3251 omnis
1476 3204 1775 3254 creaturae
1815 3192 2240 3271 primogenitus
2259 3236 2277 3269 ,
2325 3194 2450 3254 Col.
2495 3213 2549 3254 1.
2597 3208 2686 3270 15.
2727 3192 2904 3272 igitur
2929 3198 3248 3269 antequam
3265 3200 3499 3267 tempus

594 3271 658 3331 in
715 3272 1054 3331 aeternitate
1112 3270 1310 3348 coepit
1366 3272 1545 3332 fluere
1593 3271 1850 3351 genitus:
1906 3274 1985 3332 ab
2025 3282 2269 3332 aeterno
2309 3284 2507 3333 autem
2545 3272 2911 3333 institutione
2950 3272 3102 3332 filius
3141 3272 3336 3331 nullus
3373 3269 3497 3327 suit.

596 3350 724 3410 Nec
763 3352 959 3410 obstat
996 3348 1045 3409 si
1075 3349 1532 3426 primogenitum
1570 3352 1814 3429 figurate
1853 3348 2045 3429 dicas,
2077 3369 2188 3427 pro
2229 3370 2304 3411 eo
2341 3352 2444 3428 qui
2483 3351 2700 3429 primas
2737 3362 2932 3429 partes
2963 3360 3122 3412 tenet
3140 3350 3202 3411 in
3221 3347 3500 3409 creaturis

598 3428 896 3489 omnibus:
938 3430 1099 3487 hunc
1137 3428 1295 3489 enim
1334 3428 1625 3490 honorem
1660 3442 1825 3506 pater
1857 3429 2079 3490 nemini
2111 3428 2223 3490 nisi
2243 3428 2396 3489 Filio
2417 3430 2718 3507 vnigenito
2742 3430 2982 3509 largitus
3003 3443 3126 3509 est,
3145 3430 3339 3489 Hebr.
3369 3448 3419 3489 1.
3443 3442 3500 3505 5.

680 3528 775 3568 20.
851 3506 1085 3567 Deinde
1170 3507 1334 3584 quod
1391 3507 1609 3585 passini
1672 3508 1839 3589 lo'yo'c
1894 3510 2248 3585 appellatur:
2303 3527 2428 3569 non
2483 3510 2644 3569 enim
2681 3512 2876 3571 solum
2915 3520 3187 3589 respectu
3225 3507 3400 3583 officij
3443 3507 3499 3565 &

596 3586 1006 3665 operationum
1052 3552 1245 3646 :Amo
1286 3586 1502 3646 dicitur
1538 3591 1719 3649 relate
1732 3631 1751 3664 ,
1791 3586 2069 3648 videlicet
2109 3606 2226 3665 qua
2263 3605 2545 3649 arcanum
2584 3588 2698 3649 Dei
2735 3589 2917 3666 patris
2959 3590 3036 3649 de
3075 3598 3278 3649 nostra
3315 3589 3500 3646 salute

596 3666 906 3727 consilium
964 3662 1140 3725 nobis
1188 3666 1495 3744 reuelauit,
1545 3668 1814 3743 adeoque
1873 3667 2076 3727 omnia
2129 3668 2406 3727 mandata
2444 3679 2696 3746 paterna
2735 3667 3031 3746 exposuit:
3074 3684 3280 3728 verum
3321 3664 3498 3726 etiam

597 3755 863 3823 respectu
924 3756 1165 3805 naturae
1222 3745 1519 3823 absolute,
1581 3757 1644 3806 vt
1691 3745 1870 3822 patris
1920 3744 2146 3807 aeterni
2183 3756 2454 3807 aeternus
2507 3759 2596 3807 est
2635 3748 2844 3808 Filius:
2887 3746 3171 3824 sapientia
3209 3756 3362 3823 puta.
3393 3744 3499 3819 (sic

597 3826 835 3903 eadem,
876 3843 995 3901 qua
1030 3840 1223 3883 sermo
1263 3822 1487 3884 ratione
1526 3824 1765 3899 dicitur)
1802 3826 2095 3884 Prouerb.
2135 3826 2191 3883 8.
2238 3845 2330 3885 22.
2369 3828 2446 3887 ab
2486 3835 2728 3887 aeterno
2766 3847 2830 3886 se
2868 3825 3130 3904 genitam
3170 3842 3298 3886 esse
3326 3822 3496 3883 dicit:

596 3902 648 3961 si
682 3908 823 3963 vero
864 3902 1063 3981 genita
1077 3947 1094 3982 ,
1131 3906 1340 3962 natura
1378 3904 1508 3964 talis
1524 3948 1541 3983 ,
1582 3905 1637 3963 δι
1675 3905 1964 3964 absolute.
2023 3906 2332 3965 Praeterea
2360 3905 2408 3964 si
2441 3906 2624 3965 filium
2644 3908 2825 3966 relate
2847 3906 3038 3966 solum
3063 3908 3232 3985 λόγον
3249 3902 3498 3981 dixeris,

596 3993 697 4040 aut
734 3981 1029 4043 internum
1068 3982 1124 4041 &
1162 3983 1499 4043 absolutum
1540 4000 1875 4044 sermonem
1912 4002 2039 4043 non
2077 3984 2258 4044 habet
2276 3984 2440 4045 Deus
2453 4030 2470 4063 ,
2489 3995 2770 4065 tantoque
2789 3982 3180 4061 intelligentes
3199 3993 3500 4043 creaturae

595 4070 731 4119 sunt
770 4060 1219 4137 praestantiores
1262 4063 1453 4139 (quod
1491 4061 1664 4138 absit)
1703 4074 1970 4123 creatore
2007 4079 2115 4123 suo
2133 4108 2149 4137 .‚
2188 4062 2290 4138 qui
2329 4080 2466 4124 eum
2503 4065 2751 4125 habent:
2793 4074 2895 4123 aut
2933 4063 2982 4123 si
3004 4064 3300 4124 internum
3319 4063 3502 4123 habet

597 4138 699 4213 qui
734 4157 859 4199 non
897 4139 971 4200 sit
1008 4139 1217 4217 Filius,
1256 4142 1391 4201 Deo
1424 4142 1725 4201 sermones
1759 4141 1949 4219 reipsa
1982 4142 2102 4201 duo
2123 4149 2284 4221 sunt3
2305 4140 2558 4221 ideoque
2580 4146 2744 4203 Deus
2764 4162 2887 4203 non
2910 4152 2996 4202 est
3017 4142 3498 4220 simplicissimus,

676 4236 769 4275 21.
847 4218 1119 4294 Denique
1159 4218 1371 4278 dicitur
1408 4220 1604 4298 imago
1642 4219 1757 4280 Dei
1794 4218 2194 4298 inconspicui,
2242 4222 2362 4280 Col.
2410 4242 2461 4282 1.
2511 4238 2602 4299 15.
2646 4221 2870 4299 duplici
2909 4220 3152 4296 quidem
3191 4231 3496 4298 respectu:

596 4296 702 4356 sed
759 4314 831 4355 ex
889 4306 1139 4373 vtroque
1196 4306 1401 4357 natura
1458 4300 1571 4359 Dei
1620 4298 1830 4377 filium,
1880 4317 2200 4377 verumque
2239 4300 2296 4358 δι
2334 4310 2635 4361 aeternum
2675 4304 2872 4361 Deum
2911 4318 3040 4361 esse
3075 4299 3494 4362 concludimus

3135 4378 3492 4441 necessario.
