3923 4875
584 380 700 463 362
1418 398 1519 442 nn
1580 391 2014 442 Ponit-ut
2075 393 2338 442 Mosrs
2397 393 2683 441 ousta.

586 564 730 621 vero
750 604 771 637 ,
808 559 1150 638 exemplum
1184 562 1239 620 &
1280 557 1707 620 institutionem
1745 559 1874 621 aliis
1914 561 2335 621 exhibendam.
2375 557 2654 620 Similiter
2689 556 2791 636 qui
2811 568 2968 618 vetat
2987 557 3514 636 praestigiatricem

585 640 785 701 viuere
809 683 829 719 ,
867 639 1028 700 idem
1069 637 1187 700 alio
1234 639 1294 700 in
1334 641 1473 701 loco
1515 641 1693 700 finem
1734 637 2031 701 interdicti
2071 642 2342 718 exposuit
2381 639 2850 716 euidentissime,
2900 639 3136 699 dicens:
3183 639 3514 698 Abomina-

590 718 740 781 tioni
780 729 869 780 est
910 721 1172 780 Iehouae
1213 717 1481 797 quisquis
1515 718 1655 781 facit
1692 717 1831 780 ista:
1876 721 1933 781 δι
1973 730 2216 799 propter
2253 719 2726 780 abominationes
2765 719 2905 779 istas
2943 720 3168 779 Iehoua
3190 720 3352 779 Deus
3373 731 3512 778 tuus

586 798 826 878 expellit
864 810 1068 878 gentes
1112 799 1249 860 istas
1288 803 1325 859 a
1363 798 1513 860 facie
1552 809 1673 860 tua.
1712 801 1889 861 Deut.
1938 803 2030 860 18.
2081 821 2168 860 12.
2218 820 2310 876 13.
2351 803 2585 877 Integer
2624 808 2753 859 esto
2791 815 2930 858 cum
2953 799 3178 858 Iehoua
3209 800 3343 858 Deo
3363 809 3473 858 tuo
3489 845 3510 878 ,

592 883 705 941 ὅτε.
769 878 885 940 Ι-Ιίε
945 876 1163 940 etenim
1223 878 1421 940 verbis
1480 897 1604 940 non
1664 881 1917 941 obscure
1959 881 2325 940 demonstrat
2363 881 2528 940 Deus
2565 879 2646 938 ad
2682 879 2929 956 gloriam
2971 878 3061 937 sui
3098 877 3355 937 nominis
3371 923 3388 955 ,
3426 879 3510 938 ad

588 959 811 1038 gratiae
872 976 1011 1020 suae
1066 958 1705 1051 communicationem,
1764 961 1843 1022 ad
1904 961 2150 1020 salutem
2209 969 2502 1037 nostram,
2561 957 2618 1016 δε
2657 959 2736 1018 ad
2777 957 3298 1019 sanctificationem
3335 959 3512 1018 saluti

591 1039 892 1118 praeuiam
935 1036 1229 1117 pertinere
1268 1039 1645 1101 interdictum
1682 1041 1871 1120 istud,
1910 1043 1966 1100 δε
2007 1059 2119 1100 nos
2157 1040 2531 1118 acquiescere
2565 1036 2705 1097 huic
2735 1037 3048 1099 interdicto
3073 1048 3316 1116 propter
3344 1039 3508 1097 hunc

588 1121 773 1180 finem
813 1127 1107 1196 oportere.

668 1199 842 1274 Quae
887 1209 1084 1259 autem
1125 1198 1199 1260 de
1239 1197 1331 1258 his
1364 1201 1541 1261 rebus
1582 1200 1659 1260 ad
1690 1199 1972 1277 pietatem
2011 1198 2412 1278 spectantibus
2455 1201 2730 1263 dicuntur
2760 1218 2832 1260 ac
2859 1200 2976 1260 fine
2995 1196 3272 1275 ipsarum,
3293 1195 3506 1258 eadem

588 1295 829 1356 quoque
870 1278 1319 1340 accommodari
1353 1299 1599 1340 necesse
1638 1291 1728 1340 est
1767 1281 1997 1358 legibus
2037 1279 2164 1340 aliis
2193 1279 2272 1340 ad
2312 1281 2737 1343 humanitatem
2759 1281 2814 1340 &
2836 1276 3222 1356 posteriorem
3241 1277 3507 1337 tabulam

588 1359 777 1420 Mosis
834 1356 1285 1436 pertinentibus.
1345 1361 1503 1420 Nam
1544 1359 1811 1420 omnium
1845 1359 1996 1421 ratio
2038 1369 2127 1420 est
2164 1358 2403 1420 eadem:
2445 1379 2666 1443 nempe
2705 1371 2768 1421 vt
2807 1358 2896 1419 ius
2935 1370 3179 1418 naturae
3217 1358 3296 1417 ab
3338 1357 3508 1416 omni

588 1438 801 1499 iniuria
841 1437 1203 1517 perfidiaque
1245 1439 1557 1500 hominum
1598 1437 1928 1501 vindicetur
1947 1485 1968 1518 ,
2003 1440 2334 1500 secundum
2373 1441 2590 1518 gradus
2629 1443 2690 1502 in
2721 1449 2928 1502 natura
2966 1439 3094 1516 ipsa
3133 1436 3509 1497 constituto&

588 1520 745 1578 Nam
778 1529 1091 1596 parentum
1120 1517 1182 1578 in
1222 1517 1376 1580 filios
1418 1517 1728 1597 singularis
1765 1531 1855 1580 est
1892 1519 2242 1580 auctoritas:
2303 1538 2446 1598 ergo
2487 1520 2764 1601 singulari
2805 1520 2931 1580 iure
2971 1519 3286 1578 asserenda
3319 1517 3508 1576 vindi-

588 1599 931 1676 candaque:
970 1597 1220 1658 aliorum
1259 1598 1321 1659 in
1352 1601 1501 1660 alios
1535 1597 1868 1660 communis
1903 1610 1992 1660 εει
2012 1598 2331 1680 obligatio,
2365 1610 2648 1678 tanquam
2670 1605 2876 1663 fratres
2893 1609 3106 1658 natura
3122 1596 3474 1657 coniunctos
3491 1615 3510 1654 :

587 1679 837 1739 Tuenda
894 1696 1039 1755 ergo
1096 1679 1451 1757 germanitas
1512 1681 1567 1740 &
1628 1677 2004 1740 necessitudo
2043 1680 2300 1740 fraterna
2338 1679 2466 1740 illa:
2529 1680 2787 1758 denique
2829 1697 3000 1740 suum
3043 1677 3258 1754 cuique
3299 1696 3371 1736 ex
3411 1676 3510 1735 his

590 1757 732 1836 ipsis
781 1756 1063 1836 gradibus
1120 1759 1449 1836 praemium
1512 1756 1987 1837 suppliciumque
2043 1759 2450 1820 tribuendum:
2508 1760 2565 1821 ὅτ
2610 1761 2930 1822 videndum
2971 1777 3044 1818 ex
3084 1760 3244 1836 lege,
3293 1775 3367 1817 ne
3410 1773 3509 1814 τω

590 1836 765 1898 bonis
804 1835 942 1897 viris
982 1837 1197 1916 dignae
1228 1837 1517 1918 indignis,
1557 1847 1658 1898 aut
1695 1837 1973 1918 indignae
2015 1837 2208 1918 dignis
2249 1841 2646 1901 conserantur.
2689 1843 2858 1916 νόμοι
2899 1839 3008 1918 γάρ
3045 1835 3262 1913 (aiebat
3293 1837 3506 1908 Solon)

588 1917 952 1992 ἁληθὲςατοι
996 1920 1053 1976 οἱ
1086 1917 1478 1978 δικαιότατοι.
1539 1919 1637 1978 Ad
1676 1921 1840 1979 hunc
1877 1921 2059 1980 finem
2101 1919 2262 1998 leges
2297 1938 2506 1981 omnes
2547 1931 2816 2000 spectare
2857 1937 3009 1996 quae
3045 1916 3125 1976 ab
3163 1916 3506 1976 hominibus

588 1999 855 2057 feruntur
891 2006 980 2057 εει
1021 1996 1456 2073 aequissimum.

664 2075 1153 2138 Euidentissimus
1190 2087 1387 2138 autem
1428 2075 1695 2143 omnium
1734 2088 1825 2139 est
1860 2077 2032 2139 locus
2071 2078 2170 2140 ille
2213 2077 2431 2140 Mosis:
2493 2081 2696 2142 vnicus
2735 2081 2892 2139 testis
2931 2078 2994 2135 in
3053 2095 3394 2154 quemquam
3431 2093 3508 2133 ne

586 2158 819 2232 surgito
844 2165 973 2236 pro
1008 2158 1313 2234 iniquitate
1350 2159 1474 2219 vlla
1487 2203 1506 2236 ,
1548 2167 1658 2220 aut
1677 2169 1806 2238 pro
1836 2167 2068 2236 peccato
2109 2159 2224 2220 vllo
2239 2204 2256 2237 ,
2301 2160 2479 2219 Deut.
2531 2179 2620 2236 19.
2669 2177 2758 2238 15.
2817 2159 2972 2218 Nam
3014 2155 3122 2216 etsi
3163 2154 3303 2215 iuris
3345 2173 3508 2215 com-

591 2234 785 2296 munis
824 2246 945 2313 est,
987 2247 1051 2296 vt
1088 2235 1422 2314 iniquitates
1454 2239 1511 2297 δι
1551 2246 1826 2316 peccata:
1863 2255 2019 2317 quae
2033 2236 2276 2316 quidem
2299 2239 2754 2316 reprehensione
2774 2237 2954 2316 digna
2974 2247 3128 2314 sunt,
3152 2235 3509 2312 deferantur,

591 2326 943 2395 caueantur,
1003 2326 1185 2394 atque
1243 2316 1639 2395 corrigantur:
1704 2328 1903 2378 tamen
1965 2321 2128 2380 Deus
2185 2328 2430 2396 propter
2490 2318 2868 2380 iustissimum
2921 2319 3100 2376 finem
3141 2315 3508 2375 sanctissime

588 2395 745 2456 cauit
784 2413 858 2457 ac
898 2395 1383 2477 prudentissime,
1438 2415 1515 2459 ne
1553 2396 1761 2459 vnicus
1800 2396 1964 2459 testis
2004 2399 2064 2459 in
2105 2415 2464 2477 quemquam
2503 2409 2795 2479 surgeret,
2855 2414 2967 2476 pro
3007 2394 3344 2457 testimonio
3387 2393 3508 2455 dic-

587 2486 751 2535 turus
811 2476 891 2537 de
927 2475 1232 2554 iniquitate
1272 2479 1329 2539 δι
1371 2488 1621 2556 peccato
1664 2477 1833 2540 illius.
1894 2480 2003 2540 Est
2033 2478 2272 2558 quidem
2308 2480 2808 2557 pernecessarium
2821 2524 2838 2557 ,
2897 2486 2962 2537 vt
3003 2478 3244 2536 tollatur
3283 2477 3507 2535 malum

589 2555 667 2615 de
707 2554 911 2617 medio
952 2556 1171 2617 nostri:
1211 2558 1319 2617 sed
1358 2558 1473 2619 alia
1516 2568 1607 2619 est
1644 2557 1793 2619 ratio
1834 2558 2068 2619 latentis
2111 2569 2214 2619 aut
2255 2558 2521 2638 obscuri,
2563 2560 2679 2620 alia
2696 2556 2990 2637 comperti
3010 2554 3182 2635 mali,
3215 2555 3265 2616 si
3285 2558 3506 2616 malum

586 2645 687 2694 aut
727 2636 902 2713 plane
942 2638 1149 2713 lateat,
1189 2646 1291 2697 aut
1328 2638 1431 2699 vni
1469 2640 1661 2699 solum
1702 2636 1868 2716 testi,
1906 2649 2012 2699 aut
2045 2637 2312 2718 pluribus
2351 2650 2722 2717 compertum
2763 2638 2855 2701 sit.
2897 2636 3037 2715 quia
3077 2636 3124 2697 si
3165 2635 3332 2695 cuius
3369 2634 3510 2694 mali

589 2714 763 2775 nullis
815 2714 977 2777 testis
1036 2726 1153 2793 est,
1209 2716 1425 2779 nullius
1463 2720 1767 2796 praeterea
1804 2720 2040 2778 laborat
2076 2717 2463 2779 conscientia:
2513 2721 2657 2781 latet
2696 2718 2874 2781 enim.
2909 2718 2958 2778 si
2998 2716 3166 2797 cuius
3207 2726 3406 2775 autem
3437 2716 3504 2790 (f.

595 2798 771 2873 1507)
810 2796 951 2857 mali
993 2796 1201 2858 vnicus
1243 2797 1408 2857 testis
1449 2808 1537 2859 est
1550 2843 1569 2877 ,
1610 2799 1843 2859 laborat
1884 2798 2127 2877 quidem
2166 2798 2318 2859 illius
2358 2798 2745 2876 conscientia,
2787 2798 2893 2860 sed
2929 2796 3330 2857 inconsultum
3352 2797 3506 2855 foret

586 2875 759 2935 vnius
820 2874 1001 2937 solius
1060 2875 1320 2938 hominis
1379 2878 1777 2939 conscientiae
1836 2876 2098 2957 permitti
2137 2876 2319 2939 vitam
2359 2879 2625 2940 alterius:
2681 2897 2824 2939 narn
2864 2876 2973 2938 etsi
3009 2878 3130 2937 hoc
3167 2894 3292 2935 non
3330 2876 3506 2953 plane

587 2954 759 3033 latet,
824 2958 1147 3017 obscurum
1180 2955 1309 3017 aliis
1350 2968 1439 3018 εει
1478 2969 1706 3036 tamen3
1766 2957 1828 3017 in
1870 2960 2045 3020 rebus
2085 2968 2282 3019 autem
2321 2959 2588 3020 obscuris
2627 2957 3137 3031 interpretationes
3172 2954 3508 3033 iudiciaque

588 3034 844 3113 benigna
904 3047 1040 3096 sunt
1100 3037 1533 3114 amplectenda.
1615 3036 1777 3098 Finis
1818 3056 1964 3116 ergo
2003 3037 2167 3098 istius
2209 3038 2354 3115 legis
2395 3049 2514 3117 est,
2576 3058 2700 3100 non
2731 3048 2795 3098 vt
2833 3040 3053 3098 feratur
3089 3034 3365 3113 iniquitas
3403 3043 3507 3093 aut

588 3126 902 3191 peccatum
943 3115 1290 3193 cuiusquam
1333 3116 1703 3197 simpliciter,
1744 3118 1853 3179 sed
1890 3117 2088 3195 potius
2127 3128 2191 3177 vt
2231 3116 2386 3178 vitae
2423 3120 2718 3180 humanae
2757 3118 3045 3179 habeatur
3083 3114 3231 3176 ratio
3265 3115 3507 3193 diligen-

587 3193 840 3271 tissime,
878 3213 957 3256 ne
996 3213 1255 3274 vnquam
1300 3198 1658 3275 periclitetur
1696 3200 1944 3269 temere,
1987 3217 2133 3273 nec,
2171 3195 2282 3258 nisi
2315 3208 2481 3259 certo
2500 3200 2922 3277 exploratoque
2943 3196 3192 3275 iudici0,
3227 3194 3506 3271 cuiquam

586 3274 899 3335 adimatur.
960 3277 1099 3337 Non
1141 3287 1293 3337 esset
1332 3288 1531 3338 autem
1570 3286 1797 3338 certum
1842 3279 2330 3356 exploratumque
2363 3280 2622 3338 futurum
2661 3278 2943 3338 iudicium
2985 3275 3163 3353 illud,
3216 3274 3382 3335 cuius
3425 3274 3508 3333 in-

586 3365 747 3415 certa
800 3355 1096 3446 cognitio:
1158 3375 1274 3416 nec
1337 3366 1501 3417 certa
1556 3358 1750 3418 futura
1789 3358 2082 3435 cognitio,
2147 3356 2196 3417 si
2233 3359 2311 3417 ab
2346 3378 2468 3419 vno
2508 3361 2700 3419 solum
2741 3368 2887 3419 teste
2925 3356 3307 3436 procederet:
3364 3353 3506 3432 quia

586 3452 735 3493 vnus
776 3445 938 3496 testis
978 3438 1065 3511 (vt
1104 3434 1319 3497 dicitur
1356 3438 1561 3516 vulgo)
1602 3440 1797 3498 nullus
1837 3437 2019 3499 ιεειίε.
2061 3438 2258 3513 Quem
2299 3456 2480 3499 vnum
2523 3448 2730 3499 testem
2759 3456 2896 3498 cum
2918 3436 3119 3497 animo
3139 3453 3248 3495 suo
3269 3443 3505 3513 oportet

586 3525 841 3575 statuere
860 3561 879 3594 ,
917 3518 956 3575 a
994 3516 1129 3576 Deo
1172 3515 1459 3595 supprimi
1497 3527 1811 3596 peccatum
1852 3518 1909 3577 &
1949 3516 2352 3595 cognitionem
2394 3518 2580 3593 illius,
2619 3517 2670 3577 si
2709 3518 2904 3595 plures
2944 3536 3067 3578 non
3108 3526 3242 3575 sunt
3260 3512 3507 3589 conscij,

585 3613 657 3654 ac
696 3598 1010 3673 propterea
1050 3596 1130 3655 de
1169 3596 1489 3674 retegendo
1528 3596 2016 3675 persequendove
2055 3596 2250 3657 alieno
2292 3599 2449 3658 sacto
2489 3596 2779 3675 laborari,
2819 3600 2959 3657 cum
2994 3596 3146 3657 illius
3187 3592 3326 3655 facti
3362 3612 3502 3671 cog·

584 3672 877 3734 nitionem
917 3684 1249 3752 praeuertat
1287 3677 1481 3751 DeuS,
1526 3679 1604 3737 ab
1645 3675 1776 3756 ipso
1816 3676 2057 3737 minime
2097 3688 2390 3755 oportere.

662 3754 841 3815 Thes.
891 3773 981 3831 13.
1022 3754 1150 3815 His
1189 3758 1373 3815 trabas
1412 3758 1597 3817 modis
1636 3774 1789 3834 quos
1820 3757 2106 3818 hactenus
2123 3757 2530 3837 exposuimus,
2552 3756 2796 3835 perinde
2828 3760 3040 3837 species
3057 3758 3248 3831 legum
3267 3752 3506 3830 expende

583 3835 755 3911 solet,
796 3837 992 3896 mrim:
1030 3836 1212 3895 bonae
1250 3836 1397 3915 sint,
1438 3856 1519 3895 an
1557 3838 1749 3897 malae
1762 3882 1780 3915 ,
1818 3856 1891 3898 ac
1928 3838 2246 3898 momentis
2279 3837 2756 3916 ponderibusque
2796 3855 2890 3897 res
2930 3854 3036 3896 eae
3066 3854 3217 3914 quae
3237 3831 3505 3912 pondere

583 3922 859 3973 constant
918 3915 996 3975 ad
1052 3915 1331 3975 trutinam
1372 3917 1627 3995 expendi
1668 3918 1897 3977 solent:
1965 3918 2045 3976 Et
2083 3917 2590 3994 quemadmodum
2629 3934 2907 3977 nummus
2949 3917 3401 3993 περιχάρακτος,
3439 3909 3504 3970 id

583 4002 699 4070 est,
759 3992 989 4055 accisus
1046 3997 1103 4056 ὅτ
1164 3994 1420 4056 minutus
1480 3997 1747 4075 pondere
1794 3996 1872 4057 ad
1934 3994 2152 4057 iustum
2211 4014 2383 4057 suum
2431 3996 2896 4075 aequipondium
2953 3994 3366 4072 cognoscitur,
3424 3992 3505 4050 ita

581 4071 759 4133 etiam
818 4074 910 4134 his
970 4074 1167 4136 modis
1222 4075 1519 4137 humanae
1574 4076 1753 4155 leges.
1798 4078 1953 4137 Nam
1993 4076 2202 4137 harum
2242 4079 2439 4155 legum
2481 4096 2581 4137 eae
2619 4084 2919 4137 censentur
2958 4075 3156 4150 bonae,
3195 4090 3344 4149 quae
3381 4074 3506 4131 tria

580 4152 722 4212 haec
761 4162 1045 4215 momenta
1092 4158 1431 4217 coniunctim
1469 4158 1748 4217 obtinent:
1790 4158 1993 4217 contr&
2031 4158 2170 4218 verb
2209 4158 2399 4215 malae
2436 4158 2724 4217 habentur
2762 4176 2861 4216 eae
2874 4200 2893 4235 ,
2946 4154 3024 4214 ἂν
3063 4155 3255 4212 malae
3289 4169 3506 4209 reuera

579 4242 735 4308 sunt,
776 4252 927 4310 quae
964 4236 1357 4295 destituuntur
1392 4238 1489 4297 vel
1520 4257 1633 4299 vno
1671 4239 1930 4297 illorum.
1973 4238 2052 4296 Et
2091 4236 2142 4296 si
2182 4236 2476 4297 interdum
2515 4236 2581 4296 in
2619 4236 2848 4314 leg-ibus
2880 4234 3180 4307 humaniS,
3219 4229 3503 4309 quemad·

579 4312 829 4373 modum
873 4316 929 4375 &
968 4313 1313 4394 actonibus,
1355 4316 1500 4375 illud
1540 4334 1649 4377 vsu
1692 4317 1883 4395 uenit,
1924 4326 1988 4377 vt
2026 4316 2327 4377 obiectum
2369 4320 2424 4377 δε
2473 4316 2603 4376 finis
2648 4334 2850 4375 earum
2892 4314 3050 4375 idem
3090 4310 3336 4373 omnine
3357 4308 3502 4385 sint,

579 4393 635 4449 &
690 4411 784 4454 res
837 4413 953 4453 vna
1006 4395 1335 4470 eademque
1381 4394 1455 4454 sit
1492 4394 1754 4456 eiusdem
1795 4396 1941 4474 legis
1981 4407 2084 4457 aut
2121 4396 2368 4457 actionis
2408 4398 2701 4457 humanae
2739 4393 3038 4455 obiectum
3078 4395 3137 4532 ἐξ
3171 4389 3339 4530 tf'mis’
3395 4388 3503 4527 {ed

3121 4490 3168 4531 is
3195 4488 3405 4549 lnguan
3433 4484 3504 4527 ur
