3923 4875
611 374 726 435 ²54
1532 371 1858 418 russas
1917 369 2573 419 rnnonoorcan.

603 554 720 612 que
757 537 824 596 fit
861 539 918 596 &
957 537 1206 596 habetur
1239 547 1362 595 rata
1403 553 1509 612 per
1546 533 1863 610 internam:
1908 537 1965 596 &
2005 533 2107 611 qui
2145 533 2409 612 legitime
2440 533 2503 595 in
2520 531 2691 596 terris
2710 539 2743 595 ὲ
2765 535 3191 598 communione
3210 539 3525 600 Ecclesiae

601 614 943 693 eiiciantur,
983 613 1142 676 iuxta
1180 614 1632 693 promissionem
1674 613 1915 686 Christi,
1963 633 2301 693 quacunque
2336 617 2669 692 ligaueritaek
2707 617 2773 674 in
2809 615 3006 691 terrd,
3027 626 3205 677 erunt
3230 619 3425 694 ligata
3457 623 3523 679 in

601 699 772 757 coelo.
816 697 1036 756 Matth.
1085 699 1172 756 18.
1219 699 1308 756 18.
1349 696 1427 755 16.
1471 713 1553 773 19.
1593 695 1766 754 Ioan.
1811 714 1904 755 2o.
1945 713 2040 771 23.
2101 693 2208 754 Est
2246 706 2449 756 autem
2491 697 2639 756 haec
2679 692 2891 756 eiectio
2932 713 3055 756 non
3096 697 3369 758 absoluta
3414 698 3525 759 sed

600 774 1017 838 conditionalis
1031 821 1048 852 ,
1090 774 1310 836 scilicet
1349 775 1496 853 nisi,
1537 773 1821 852 tantisper
1861 774 2008 834 dum
2048 773 2399 836 interueniat
2442 774 2841 853 resipiscentia
2855 817 2874 852 ,
2930 773 3051 851 qua
3092 772 3523 839 interueniente

599 859 1147 918 excommunicatae
1197 852 1572 932 recipiendus
1631 863 1722 915 est
1739 899 1757 932 ,
1799 872 1876 914 ne
1915 855 1999 916 ob
2040 853 2244 916 veniae
2278 873 2448 933 spem
2480 854 2807 933 praecisam
2846 853 3077 916 tristitia
3116 857 3523 920 absorbeatur.

605 956 662 998 2.
729 939 864 997 Gor.
915 938 980 1012 (f.
1039 943 1186 1011 1721)
1240 954 1294 996 2.
1350 953 1402 1011 7.
1466 935 1644 996 Vnde
1703 933 1999 1028 sequitur,
2060 936 2388 996 secundum
2448 935 2981 996 immutabilitatem
3034 934 3373 1015 electionis,
3417 957 3523 1015 pet

599 1027 902 1078 externam
959 1013 1264 1076 Ecclesiae
1321 1013 1996 1076 excommunicationem
2057 1016 2280 1076 electos
2320 1033 2445 1076 non
2482 1015 2753 1077 desinere
2788 1033 2919 1075 esse
2960 1017 3232 1078 membra
3270 1015 3521 1096 Christi,

597 1095 868 1175 quamuis
925 1095 1006 1156 ad
1063 1106 1296 1174 tempus
1357 1095 1610 1175 ἀτροφίᾳ
1666 1093 1998 1176 laborantia
2015 1139 2034 1173 ,
2096 1105 2156 1156 et
2212 1097 2417 1172 quoad
2474 1094 2597 1156 vim
2646 1107 2706 1156 et
2746 1093 3074 1156 efficaciam
3112 1094 3353 1174 spiritus
3393 1115 3521 1159 non

602 1175 848 1238 virentia
885 1175 1002 1236 sint
1039 1177 1324 1252 membra,
1363 1174 1588 1235 nedum
1624 1172 1946 1236 fructifera.

689 1276 778 1317 12.
860 1257 1030 1316 Παίς
1065 1253 1514 1316 Ecclesiasticae
1555 1253 1728 1315 huius
1767 1252 2111 1331 disciplinae
2148 1263 2239 1316 est
2274 1253 2529 1346 duplex,
2562 1253 2901 1317 communis
2918 1255 2977 1314 &
2996 1254 3331 1334 singularis.
3356 1259 3517 1317 Gom-

601 1339 790 1396 mum‘s
829 1346 919 1396 est
957 1334 1072 1396 Dei
1111 1334 1335 1414 gloriae
1369 1331 1611 1395 assertio
1625 1379 1643 1414 ,
1685 1343 1747 1395 vt
1792 1353 1841 1394 1.
1883 1351 2025 1395 cum
2064 1335 2426 1396 contumelia
2468 1336 2525 1395 81
2566 1333 3075 1413 blasphematione
3116 1333 3304 1396 diuini
3336 1335 3527 1396 nomi·

601 1417 694 1478 nis
730 1416 884 1477 inter
923 1416 1193 1477 membra
1237 1411 1540 1476 Ecclesiae
1561 1433 1684 1475 non
1704 1424 2086 1476 numerentur
2106 1413 2173 1491 ij,
2196 1413 2301 1492 qui
2330 1426 2565 1492 turpem
2585 1415 2643 1475 81
2661 1415 3075 1476 scandalosam
3096 1413 3279 1475 vitam
3298 1425 3521 1494 agunt:

609 1519 658 1557 1.
705 1499 840 1558 Gor.
877 1511 932 1572 5.
981 1515 1030 1555 1.
1070 1495 1243 1555 Rom.
1290 1515 1343 1556 2.
1392 1513 1481 1567 14.
1523 1495 1750 1555 lescha.
1795 1509 1888 1572 52.
1934 1509 1990 1572 5.
2031 1495 2289 1555 lechesk.
2332 1497 2429 1570 36.
2474 1513 2566 1572 23.
2615 1515 2667 1556 2.
2712 1493 3163 1573 impoenitentes
3198 1495 3527 1556 reddantur

599 1579 1044 1656 ἀναπολόγητοι.
1081 1575 1427 1651 Singularis
1459 1585 1550 1634 est
1583 1573 1886 1636 Ecclesiae
1919 1575 2076 1635 salus
2091 1619 2110 1652 ,
2151 1584 2215 1635 vt
2262 1595 2285 1633 1
2298 1621 2311 1634 .
2354 1585 2738 1636 contumaces
2777 1574 3009 1654 pudore
3050 1572 3255 1635 suffusi
3295 1574 3525 1653 resipis·

600 1666 740 1716 cant
779 1657 836 1716 &
876 1654 1142 1734 castigati
1188 1653 1419 1714 discant
1461 1671 1583 1714 non
1649 1672 1932 1732 peccare,
2001 1673 2049 1712 1.
2100 1657 2232 1714 θον.
2279 1671 2334 1732 5.
2370 1671 2426 1732 5.
2470 1673 2524 1714 2.
2576 1656 2746 1715 Thes.
2786 1675 2843 1732 3.
2892 1673 2985 1728 14.
3032 1673 3083 1714 1.
3132 1655 3283 1714 Tim.
3333 1674 3383 1716 1.
3428 1675 3523 1716 20.

601 1737 790 1796 Iudae
847 1751 904 1794 v.
951 1753 1044 1810 ²3·
1085 1753 1224 1794 nam
1265 1731 1496 1794 vexatio
1537 1735 1626 1810 (vt
1667 1733 1854 1809 aiunt)
1895 1734 1998 1794 dat
2040 1734 2422 1794 intellectum.
2470 1753 2525 1796 2.
2562 1733 2849 1813 exemplis
2890 1735 2948 1795 &
2988 1732 3173 1794 nimia
3213 1745 3524 1795 consuetu-

602 1813 740 1876 dine
785 1816 1076 1874 malorum
1119 1813 1264 1874 boni
1303 1832 1428 1874 non
1467 1825 1946 1891 corrumpantur,
1996 1833 2046 1874 1.
2094 1815 2232 1872 Cor.
2277 1830 2331 1891 5.
2372 1816 2430 1875 6.
2476 1832 2533 1890 7.
2583 1831 2673 1892 15.
2715 1833 2817 1892 33.
2852 1831 2992 1874 nam
3032 1816 3121 1890 (vt
3168 1813 3251 1874 ait
3289 1817 3521 1892 Augus·

599 1895 773 1956 tinus.
825 1895 926 1954 De
977 1903 1204 1970 correp.
1246 1894 1324 1953 ὁ·
1355 1903 1526 1969 grat.
1567 1914 1616 1956 c.
1665 1897 1778 1972 15.)
1821 1894 2161 1954 Pastoralt's
2200 1896 2507 1954 necessitas
2547 1897 2743 1973 habet,
2782 1914 2856 1954 ne
2887 1903 3001 1970 per
3022 1895 3242 1972 plures
3278 1904 3525 1972 ser-pant

601 1977 740 2034 dira
797 1976 1094 2051 contagia,
1135 1984 1424 2053 separare
1467 1975 1544 2034 ab
1594 1973 1798 2034 ouibus
1835 1975 2000 2034 sanis
2039 1973 2395 2051 morbidam,
2436 1975 2513 2033 ab
2552 1975 2654 2035 illo
2670 2019 2689 2053 ,
2728 1977 2828 2034 cui
2856 1975 3019 2034 nihil
3048 1981 3139 2035 est
3172 1974 3523 2054 impossibile

599 2053 734 2134 tpsd
758 2055 1032 2131 forsitan
1073 2055 1442 2130 separatione
1478 2055 1830 2115 sanandam.
1870 2071 1929 2130 3.
1972 2053 2068 2128 alij
2110 2053 2171 2112 in
2210 2053 2415 2115 officio
2456 2052 2903 2131 conducantur,
2944 2055 3003 2114 &
3040 2055 3079 2114 a
3108 2054 3373 2148 peccatis
3390 2055 3519 2115 abs·

599 2143 942 2196 terreantur.
1003 2153 1052 2194 1.
1103 2134 1254 2194 Tun.
1297 2149 1352 2212 5.
1397 2151 1490 2193 20.
1533 2135 1914 2194 Sacramenta
1953 2136 2010 2194 &
2049 2134 2271 2212 ἀγάπα
2312 2151 2439 2195 11011
2480 2135 2822 2212 polluantur
2840 2134 2896 2193 &
2916 2131 3003 2194 ira
3023 2134 3142 2194 Dei
3158 2133 3523 2195 accendatur

597 2231 640 2275 1.
685 2215 822 2275 Cor.
866 2233 956 2274 10.
1004 2233 1093 2274 21.
1145 2233 1238 2275 22.
1281 2230 1344 2274 11.
1394 2215 1490 2274 28.
1535 2233 1630 2292 29.
1673 2215 1880 2274 Iudae.
1920 2233 1975 2274 v.
2020 2231 2111 2274 12.

1899 2373 2255 2433 Corollaria.

681 2539 728 2596 1.
807 2532 1042 2595 Tertiae
1101 2537 1157 2596 81
1199 2542 1493 2595 extremae
1547 2531 2199 2595 Excommunicationis
2212 2579 2231 2609 ,
2287 2550 2467 2613 quam
2524 2532 2786 2595 Rabbini
2822 2534 3169 2594 Schemotlta
3206 2538 3289 2610 (q.
3334 2534 3397 2594 d.
3436 2532 3519 2595 ibi

601 2635 790 2689 mors,
833 2613 1149 2691 interprete
1189 2613 1321 2674 Elia
1359 2612 1568 2674 Leuita
1604 2616 1668 2674 in
1717 2614 1941 2689 Istis-b.)
1982 2615 2038 2674 &
2060 2612 2273 2673 Paulus
2294 2632 2368 2673 ex
2387 2612 2703 2675 traditione
2724 2614 2935 2692 procul
2953 2612 3141 2673 dubio
3166 2614 3521 2676 Iudaeorum

595 2694 924 2775 μωρὸν-ἀθά
967 2696 1052 2772 ((1.
1096 2695 1157 2755 d.
1198 2692 1476 2755 dominus
1519 2692 1708 2769 venit,
1749 2710 1788 2753 1.
1837 2697 1970 2753 Oor.
2020 2694 2109 2753 16.
2160 2697 2279 2769 22.)
2309 2694 2641 2772 appellant,
2665 2704 2767 2753 aut
2787 2694 2981 2753 nullus
3002 2695 3167 2768 (cum
3188 2694 3519 2769 Chrysost.)

597 2785 698 2835 aut
736 2791 900 2834 rarus
941 2792 1077 2835 vsus
1115 2784 1206 2835 est
1242 2772 1668 2851 admittendus,
1712 2772 1851 2850 quia
1889 2783 2119 2835 tantum
2158 2770 2440 2851 infligitur
2480 2775 2563 2835 ob
2602 2784 2912 2851 peccatum
2953 2772 3016 2833 in
3058 2771 3343 2851 Spiritum
3360 2774 3422 2834 S.
3442 2772 3518 2832 de

599 2872 722 2933 quo
765 2872 886 2915 non
929 2866 1150 2915 temere
1189 2873 1262 2914 ac
1303 2872 1425 2913 non
1465 2853 1574 2914 nisi
1613 2857 1650 2913 a
1687 2853 1999 2931 posteriori
2040 2854 2099 2912 in
2141 2870 2505 2932 quemquam
2548 2853 2844 2915 viuentem
2885 2852 3391 2931 pronuntiandum
3410 2862 3517 2927 est,

596 2938 736 2995 cum
775 2954 900 2995 non
939 2932 1198 2995 cuiusuis
1260 2932 1336 2993 sit
1375 2931 1520 2994 illud
1567 2933 1925 2994 discernere.

675 3016 754 3074 II.
837 3012 1163 3091 Disciplina
1201 3011 1612 3073 Ecclesiastica
1651 3032 1776 3073 non
1815 3024 1904 3075 est
1944 3022 2088 3073 nota
2126 3012 2369 3089 propria
2412 3012 2742 3090 Ecclesiae,
2784 3016 2823 3073 a
2865 3030 2983 3090 qua
3020 3010 3284 3089 separari
3303 3021 3526 3091 potest,

595 3096 758 3155 salua
814 3092 940 3153 eius
996 3092 1348 3168 substantia3
1407 3112 1534 3153 non
1573 3092 1734 3154 enim
1771 3093 1852 3153 ad
1891 3112 2020 3153 esse
2038 3138 2051 3160 ‚
2094 3092 2202 3151 sed
2242 3094 2321 3153 ad
2365 3094 2517 3154 bene
2559 3112 2688 3153 esse
2733 3092 3067 3169 Ecclesiae,
3110 3092 3342 3168 absque
3382 3091 3519 3167 illa,

599 3172 646 3235 si
708 3192 832 3233 non
889 3172 1118 3251 subito,
1157 3172 1378 3233 sensim
1417 3184 1649 3249 tamen,
1689 3172 1973 3247 ruiturae,
2020 3184 2106 3232 est
2146 3172 2514 3246 necessaria,
2556 3192 2695 3233 nam
2736 3173 2986 3238 εὐταξία
3028 3180 3119 3232 est
3159 3190 3357 3232 rerum
3394 3190 3521 3231 om-

601 3252 764 3394 niuim
803 3252 1236 3331 conseruatrix,
1278 3254 1334 3313 &
1375 3253 1501 3314 sine
1541 3270 1610 3313 011
1651 3262 1805 3313 stare
1846 3251 1950 3313 diu
1988 3270 2113 3313 non
2155 3263 2353 3331 potest
2390 3252 2742 3331 quicquam,
2786 3250 2894 3312 nisi
2934 3250 3404 3313 extraordinaria
3420 3270 3521 3311 ac·

602 3352 672 3395 00
717 3343 778 3394 at
817 3332 933 3394 Dei
971 3332 1154 3394 actio.

1884 3538 2263 3549 ψ-

976 3716 1256 3778 XLVHI.
1315 3715 1448 3777 DE
1506 3714 2171 3777 MINISTERIO
2235 3712 3143 3777 ECCLESIASTICO.

690 3898 1039 3965 Ecclesiae
1084 3906 1277 3962 notas
1294 3946 1310 3973 ,
1350 3905 1752 3980 potestatem
1799 3898 1922 3961 &a
1970 3893 2354 3979 dignoscere
2412 3916 2541 3960 non
2581 3894 2933 3980 sufficeret
2951 3944 2965 3971 ,
3030 3914 3146 3958 nec
3187 3890 3527 3957 admodum

603 3993 764 4058 vsui
807 4000 1012 4068 esset,
1059 3988 1204 4054 nisi
1249 3988 1819 4052 constituerentur
1864 3986 2140 4070 quidam
2186 3986 2423 4071 quibus
2470 4006 2709 4050 earum
2742 3984 3255 4050 administratio
3278 3983 3528 4047 incum-

602 4085 781 4149 beret
797 4134 813 4163 ‚
854 4086 923 4147 &
968 4080 1266 4164 regimen
1311 4078 1637 4164 quoddam
1682 4088 2036 4141 externum
2086 4078 2160 4141 in
2198 4077 2511 4141 Ecclesia
2542 4076 2815 4141 visibili
2836 4085 3008 4140 esset
3026 4126 3041 4154 ,
3066 4098 3186 4162 quo
3210 4085 3529 4159 tanquam

603 4176 1051 4238 instrumento
1097 4170 1422 4246 omnibus,
1473 4170 1532 4233 &
1581 4168 1874 4253 singulis
1925 4168 2275 4233 Ecclesiae
2320 4168 2629 4232 membris
2682 4167 2992 4232 thesauri
3038 4168 3159 4233 illi
3178 4164 3531 4229 distribue-

605 4275 880 4329 rentur:
929 4264 1074 4327 ideo
1108 4271 1273 4345 post
1316 4260 1533 4325 theses
1570 4259 1996 4343 generaliter
2042 4259 2122 4323 de
2170 4258 2264 4323 iis
2308 4280 2468 4344 quae
2512 4258 2613 4322 ad
2644 4258 3024 4323 Ecclesiam
3062 4258 3333 4342 positas
3352 4306 3369 4333 ,
3390 4256 3529 4321 iam

607 4356 688 4420 de
729 4353 1124 4421 Minis-torio
1169 4350 1684 4429 Ecclesiastico,
1731 4373 1886 4419 vero
1929 4350 2057 4417 illo
2104 4350 2319 4416 medio
2335 4398 2353 4426 ,
2397 4348 2629 4416 acturi
2666 4370 2919 4416 sumus.
3136 4435 3317 4498 Minis
3410 4435 3421 4447 ⁸

3318 4446 3529 4498 tenum
