3923 4875
620 371 735 451 336

612 550 828 628 perdit,
889 551 944 608 &
1003 545 1407 625 grauissimam
1457 545 1727 610 iniuriam
1780 551 1917 611 facit
1958 549 2092 624 Deo
2146 549 2418 628 vocanti,
2471 547 2804 632 Ecclesiae,
2854 550 3020 615 cuius
3075 573 3254 616 causa
3295 565 3546 617 vocatus

612 643 729 702 est,
791 633 845 690 &
909 627 1210 690 vocationi
1268 647 1406 690 suae
1460 633 1561 688 διά
1612 641 1711 707 τῆς
1758 638 2307 714 πολυπραγμοσύνης
2360 641 2456 693 καὶ
2509 636 3066 715 ἀλλοτριοπραγὶας,
3109 640 3146 712 ἢ
3182 641 3532 712 φιλοτιμίας

610 713 913 790 ἁκορὲςου.
958 710 1107 769 Sunt
1145 728 1295 788 quos
1332 710 1492 770 iuuat
1534 713 1821 788 δεκασμὸς
1863 713 2208 788 impudens,
2251 731 2552 792 nunquam
2595 717 2992 788 subducturos
3033 717 3109 776 ab
3153 735 3228 776 eo
3266 734 3546 794 manum,

612 789 725 850 nisi
778 807 950 849 crura
1007 794 1097 866 (vt
1143 792 1337 850 aiebat
1388 791 1645 871 Tullius)
1700 792 2042 870 frangantur
2079 792 2253 870 ipsis:
2297 813 2448 872 quos
2488 795 2789 868 homineS,
2843 807 2905 855 vt
2945 797 3158 855 noxiae
3197 815 3302 873 par
3343 815 3549 873 poena

612 870 687 930 sit
726 870 915 946 (quod
968 869 1115 930 olim
1153 887 1263 931 xn.
1304 873 1649 947 canebatur)
1691 871 1817 933 otio
1855 882 2145 951 perpetuo
2189 873 2454 935 damnari
2498 876 2691 935 velim.
2754 876 2872 935 Sed
2911 895 2989 935 an
3027 880 3343 955 propterea
3383 876 3547 936 viros

612 950 843 1028 bonoS,
896 951 1214 1012 vocatione
1274 950 1625 1028 instructOS,
1678 953 1734 1012 &
1792 952 1853 1012 in
1913 972 1986 1012 ea
2045 971 2173 1014 sese
2234 954 2504 1033 religiose
2566 955 2940 1017 continentes
2953 989 2986 1034 ,·
3031 959 3111 1017 ab
3173 957 3375 1017 officio
3430 974 3543 1017 suo

612 1047 870 1108 aequum
910 1031 1085 1091 fuerit
1123 1028 1444 1093 absistere?
1478 1051 1557 1092 an
1596 1029 1964 1092 dissimulare
2003 1053 2074 1093 ea
2091 1079 2108 1112 ,
2149 1051 2300 1110 quae
2339 1035 2398 1095 in
2442 1035 2866 1096 communione
2907 1047 3248 1096 sanctorum
3289 1035 3546 1114 proferri

610 1113 648 1169 a
687 1110 870 1171 seruis
909 1111 1028 1171 suis
1068 1111 1374 1173 mandauit
1414 1109 1615 1173 Deus?
1654 1130 1731 1171 an
1772 1124 2042 1174 naturam
2059 1159 2076 1192 ,
2119 1116 2364 1176 modum
2381 1161 2400 1192 ,
2441 1117 2738 1192 finemque
2780 1115 2998 1194 negligi
3038 1133 3178 1177 cum
3220 1116 3543 1177 vocatione

610 1209 778 1250 sacra
827 1187 1410 1253 coniunctissimum?
1462 1212 1541 1252 an
1590 1191 1953 1254 infirmarum
1996 1194 2490 1256 conscientiarum
2533 1200 2621 1272 (vt
2661 1199 3032 1274 appellantur
3072 1199 3277 1276 vulgo)
3320 1196 3546 1275 negligi

611 1269 1157 1347 tranquillationem
1171 1267 1193 1332 ?
3273 1280 3280 1286 ’

686 1353 781 1410 Ac
834 1361 1107 1412 naturam
1160 1351 1403 1430 quidem
1444 1371 1828 1413 communem
1870 1353 2118 1432 partim,
2178 1361 2452 1434 partimq.
2495 1355 2851 1434 singularem
2893 1355 3144 1417 diximus
3187 1377 3313 1418 esse
3359 1374 3543 1436 quae-

608 1429 813 1491 stionis
853 1431 1062 1493 huius:
1106 1433 1245 1510 quia
1283 1435 1420 1492 cum
1461 1434 1540 1493 ad
1582 1453 1787 1494 omnes
1829 1433 2101 1495 homines
2143 1436 2538 1496 communiter
2561 1482 2578 1513 ,
2621 1441 2740 1515 qua
2778 1436 3084 1515 homineS,
3128 1441 3182 1498 &
3205 1439 3282 1498 ad
3304 1437 3544 1498 omneis

608 1529 714 1570 eos
754 1511 857 1590 qui
898 1525 1205 1592 praesunt,
1246 1517 1366 1590 qua
1406 1515 1484 1574 ad
1526 1531 1739 1574 munus
1779 1515 2088 1592 publicum
2131 1526 2267 1576 sunt
2309 1517 2536 1593 vocati,
2577 1517 2861 1594 pertinet:
2914 1519 2978 1593 (f.
3030 1519 3209 1596 1482)
3247 1529 3373 1581 tum
3393 1522 3544 1577 vero

609 1591 963 1669 singularem
1024 1595 1349 1672 quamdam
1402 1593 1691 1654 rationem
1734 1595 1912 1654 habet
1932 1641 1948 1670 ,
2015 1594 2156 1673 quia
2193 1597 2344 1656 haec
2384 1598 2463 1657 ad
2503 1596 2838 1676 politicum,
2900 1598 3001 1657 illa
3040 1598 3117 1658 ad
3158 1599 3543 1675 Theologurn

608 1671 901 1749 pertinent
958 1672 1339 1750 singulariter.
1404 1674 1641 1734 Etenim
1694 1677 2020 1735 secundum
2061 1676 2349 1754 principia
2388 1681 2444 1738 δι
2483 1677 2771 1738 rationem
2813 1696 3194 1740 communem
3234 1681 3506 1739 omnium
3525 1723 3546 1756 ,

608 1752 732 1811 siue
770 1751 1111 1813 naturaliter
1150 1753 1209 1813 in
1252 1771 1644 1833 vnoquoque,
1684 1755 1808 1815 siue
1847 1755 2104 1832 gratiose
2145 1754 2205 1815 in
2239 1757 2458 1817 sanctis
2498 1761 2552 1818 &
2594 1757 2704 1835 piis
2735 1759 3112 1818 informatam
3133 1805 3150 1838 ,
3189 1761 3340 1821 haec
3362 1777 3544 1837 quae-

606 1833 720 1892 stio
778 1835 832 1892 &
874 1833 1137 1911 cognitio
1192 1833 1313 1894 eius
1352 1835 1429 1892 ad
1470 1835 1697 1896 omneis
1738 1836 1988 1913 pertinet
2025 1836 2228 1913 aliquo
2269 1838 2480 1897 modo:
2523 1857 2701 1898 nemo
2745 1839 2932 1899 homo
2974 1848 3065 1898 est
3105 1838 3168 1898 in
3210 1843 3422 1918 vulg0,
3481 1840 3546 1899 in

608 1912 911 1987 Ecclesia,
972 1914 1192 1974 nedum
1250 1913 1309 1973 in
1350 1913 1419 1973 iis
1460 1914 1565 1992 qui
1602 1925 1907 1993 praesunt,
1968 1915 2090 1976 siue
2129 1916 2433 1979 Iuriscoss.
2473 1917 2598 1978 siue
2637 1919 2996 1997 TheologiS,
3059 1937 3239 1996 quem
3281 1940 3405 1981 non
3448 1920 3544 1980 his

605 1991 935 2072 principiiS,
975 1994 1090 2053 hac
1134 1993 1361 2054 ratione
1403 1993 1695 2056 imbutum
1738 2014 1865 2055 esse
1905 2005 2194 2073 oporteat.
2259 1997 2534 2076 Singulos
2575 2009 2842 2058 nostrum
2885 2000 3058 2059 decet
3097 2019 3206 2060 cor
3247 1999 3544 2075 hominis,

604 2091 729 2132 non
768 2073 1061 2150 elephanti
1099 2074 1359 2154 corium3
1403 2085 1465 2134 vt
1498 2093 1847 2136 communes
1867 2075 1995 2136 illas
2015 2078 2287 2137 notiones
2309 2078 2594 2154 sentiant,
2615 2098 2832 2139 aenon
2854 2089 3128 2156 stupeant
3148 2082 3544 2155 ἀναίσθητοι.

607 2154 781 2212 Haec
840 2152 1130 2232 principia
1188 2153 1235 2213 si
1296 2155 1484 2214 nescit
1536 2156 1914 2234 TheologuS,
1975 2159 2286 2234 quomodo
2342 2179 2414 2219 ex
2453 2157 2536 2218 eis
2576 2159 2992 2219 conclusiones
3031 2154 3285 2220 doceat?
3369 2161 3545 2219 Haec

608 2232 1031 2294 communione
1069 2245 1314 2294 naturae
1354 2235 1582 2296 omnib.
1624 2235 1964 2296 hominibus
2009 2247 2144 2298 sunt
2183 2237 2334 2298 inter
2374 2239 2534 2317 ipsos
2578 2239 2942 2299 communia.

684 2315 847 2373 Inter
906 2332 1013 2373 eos
1074 2319 1215 2376 vero
1277 2315 1379 2392 qui
1435 2329 1741 2395 praesunt,
1801 2315 2025 2394 aliquid
2083 2318 2335 2395 amplius
2379 2337 2700 2379 commune
2739 2329 2844 2380 est.
2925 2321 3082 2379 Nam
3128 2339 3201 2380 ex
3242 2317 3544 2397 principiis

606 2391 718 2453 illis
758 2391 1216 2473 notionibuSque
1257 2396 1674 2457 communibus
1718 2397 1988 2458 omnium
2029 2397 2192 2460 certa
2231 2399 2474 2460 scientia
2513 2399 2926 2461 conclusiones
2971 2402 3275 2479 generales
3316 2399 3540 2479 specia-

606 2475 810 2552 lesque
874 2478 952 2535 ab
1014 2476 1271 2554 vtrisque
1331 2494 1483 2555 opus
1537 2489 1625 2537 est
1664 2478 1909 2556 confici3
1971 2496 2148 2557 supra
2187 2484 2368 2557 quam
2409 2484 2447 2540 a
2487 2483 2695 2559 vulgo,
2758 2481 3088 2542 secundum
3129 2480 3542 2549 auctoritatem

607 2553 903 2633 ipsorum,
966 2556 1045 2615 ad
1108 2574 1427 2618 commune
1481 2558 1779 2618 societatis
1820 2560 2115 2619 humanae
2155 2561 2404 2621 bonum.
2483 2562 2692 2638 Itaque
2734 2564 2790 2622 δι
2829 2561 3242 2639 Magistratum
3281 2562 3542 2638 pruden-

610 2640 817 2712 tesque
876 2635 1014 2695 iuris
1069 2638 1203 2714 plus
1264 2637 1325 2695 in
1383 2637 1476 2698 his
1537 2638 1714 2699 rebus
1774 2642 1956 2715 quam
2018 2640 2227 2718 vulgus
2284 2640 2567 2702 conuenit
2608 2660 2879 2721 cernere,
2930 2643 3009 2702 ad
3049 2640 3276 2719 politici
3315 2640 3544 2701 ordinis

611 2713 983 2797 institutum3
1022 2717 1079 2775 δι
1121 2734 1362 2777 seruum
1402 2717 1550 2796 Dei,
1591 2718 1669 2779 ad
1710 2736 1879 2778 vsum
1921 2720 2072 2780 sacri
2114 2720 2337 2783 ordinis
2377 2726 2432 2782 δε
2473 2720 2902 2783 institutionem
2937 2722 3352 2783 conscientiae.

685 2798 1112 2856 Verumtamen
1164 2798 1313 2857 haec
1371 2797 1527 2877 ipsa,
1584 2808 1825 2877 vtcunq.
1883 2798 2000 2859 sint
2045 2803 2157 2859 τῶν
2197 2803 2540 2881 προεςὼτων
2581 2801 2956 2881 communia,
3016 2802 3136 2863 suis
3174 2801 3465 2880 repagulis
3505 2804 3544 2859 a

608 2878 743 2937 Deo
784 2874 1297 2954 prouidentissime
1338 2878 1571 2938 fuerunt
1612 2880 2036 2957 circumclusa,
2088 2882 2142 2941 &
2185 2882 2444 2942 discreta
2485 2882 2775 2942 terminis:
2839 2901 2991 2960 quos
3031 2882 3296 2961 quisquis
3337 2892 3545 2941 mouet

606 2960 861 3033 temere,
903 2956 980 3017 de
1019 2958 1263 3035 publico
1304 2968 1563 3019 meretur
1602 2959 1871 3037 pessime.
1914 2961 2079 3038 Quid
2119 2958 2316 3021 enim?
2357 2961 2673 3022 terminum
2714 2962 2927 3041 priuati
2969 2964 3096 3041 agri
3129 2963 3232 3039 qui
3267 2960 3542 3039 mouerit,

608 3038 769 3096 hunc
829 3036 962 3097 ferit
1026 3038 1321 3098 Dominus
1380 3038 1832 3100 maledictione:
1894 3042 2072 3101 Deut.
2130 3060 2221 3115 27.
2283 3059 2374 3118 17.
2427 3042 2626 3119 ecquis
2669 3044 3004 3103 Enceladus
3043 3046 3335 3106 AEtnaeos
3371 3042 3543 3120 ignes

606 3116 1038 3177 maledictionis
1097 3117 1281 3199 illius,
1343 3126 1392 3179 si
1437 3132 1819 3180 commoueat
1860 3121 2198 3199 publicum,
2263 3132 2440 3199 queat
2479 3118 2770 3201 effugere?
2831 3125 3190 3202 Attendant,
3253 3124 3544 3201 obsecr0,

605 3196 941 3275 quicunque
1000 3198 1281 3261 vtramuis
1337 3200 1613 3278 paginam
1668 3200 1728 3259 in
1784 3199 2112 3261 rationibus
2152 3222 2220 3262 so
2265 3201 2277 3213 '
2319 3202 2452 3263 tatis
2493 3205 2786 3264 humanae
2829 3204 3087 3283 faciunt,
3127 3204 3207 3263 ad
3250 3204 3360 3263 hos
3401 3221 3539 3262 can·

608 3279 793 3337 cellos
846 3277 1176 3339 vocationis
1216 3299 1376 3340 suae.
1437 3282 1586 3339 Sunt
1626 3281 1783 3340 enim
1825 3280 1915 3341 sui
1971 3281 2280 3342 hominum
2355 3282 2620 3360 ocietati,
2659 3302 2838 3361 quarn
2879 3282 3257 3363 Magistratus
3295 3293 3545 3362 regunt3

606 3368 742 3417 sunt
804 3360 861 3417 δι
918 3358 1008 3418 sui
1068 3360 1479 3421 communioni
1540 3370 1881 3421 sanctorum
1901 3406 1920 3440 ,
1978 3379 2155 3439 quam
2221 3364 2375 3423 serui
2433 3363 2549 3423 Dei
2589 3375 2940 3442 praeeuntes
2981 3374 3266 3443 pascunt,
3325 3366 3362 3421 a
3405 3364 3544 3422 Deo

607 3436 833 3516 optime
874 3439 1198 3501 constituti.

686 3516 1065 3595 Magistratus
1106 3538 1179 3579 ex
1217 3518 1519 3598 principiis
1562 3520 1927 3582 naturalibus
1967 3520 2212 3582 scientia
2247 3522 2489 3600 politica
2528 3524 2941 3585 conclusiones
2979 3526 3288 3602 generales
3319 3526 3376 3584 ὅτ
3409 3542 3540 3601 spe-

606 3596 781 3658 ciales
846 3598 1195 3679 conficiunt,
1252 3602 1307 3661 &
1368 3600 1885 3662 determinationes
1927 3602 2250 3681 singulares
2291 3602 2611 3681 disponunt
2646 3606 2724 3665 ad
2763 3604 3110 3665 societatem
3149 3604 3543 3680 ordinemque

603 3678 929 3739 humanum
982 3681 1439 3759 accommodaS,
1490 3683 1818 3742 secundum
1860 3682 2148 3743 rationem
2189 3694 2461 3743 aeternae
2502 3684 2650 3761 legis
2690 3684 2751 3744 in
2789 3695 2996 3745 natura
3038 3684 3295 3746 hominis
3337 3685 3544 3743 adum·

605 3759 855 3821 bratam.
909 3759 1205 3839 Theologi
1244 3762 1301 3820 ὅτ
1342 3761 1498 3822 serui
1536 3762 1650 3822 Dei
1689 3772 1988 3839 quotquot
2027 3773 2188 3841 sunt,
2228 3761 2531 3841 principiis
2569 3764 2932 3825 naturalibus
2970 3765 3214 3826 scientia
3258 3763 3543 3825 diuinitus

604 3836 885 3918 inspirata
923 3840 1334 3901 conclusiones
1374 3844 1679 3919 generales
1710 3846 1767 3902 δι
1808 3843 2094 3921 speciales
2138 3854 2571 3921 superstruunt,
2631 3848 2686 3904 δε
2719 3848 2756 3905 a
2795 3844 3385 3906 determinationibus
3427 3843 3544 3904 sin-

604 3918 903 3998 gularibus
964 3920 1041 3981 ad
1103 3920 1446 3981 societatem
1507 3922 1842 4000 ordinemq.
1892 3916 2227 3983 'humanum
2291 3924 2760 3985 accommodatis
2821 3930 2999 4003 (quae
3051 3925 3289 3986 alterius
3329 3924 3444 3984 fori
3485 3926 3542 3984 δι

602 3998 958 4078 cognitionis
1017 4006 1175 4079 sunt)
1237 4002 1633 4081 abstinenteS,
1692 4004 2037 4063 societatem
2095 4015 2433 4065 sanctorum
2476 4005 2532 4062 &
2577 4006 3004 4066 conscientiam
3045 4006 3328 4082 cuiusque
3369 4004 3429 4063 in
3470 4024 3545 4063 ea

605 4080 1030 4142 communione
1068 4084 1276 4142 colunt
1320 4080 1910 4144 determinationibus
1954 4082 2388 4162 spiritualibuS,
2420 4085 2746 4145 secundum
2783 4084 3076 4146 rationem
3097 4095 3372 4145 aeternae
3397 4082 3544 4161 legis

604 4158 665 4219 in
707 4160 893 4221 verbo
933 4162 1049 4222 Dei
1090 4162 1147 4220 ὅτ
1190 4182 1357 4222 sacra
1398 4162 1699 4240 Scriptura
1739 4163 2138 4224 informatam.
2180 4166 2294 4224 His
2335 4164 2643 4243 cancellis,
2675 4166 2921 4243 opinor,
2953 4175 3079 4226 tota
3099 4175 3310 4226 natura
3329 4167 3542 4224 harum

607 4238 1179 4302 administrationum
1232 4244 1311 4303 ab
1354 4241 1467 4303 illis
1506 4243 1589 4302 ita
1627 4244 1946 4305 secluditur
1987 4243 2568 4322 disterminaturque,
2625 4256 2689 4305 vt
2727 4246 2924 4305 mirari
2966 4246 3104 4307 satis
3148 4264 3269 4305 non
3313 4242 3544 4321 possint

610 4318 881 4380 homines
923 4323 1034 4381 hac
1077 4323 1364 4382 memoria
1404 4334 1607 4383 nostra
1646 4324 1926 4399 existere,
1973 4342 2124 4401 quos
2167 4344 2240 4386 ex
2281 4326 2392 4385 hac
2427 4324 2934 4385 administratione
2954 4325 3013 4385 in
3036 4326 3229 4404 illam,
3259 4326 3315 4383 &
3337 4344 3411 4384 ex
3431 4326 3544 4382 hac

610 4399 919 4475 disciplina
959 4401 1020 4461 in
1060 4402 1217 4462 illam
1237 4448 1256 4481 ,
1300 4404 1468 4478 quasi
1500 4404 1858 4465 desultorios
1900 4403 1959 4462 in
1981 4404 2398 4482 quadrigarum
2421 4404 2810 4483 cuniculum,
2843 4426 2966 4465 non
2987 4408 3208 4484 pudeat
3227 4406 3542 4541 incurresse.

3507 4501 3544 4543 e
