3923 4875
100 1346 109 1389 v—
100 1264 109 1305 -ι-
100 1182 108 1223 ου·-
100 1100 109 1139 ς-ι-
100 1018 109 1057 -n
101 936 111 975 c·
100 852 109 893 v-

101 1838 105 1873 —-
100 1756 107 1797 .-·
100 1674 105 1715 .—
100 1590 107 1633 -η
100 1506 105 1551 ..—
102 1460 104 1465 .

1356 343 1759 391 trutinet
1820 346 2032 391 anas
2093 346 2136 391 ι.
3083 350 3204 407 409

277 500 707 580 amplissimus.
790 504 933 565 Hoc
994 503 1305 567 consilium
1357 522 1671 585 procerum
1713 522 1853 567 cum
1890 524 2030 584 rege
2050 550 2068 579 ,
2127 505 2286 567 idern
2327 503 2640 567 consilium
2677 503 2788 565 fuit
2825 505 3200 583 popularium

282 581 449 643 inter
492 600 555 642 se
595 582 1033 643 adhortantium
1072 586 1149 645 ad
1196 584 1605 647 executionem
1647 584 1835 647 illius:
1896 586 2150 655 Eamus,
2205 584 2500 661 inquiunt,
2561 586 2624 644 in
2661 586 2889 645 domm
2931 586 3204 647 Iehouae.

282 661 497 721 Huius
534 673 730 722 autem
769 662 997 741 consilij
1037 665 1092 722 δι
1133 664 1485 727 hortationis
1524 668 1599 725 eo
1652 664 1994 743 pertinentis
2045 664 2286 725 vnicum
2345 674 2434 725 est
2489 674 2934 743 argumentum,
2986 684 3204 743 nempe

283 741 449 801 adiri
490 742 567 801 ad
608 744 805 802 Deum
846 754 1152 821 oportere,
1191 747 1248 805 δι
1289 764 1405 805 vna
1443 744 1615 806 huius
1653 743 1986 823 argumenti
2023 744 2199 805 actio.
2281 746 2704 805 Verumtamen
2743 743 2914 805 huius
2953 744 3204 805 actionis

284 820 354 880 in
424 819 589 881 hisce
646 823 909 899 pauculis
970 823 1163 885 verbis
1230 834 1347 885 tres
1420 826 1581 903 leges
1639 825 2226 902 comprehenduntur
2281 824 2645 885 sanctissimo
2705 824 2954 885 consilio
3015 826 3201 884 fixae:

284 900 495 961 Prima
534 914 622 961 est
662 903 737 963 de
769 901 947 963 Fine:
992 904 1293 981 Secunda,
1334 902 1409 963 de
1447 903 1563 963 Via
1594 903 1673 963 ad
1712 906 1891 965 finem
1931 904 2354 981 pertendente:
2395 902 2628 981 Tertia,
2667 904 2747 963 de
2773 906 2930 963 Actu
2968 903 3202 980 piorum

284 980 452 1041 iusta
494 979 589 1039 via
628 982 706 1041 ad
744 984 923 1041 finem
962 982 1461 1044 concursantium.
1518 982 1679 1045 Finis
1708 995 1799 1047 est
1826 984 2074 1045 Iehoua.
2134 983 2248 1044 Via
2265 994 2356 1045 est
2373 981 2648 1055 ecclesia,
2693 984 2894 1043 domus
2911 984 3206 1043 lehouae:

288 1064 489 1119 Actus
531 1072 649 1133 est,
688 1063 1024 1121 Ambulatio
1064 1065 1152 1122 ad
1184 1065 1461 1123 lehouam
1496 1082 1601 1141 per
1642 1062 1972 1123 Ecclesiam
2013 1062 2216 1141 ipsius.

378 1142 475 1199 Ac
512 1141 590 1200 de
629 1140 775 1203 Fine
808 1141 1049 1219 quidem
1092 1144 1275 1203 multa
1306 1144 1424 1203 huc
1465 1147 1504 1203 a
1542 1143 1715 1205 nobis
1754 1142 1970 1203 adferri
2009 1142 2155 1203 nihil
2191 1148 2440 1205 necesse
2472 1152 2581 1203 est.
2633 1144 2816 1203 Hunc
2849 1141 3004 1203 enim
3027 1144 3204 1203 finem

288 1219 383 1279 sic
436 1230 645 1279 natura
706 1222 883 1281 docet
941 1240 1134 1282 rerum
1190 1222 1460 1283 omnium
1480 1266 1498 1301 ,
1556 1222 1733 1283 etiam
1778 1223 1931 1283 vitae
1976 1224 2032 1283 δι
2073 1240 2276 1285 sensus
2315 1220 2675 1301 expertium,
2729 1232 2792 1281 vt
2841 1239 2966 1281 non
3019 1223 3204 1299 possit

288 1299 610 1377 quisquam
651 1299 776 1359 sine
818 1299 997 1378 impia
1035 1305 1092 1363 δε
1132 1302 1495 1379 iniquissima
1536 1301 1984 1381 oppugnatione
2015 1314 2260 1363 naturae
2291 1303 2368 1363 ad
2397 1301 2576 1363 alium
2607 1303 2787 1362 finem
2821 1304 3206 1363 contendere.

290 1380 485 1454 Quod
526 1390 724 1440 autem
765 1392 973 1441 natura
1008 1400 1103 1443 res
1142 1401 1353 1443 omnes
1390 1381 1706 1460 perdocet,
1752 1382 1813 1442 id
1854 1393 2016 1443 recta
2055 1382 2206 1443 ratio
2247 1392 2490 1443 naturae
2526 1392 2764 1441 nostrae
2803 1380 2988 1441 indita
3026 1383 3204 1461 longe

290 1458 685 1536 amplioribus
744 1461 1116 1522 documentis
1176 1475 1523 1541 perceptura
1583 1471 1769 1541 esset,
1830 1460 1940 1522 nisi
1983 1474 2107 1522 tum
2148 1461 2414 1523 internae
2463 1461 2742 1523 tenebrae
2787 1460 3002 1521 mentis
3038 1463 3202 1539 (nam
3295 1499 3304 1513 κ

290 1541 581 1599 tenebrae
630 1542 853 1615 sumus)
906 1552 1031 1601 tum
1074 1540 1445 1619 particularia
1483 1542 1665 1602 animi
1704 1542 1899 1602 studia
1940 1546 2100 1615 (nam
2141 1541 2358 1603 infirmi
2397 1544 2452 1603 δε
2491 1540 2766 1601 malitiosi
2805 1544 3031 1617 sumus)
3074 1552 3200 1601 tum

289 1618 749 1679 innumerabilia
796 1621 1001 1681 mundi
1054 1621 1276 1683 fallacis
1327 1623 1565 1683 obiecta
1604 1625 1767 1699 (nam
1811 1622 1998 1700 figura
2036 1620 2246 1682 mundi
2283 1624 2339 1683 δι
2376 1622 2518 1683 fuco
2557 1620 2944 1681 circumuenti
2977 1625 3202 1697 sumus)

290 1698 585 1758 rationem
625 1700 785 1759 illam
829 1702 1355 1780 praestinguerent.
1416 1705 1835 1763 Verumtamen
1852 1746 1871 1780 ,
1908 1713 1974 1761 vt
2011 1700 2298 1779 impedita
2335 1711 2450 1777 est,
2490 1710 2712 1761 restant
2742 1700 2803 1761 in
2837 1700 3204 1761 conscientia

295 1779 597 1855 quaedam
656 1778 941 1841 scintillae
994 1780 1119 1842 veri
1178 1784 1233 1843 δι
1290 1781 1461 1858 iusti,
1520 1800 1673 1859 quae
1732 1781 2005 1841 homines
2053 1780 2332 1858 pietatem
2373 1781 2429 1839 δι
2467 1779 2746 1841 iustitiam
2789 1780 2848 1839 in
2893 1780 3204 1841 mendacio

292 1856 661 1937 detinentes,
709 1860 985 1936 adeoque
1026 1862 1303 1922 diabolos
1344 1862 1505 1939 ipsos
1544 1863 1677 1921 Deo
1718 1864 1773 1921 δι
1814 1860 1988 1921 saluti
2026 1870 2264 1921 nostrae
2304 1862 2712 1938 aduersantes,
2767 1860 3047 1919 euincunt
3085 1862 3202 1921 hoc

292 1954 481 1997 vnum
520 1938 903 2017 principium,
940 1942 1098 2001 hunc
1138 1943 1317 2003 finem
1356 1942 1713 2021 singularem
1753 1960 1881 2001 esse
1920 1940 2206 2001 vniuersis
2247 1941 2304 1999 δι
2347 1939 2590 2019 singulis
2629 1938 2836 2000 natura
2871 1938 3023 2001 duce
3065 1959 3202 2017 pro·

292 2016 585 2094 positum,
626 2022 663 2077 a
701 2036 854 2095 qu0,
897 2018 955 2079 in
996 2039 1152 2099 qu0,
1190 2041 1298 2099 per
1336 2040 1545 2099 quem,
1586 2022 1641 2081 δι
1681 2032 1923 2099 propter
1963 2038 2144 2097 quern
2183 2018 2386 2080 omnia
2414 2030 2580 2099 sunt,
2619 2023 2676 2081 &
2714 2038 2926 2079 omnes
2961 2037 3202 2097 quoque

292 2101 385 2171 (vt
422 2097 619 2159 verbis
657 2110 889 2159 vtamur
928 2101 1226 2177 Apostoli)
1266 2101 1545 2179 viuimus,
1605 2117 1942 2177 monemur,
1997 2102 2054 2161 81
2107 2117 2327 2161 sumus.
2403 2100 2614 2177 Neque
2653 2100 2842 2161 solum
2884 2098 2946 2159 id
2985 2109 3196 2161 natura

294 2187 501 2237 nostra
540 2178 595 2237 &
638 2196 829 2239 rerum
872 2192 1197 2241 creatarum
1242 2181 1504 2243 omnium
1543 2190 1935 2256 contestatur,
1997 2178 2380 2241 verumetiam
2433 2190 2642 2241 natura
2689 2178 2806 2239 Dei
2853 2178 3056 2241 omnia
3093 2180 3200 2241 cir·

296 2258 625 2335 cumsulget
678 2258 893 2319 virtute
944 2260 1307 2336 admirabili,
1368 2262 1425 2321 δι
1476 2260 1603 2323 sine
1653 2258 1991 2321 testimonio
2039 2259 2163 2337 sui,
2219 2258 2534 2337 praecipue
2573 2259 2734 2337 apud
2771 2257 3078 2337 homines,
3135 2278 3200 2319 se

297 2354 421 2395 non
464 2337 601 2397 sinit
639 2355 919 2415 vnquam.
986 2340 1363 2419 Quapropter
1412 2343 1641 2402 Ielzoua
1692 2339 1987 2401 Hebraeis
2039 2340 2365 2431 appellatus
2406 2350 2524 2418 est,
2582 2349 2648 2399 νε
2691 2340 2795 2416 qui
2833 2338 2906 2399 sit
2947 2338 3200 2416 αιἰτοών,

296 2427 363 2476 νε
403 2418 725 2494 loquuntur
766 2429 997 2496 patres:
1053 2420 1245 2498 ipsum
1287 2441 1392 2482 ens
1430 2422 1765 2482 absolutum
1782 2465 1799 2498 ,
1851 2420 1930 2481 ad
1973 2419 2116 2480 nihil
2157 2429 2318 2480 extra
2355 2439 2418 2482 se
2460 2419 2805 2480 relationem
2847 2418 3105 2492 habens,
3145 2420 3202 2480 δι

296 2496 378 2556 ad
413 2515 591 2575 quem
634 2499 833 2558 omnia
872 2497 1117 2560 omnino
1157 2521 1232 2560 ex
1269 2501 1615 2564 necessitate
1655 2503 1996 2560 referantur.
2055 2501 2240 2560 Hunc
2267 2512 2464 2560 autem
2503 2501 2682 2560 finem
2724 2517 2929 2560 omnes
2969 2499 3206 2560 duobus

298 2577 493 2636 modis
533 2577 821 2638 docemur
840 2597 1265 2658 cognoscere:
1326 2591 1469 2659 puta
1508 2580 1824 2642 vniuersali
1861 2591 2108 2640 naturae
2147 2583 2316 2658 luce,
2358 2582 2413 2641 δε
2451 2577 2756 2642 communi
2795 2577 3206 2640 testificatione

299 2656 619 2734 scripturae
660 2661 754 2718 vel
794 2659 975 2719 diuini
1023 2659 1223 2720 verbi:
1288 2661 1615 2722 secundum
1657 2678 1809 2738 quae
1848 2659 2186 2721 testimonia
2223 2677 2406 2720 nemo
2443 2669 2535 2720 est
2585 2659 2690 2736 qui
2731 2677 2850 2718 non
2903 2659 2976 2718 sit
3019 2657 3204 2718 dictu-

300 2753 429 2813 rus,
470 2736 519 2797 si
560 2739 743 2798 modo
782 2739 1045 2799 animum
1086 2750 1297 2800 contra
1334 2740 1635 2801 veritatem
1675 2759 1799 2801 non
1840 2737 2278 2816 obfirmauerit,
2319 2739 2601 2800 lehouam
2639 2757 2795 2816 esse,
2835 2739 2890 2798 δι
2919 2736 3206 2815 cognosci

300 2826 572 2892 oportere
588 2862 605 2894 ,
646 2817 901 2896 denique
937 2820 1013 2879 ad
1055 2817 1247 2897 ipsum
1288 2820 1569 2880 contendi
1609 2831 1672 2879 vt
1708 2837 1914 2880 verum
1958 2821 2136 2879 finem
2176 2821 2490 2880 salutarem
2524 2829 2815 2879 nostrum.

382 2899 474 2955 Ac
512 2897 654 2957 illud
694 2897 935 2976 quidem
976 2899 1247 2961 homines
1286 2900 1369 2978 pij
1410 2901 1465 2958 δι
1506 2899 1750 2960 instituti
1792 2898 1853 2959 in
1894 2900 2080 2960 verbo
2111 2898 2228 2960 Dei
2260 2899 2431 2959 facile
2465 2899 2618 2959 ferre
2651 2908 2930 2978 possunt..
2971 2896 3092 2957 imo
3127 2896 3206 2956 de

303 2993 375 3036 eo
414 2976 621 3036 laetari
659 2995 795 3038 cum
838 2977 1048 3038 animis
1088 2979 1207 3040 suis
1228 3025 1247 3050 ,
1306 2980 1357 3040 si
1415 2982 1621 3040 fratres
1683 2977 1893 3040 imbuti
1953 2978 2164 3041 eadem
2225 2978 2412 3057 gratia
2469 2980 2525 3039 δι
2579 2978 2875 3039 informati
2929 2975 3204 3054 singulari

305 3055 655 3117 reuelatione
699 3059 824 3118 eius
846 3101 865 3136 ,
922 3061 1059 3118 cum
1104 3059 1213 3136 ipsi
1252 3059 1403 3120 inter
1441 3079 1535 3136 se,
1598 3071 1723 3120 tum
1777 3057 1915 3136 ipsis
1969 3059 2423 3120 acclamauerint
2439 3103 2458 3136 ,
2517 3059 2745 3119 Eamus
2783 3060 2871 3116 ad
2903 3057 3203 3116 [chonam.

304 3135 425 3195 Etsi
486 3155 609 3196 non
674 3139 887 3198 desunt
920 3137 981 3197 in
1020 3157 1225 3200 eorum
1272 3139 1535 3232 ipsorum
1576 3155 1827 3200 numero
1866 3140 2046 3217 (proh
2091 3139 2288 3216 dolor)
2327 3139 2431 3216 qui
2469 3137 2717 3216 perinde
2756 3137 2876 3198 acsi
2914 3137 3110 3197 Deum
3150 3139 3204 3196 δι

304 3216 617 3292 mundum,
659 3219 714 3277 &
747 3229 1016 3278 naturam
1046 3217 1159 3279 sibi
1199 3220 1339 3280 solis
1378 3237 1506 3280 esse
1545 3229 1881 3296 oporteret,
1920 3218 2162 3296 indigne
2201 3220 2394 3279 ferunt
2434 3219 2587 3278 hanc
2625 3219 2820 3278 lucem
2851 3215 3207 3294 cognitionis

302 3293 485 3356 inesse
527 3295 645 3357 suis
686 3296 990 3376 fratribus,
1044 3310 1146 3358 aut
1206 3303 1365 3360 certe
1422 3301 1579 3360 hanc
1636 3300 1932 3376 praeferre
1992 3308 2170 3376 atque
2229 3297 2507 3359 exhibere
2563 3296 2704 3376 ipsis
2757 3316 2830 3357 ex
2879 3294 3108 3375 pietatis
3148 3298 3203 3356 &

306 3374 598 3436 charitatis
632 3378 801 3455 lege:
833 3377 973 3453 Quo
1011 3379 1171 3438 malo
1206 3391 1481 3470 repurget
1510 3377 1767 3457 gratiose
1797 3377 2095 3440 Dominus
2129 3380 2396 3440 membra
2423 3396 2561 3456 sua,
2592 3379 2647 3437 &
2669 3393 2885 3454 corpus
2905 3375 3206 3436 Ecclesiae

305 3471 437 3516 suae
480 3455 689 3516 virtute
726 3457 963 3534 spiritus
978 3503 995 3533 ,
1051 3476 1228 3535 quem
1270 3459 1409 3520 iuris
1446 3459 1503 3518 δι
1540 3457 1769 3519 ardoris
1808 3457 2074 3536 spiritum
2117 3458 2178 3518 in
2219 3457 2520 3536 scripturis
2559 3457 2895 3536 appellauit.
2956 3458 3204 3516 Verum·

309 3543 501 3595 tamen
542 3536 592 3596 si
632 3538 785 3598 forte
826 3557 919 3597 res
961 3538 1137 3598 nobis
1177 3540 1371 3600 futura
1411 3549 1501 3599 est
1538 3557 1675 3598 cum
1724 3537 2066 3598 hominibus
2113 3537 2438 3631 eiusmodi,
2498 3537 2599 3614 qui
2649 3537 3006 3615 singularem
3045 3535 3206 3596 illam

306 3613 737 3693 inspirationem
781 3617 838 3676 δι
877 3617 1295 3678 reuelationem
1338 3618 1559 3696 gratiae
1598 3635 1725 3678 non
1764 3628 1901 3680 sunt
1930 3616 2136 3696 adepti
2171 3619 2210 3676 a
2248 3620 2545 3690 Domino,
2585 3616 2728 3694 quid
2765 3617 2890 3690 diff.
2913 3614 3208 3692 689)cturi

306 3691 539 3756 sumus?
601 3695 663 3756 Si
703 3696 1050 3757 auctoritate
1091 3697 1412 3775 scripturae
1452 3717 1629 3776 quam
1671 3699 1905 3776 legunt,
1946 3697 2174 3776 dicant,
2212 3699 2442 3758 Eamus
2465 3699 2552 3757 ad
2563 3699 2918 3774 Dominum,
2958 3694 3063 3758 sed
3085 3713 3208 3786 non

309 3772 503 3835 dicant
543 3777 893 3850 commode,
934 3775 1072 3854 quia
1110 3797 1231 3838 non
1274 3777 1640 3857 intelligunt:
1686 3777 1734 3838 si
1774 3776 2126 3838 auctoritate
2165 3787 2438 3853 naturae,
2477 3777 2750 3855 quamuis
2780 3795 2894 3836 nec
2929 3775 3208 3854 singulari

308 3854 658 3916 reuelatione
720 3855 956 3934 spiritus
978 3901 995 3934 ,
1054 3876 1168 3918 nec
1208 3858 1517 3918 communi
1556 3857 1657 3918 ina
1696 3876 1771 3918 ac
1810 3855 2054 3935 publica
2093 3857 2502 3918 testificatione
2542 3857 2868 3934 scripturae
2907 3853 3208 3916 instructi:

310 3932 355 3992 si
390 3933 565 4012 igitur
605 3935 813 3996 natura
858 3937 1011 3996 duce
1050 3937 1163 3996 hac
1208 3947 1407 3998 sancta
1448 3937 1873 3998 acclamatione
1926 3947 2190 4015 vtentur,
2249 3939 2479 3998 Eamus
2519 3937 2608 3996 ad
2641 3937 2996 4010 Dominum,
3041 3933 3207 4011 quod

307 4011 582 4074 iudicium
644 4017 721 4075 de
778 4014 891 4076 illis
949 4011 1203 4076 facturi?
1263 4035 1441 4094 quam
1489 4017 1839 4078 sententiam
1880 4015 2054 4077 laturi
2093 4011 2336 4078 sumus?
2394 4019 2620 4077 Horret
2657 4016 2885 4075 animus
2925 4011 3210 4091 cogitanti

309 4090 577 4154 immania
618 4096 717 4154 illa
753 4093 1002 4173 iudicia,
1062 4107 1342 4166 conatus,
1396 4098 1550 4158 facta
1570 4141 1589 4174 ,
1642 4095 1859 4188 quibus
1899 4095 2000 4156 hic
2039 4096 2324 4175 mundus,
2380 4099 2435 4157 &
2473 4096 2600 4174 ipse
2639 4094 3006 4155 Christianus
3045 4091 3210 4184 orbis

306 4174 427 4250 plus
464 4173 603 4234 satis
645 4173 1029 4252 circumfluit,
1089 4176 1459 4254 Impietatem
1514 4195 1713 4256 specte
1768 4175 2032 4254 pietatis,
2086 4175 2574 4236 inhumanitatem
2629 4175 2827 4254 specie
2880 4173 3206 4246 charitatis,

309 4251 631 4314 iniustitiam
692 4267 997 4334 praetextu
1056 4253 1197 4316 iuris
1256 4255 1411 4316 intus
1470 4255 1753 4334 spirantia
1808 4257 1863 4316 δι
1914 4255 2060 4317 soris
2111 4255 2521 4317 contestantia.
2593 4255 2775 4332 Atqui
2819 4255 2894 4314 de
2935 4253 3027 4313 his
3071 4251 3207 4329 ipsis

310 4333 495 4394 laetari
550 4353 661 4394 nos
718 4345 1015 4413 oporteret
1074 4335 1372 4416 singulos,
1432 4339 1486 4398 δε
1528 4335 1859 4398 errantibus
1908 4337 2208 4396 lucernam
2263 4336 2630 4416 accendere3
2687 4355 2806 4396 non
2851 4332 3210 4470 offendicssila

1738 4433 1810 4496 52
2959 4435 3050 4492 pc(
3079 4435 3091 4471 ι
3143 4431 3210 4471 us
