3923 4875
1390 363 1795 413 nannet
1854 366 2069 411 raas
2129 358 2170 411 ι.
3124 360 3241 429 449

322 526 617 591 Dominus
668 525 813 611 ipsi3
865 526 1141 591 ferendus
1204 541 1294 591 est
1353 549 1588 607 errans3
1650 529 2052 609 expectandus
2112 528 2408 590 Dominus
2453 526 2576 607 ‘qui
2639 540 2934 591 errantem
2995 530 3238 592 doceat:

329 613 386 672 &
438 628 649 671 manus
700 620 934 672 nostrae
982 629 1107 672 non
1146 610 1227 671 ad
1268 611 1688 690 depellendum
1729 619 2024 672 errantem
2038 656 2057 690 ,
2099 609 2205 671 sed
2243 608 2324 669 ad
2362 608 2518 670 viam
2559 611 3004 672 monstrandam
3043 610 3241 689 potius

324 690 730 771 adhibendae,
770 688 822 751 si
859 692 1023 752 Deus
1061 710 1307 769 operam
1346 703 1612 753 nostram
1654 692 1734 753 ad
1775 693 2026 752 salutem
2066 692 2122 751 δι
2162 688 2590 751 institutionem
2613 690 2738 751 eius
2758 694 2922 753 volet
2941 690 3241 770 occupari.

327 773 484 833 Nam
541 770 673 848 quis
730 770 919 832 nescit
978 775 1291 849 propterea
1351 770 1740 851 Euangelium
1801 774 1856 833 δι
1910 770 2241 832 vniuersam
2281 768 2618 830 doctrinam
2659 771 2859 831 salutis
2897 770 3240 847 mysterium

327 850 638 945 appellari,
700 852 867 929 quod
925 852 1053 911 sola
1091 850 1451 913 reuelatione
1491 851 1711 931 gratiae
1750 850 1979 912 homini
2017 847 2384 911 innotescat?
2424 860 2552 921 aut,
2595 861 2771 928 prout
2810 850 3075 912 Christus
3116 850 3243 929 ipse

325 932 564 993 dicebat
600 928 935 991 Nicodemo
949 976 967 1009 ,
1008 930 1139 1008 quis
1178 930 1409 1009 ignorat
1448 934 1675 992 nullum
1716 930 2051 993 ascendisse
2089 928 2152 990 in
2192 931 2423 991 caelum
2439 975 2458 1009 ,
2501 931 2558 989 &
2583 950 2677 991 res
2697 932 2978 992 caelestes
2996 930 3243 1009 perinde

325 1012 562 1072 nouisse
620 1029 694 1071 ac
752 1009 802 1071 si
861 1011 1316 1091 peruestigasset
1356 1014 1590 1089 coram,
1629 1010 1742 1072 nisi
1782 1028 1921 1072 eum
1960 1008 2064 1088 qui
2104 1009 2411 1071 descendit
2449 1014 2483 1071 e
2522 1012 2724 1089 caelo,
2761 1010 2948 1072 filium
2986 1010 3246 1072 hominis

327 1091 432 1171 qui
469 1100 559 1152 est
601 1089 663 1150 in
704 1087 909 1151 caelo?
951 1090 1101 1167 Quis
1140 1110 1264 1153 non
1304 1091 1503 1153 audiat
1538 1094 1737 1169 Jesum
1779 1090 2082 1153 Chr-ismm
2122 1092 2282 1151 clara
2317 1109 2472 1152 voce
2509 1088 2926 1153 inclamantem
2967 1090 3116 1169 patri
3131 1136 3150 1171 ,
3188 1094 3245 1152 &

326 1172 654 1249 dicentem,
689 1170 961 1232 Gloriam
1002 1171 1111 1231 tibi
1158 1171 1355 1233 tribuo
1370 1216 1388 1249 ,
1426 1182 1595 1249 pater
1633 1170 1877 1232 domine
1916 1170 2063 1231 caeli
2101 1173 2158 1231 ὅτ
2196 1181 2387 1232 terrae
2402 1215 2416 1244 ‚
2459 1172 2626 1248 quod
2665 1170 2813 1233 haec
2853 1172 3244 1233 occultaueris

327 1254 365 1311 a
406 1249 767 1329 sapientibus
807 1253 862 1312 δι
900 1250 1389 1331 intelligentibus,
1432 1256 1487 1313 δι
1524 1272 1597 1313 ea
1634 1249 1914 1313 retexeris
1954 1248 2313 1312 infantibus?
2353 1252 2567 1313 Matth.
2596 1271 2686 1313 11.
2712 1267 2804 1329 25.
2846 1250 2997 1327 Quis
3025 1250 3088 1312 in
3117 1270 3244 1313 sese

328 1333 635 1393 reflectens
696 1330 1008 1392 oculorum
1046 1330 1235 1392 aciem
1274 1351 1397 1393 non
1439 1342 1753 1423 agnoscat,
1794 1333 1849 1393 δι
1890 1330 2102 1392 sentiat
2138 1330 2319 1409 illud,
2360 1331 2527 1409 quod
2567 1332 2791 1409 optime
2831 1332 3009 1393 docet
3049 1332 3241 1409 Apos-

326 1414 484 1473 tolus
523 1415 605 1489 (1.
647 1410 789 1473 Cor.
834 1432 890 1474 2.
929 1412 988 1471 6.
1030 1413 1167 1489 διο.)
1208 1412 1285 1473 de
1326 1410 1649 1473 ministerio
1693 1410 1879 1472 diuini
1919 1409 2118 1489 verbi,
2161 1409 2510 1489 sapientiam
2541 1429 2667 1473 esse
2701 1430 2823 1473 non
2843 1412 3024 1474 seculi
3043 1412 3244 1487 huiuS,

328 1508 525 1571 neque
562 1490 897 1570 principum
937 1490 1120 1553 seculi
1159 1491 1331 1552 huius
1372 1492 1477 1571 qui
1514 1492 1861 1570 abolentur,
1900 1491 2010 1553 sed
2051 1489 2397 1569 sapientiam
2430 1490 2546 1553 Dei
2563 1491 2626 1552 in
2649 1491 2928 1569 mysterio
2949 1490 3244 1570 positam?

328 1574 629 1633 occultam
668 1571 1044 1650 sapientiam,
1084 1588 1263 1649 quam
1304 1570 1675 1651 praefinierat
1710 1573 1877 1632 Deus
1918 1580 2057 1632 ante
2095 1572 2293 1633 secula
2331 1571 2411 1632 ad
2437 1570 2686 1650 gloriam
2708 1574 2888 1649 nos(f.
2912 1571 3245 1649 723)tram?

328 1669 507 1729 quam
566 1670 747 1712 nemo
808 1650 1143 1731 principum
1202 1650 1387 1714 seculi
1444 1652 1617 1713 huius
1676 1646 1998 1731 cognouit?
2059 1650 2408 1729 sapientiam
2449 1670 2645 1712 rerum
2684 1668 2833 1729 quas
2872 1656 3082 1713 oculus
3120 1671 3244 1714 non

329 1732 501 1811 vidit,
562 1750 674 1793 nec
726 1732 883 1791 auris
934 1732 1188 1809 audiuit,
1229 1750 1342 1794 nec
1380 1733 1441 1793 in
1481 1742 1743 1794 mentem
1780 1731 2039 1793 hominis
2079 1741 2392 1811 venerunt,
2446 1750 2592 1809 quas
2630 1730 2858 1811 parauit
2896 1735 3058 1793 Deus
3097 1732 3168 1792 iis
3208 1736 3245 1793 a

328 1812 545 1891 quibus
584 1810 879 1891 diligitur?
920 1830 1101 1904 quam
1138 1811 1485 1890 sapientiam
1526 1814 1691 1872 Deus
1729 1813 1891 1873 solus
1931 1811 2142 1890 retegit
2180 1830 2288 1890 per
2325 1808 2594 1889 spiritum
2638 1829 2833 1892 suum,
2875 1823 3053 1890 prout
3085 1813 3248 1891 spiri-

328 1904 423 1955 tus
460 1901 750 1953 scrutatur
789 1910 1022 1971 omma,
1063 1890 1240 1953 etiam
1278 1892 1709 1970 profunditates
1728 1892 1873 1953 Dei:
1927 1893 2085 1952 Nam
2128 1901 2192 1952 vt
2231 1910 2410 1953 nemo
2449 1892 2757 1953 hominum
2789 1892 2958 1954 nouit
2991 1912 3064 1954 ea
3093 1911 3246 1971 quae

330 1982 469 2034 sunt
508 1972 799 2053 hominiS,
842 1972 954 2033 nisi
992 1971 1225 2050 spiritus
1264 1972 1521 2034 hominis
1561 1972 1666 2051 qui
1704 1983 1791 2034 est
1830 1971 1893 2033 in
1933 1990 2042 2053 e03
2082 1971 2164 2033 ita
2203 1970 2379 2033 etiam
2421 1990 2492 2032 ω,
2529 1989 2682 2051 quae
2715 1984 2853 2036 sunt
2880 1972 3029 2065 Dei,
3063 1974 3245 2034 nemi-

332 2072 471 2115 nem
510 2052 749 2114 nouisse
786 2050 899 2113 nisi
938 2051 1219 2131 Spiritum
1260 2052 1403 2133 Dei,
1444 2056 1499 2115 δι
1537 2052 1877 2129 quicunque
1918 2050 2198 2130 Spiritum
2237 2072 2310 2113 ex
2351 2052 2486 2113 Deo
2526 2052 2892 2131 acceperint:
2932 2056 3246 2115 animalem

330 2133 639 2193 hominem
700 2150 824 2193 non
884 2152 1012 2193 esse
1070 2151 1353 2211 capacem
1412 2150 1620 2194 eorum
1674 2151 1828 2210 quae
1867 2142 2004 2193 sunt
2043 2131 2288 2211 Spiritus
2328 2130 2473 2192 Dei:
2517 2132 2670 2193 Nam
2711 2152 2784 2194 ea
2821 2132 2906 2193 illi
2941 2133 3245 2194 stultitiam

332 2233 458 2275 esse
474 2258 492 2293 ,
553 2230 667 2273 nec
719 2230 898 2290 posse
936 2214 1017 2273 ab
1058 2211 1161 2274 illo
1204 2212 1521 2293 cognosci,
1561 2212 1702 2289 quia
1740 2211 2116 2292 spiritualiter
2153 2210 2569 2275 diiudicantur.
2607 2214 2686 2273 Et
2727 2224 2824 2291 tu,
2863 2213 3080 2292 hom0,
3119 2233 3243 2275 non

334 2296 487 2355 seras
526 2290 833 2354 hominem
873 2292 935 2353 in
973 2302 1217 2353 naturae
1254 2292 1515 2354 tenebris
1556 2304 1849 2355 errantem
1862 2338 1880 2365 ,
1928 2308 2112 2370 quem
2150 2293 2316 2353 Deus
2353 2292 2465 2353 fert
2501 2303 2640 2355 ante
2678 2295 2887 2355 oculos
2926 2304 3062 2354 tuos
3099 2296 3245 2355 tole-

332 2373 519 2435 rantia
556 2390 694 2452 sua,
734 2374 789 2433 δι
832 2382 1009 2433 vocat
1047 2370 1267 2466 gratia?
1308 2373 1460 2434 absit
1496 2376 1535 2432 a
1572 2372 1749 2434 nobis
1786 2372 2012 2433 isthaec
2053 2370 2298 2433 insania.

409 2453 595 2530 Quod
632 2454 683 2514 si
721 2473 799 2514 ne
836 2453 937 2514 illa
974 2453 1219 2531 qmdem
1258 2453 1385 2532 ipsa
1424 2453 1773 2517 auctoritate
1813 2452 2017 2514 Diuini
2055 2452 2221 2514 verbi
2263 2452 2343 2513 ab
2383 2453 2496 2514 ista
2533 2454 3014 2532 praesumptione
3045 2453 3248 2516 iudici-

332 2551 505 2594 orum
544 2547 887 2596 nostrorum
926 2533 1303 2594 deducimur:
1345 2535 1568 2612 pudeat
1605 2535 1812 2595 saltem
1851 2532 2220 2594 Christianos
2233 2577 2252 2610 ,
2293 2533 2515 2611 pudeat
2554 2551 2660 2594 eos
2700 2552 2908 2596 omnes
2929 2534 3031 2613 qui
3049 2535 3246 2596 Chris-

332 2612 476 2674 tiani
513 2612 719 2675 audire
758 2615 996 2692 volunt,
1038 2611 1443 2674 intolerandae
1480 2613 1647 2675 istius
1688 2612 2000 2692 audaciae,
2039 2615 2179 2674 cum
2209 2611 2514 2674 hominem
2533 2614 2858 2674 naturalem
2898 2614 2954 2673 &
2973 2615 3251 2676 scientiae

332 2695 629 2755 humanae
677 2693 989 2772 inanisque
1036 2693 1449 2773 philosophiae
1500 2693 1785 2773 opinione
1823 2693 2088 2754 inflatum
2101 2737 2120 2772 ,
2163 2693 2296 2770 plus
2338 2691 2720 2754 humanitatis
2759 2692 2818 2753 in
2861 2693 2979 2754 suis
3017 2693 3280 2755 iudiciis·

333 2773 613 2836 habuisse
671 2775 935 2834 audient.
992 2773 1383 2834 Themistium
1442 2773 1608 2834 illum
1668 2772 2090 2852 philosophum
2149 2771 2213 2834 in
2263 2771 2510 2834 historia
2550 2773 2968 2834 Ecclesiastica
3002 2775 3254 2852 legimus

333 2856 513 2932 longe
552 2853 846 2917 mitiorem
885 2856 941 2915 &
980 2852 1324 2931 aequiorem
1363 2873 1505 2933 erga
1541 2853 1912 2915 Christianos
1950 2854 2128 2914 fuisse
2141 2897 2159 2930 ,
2199 2857 2381 2931 quam
2401 2851 2514 2932 ipsi
2534 2852 2846 2915 Christiani
2867 2853 3001 2916 sint.
3042 2855 3254 2914 Narrat

336 2934 497 2995 enim
547 2935 851 3012 Socrates,
902 2933 1060 2996 Hist.
1114 2935 1346 2995 Eccles,
1384 2933 1489 2996 lib.
1532 2955 1591 3010 4.
1629 2954 1761 3013 cap.
1804 2953 1902 3010 32.
1944 2934 2084 2994 cum
2121 2935 2454 3012 Imperator
2493 2935 2718 2996 Valens
2756 2933 3113 2995 Antiochiae
3155 2937 3254 2995 de-

335 3025 501 3094 geret
514 3059 533 3094 ,
594 3017 651 3075 &
712 3015 1023 3092 quiescens
1078 3017 1116 3074 a
1177 3013 1346 3076 bellis
1399 3016 1609 3077 exteris
1662 3012 2218 3090 incursionibusque
2291 3012 2616 3075 barbaricis
2664 3014 2920 3092 grauiter
2961 3013 3257 3075 infestaret

338 3094 746 3170 orthodoxos,
806 3097 862 3156 δι
924 3093 1189 3172 quotidie
1248 3094 1477 3162 maiora
1539 3093 1827 3174 supplicia
1887 3091 1949 3154 in
2013 3113 2112 3155 eos
2152 3093 2544 3172 excogitaret3
2593 3093 2834 3154 tandem
2882 3112 3066 3172 opera
3103 3095 3259 3155 The-

337 3173 511 3251 mistij
572 3173 723 3236 illius
782 3173 1130 3252 Philosophi
1186 3174 1627 3236 acerbissimam
1690 3175 1853 3234 illam
1892 3172 2199 3235 saeuitiam
2237 3173 2496 3234 hominis
2536 3174 2813 3252 fractam,
2853 3177 2908 3234 δι
2947 3173 3140 3252 ipsum
3181 3175 3258 3234 ad

338 3255 622 3315 maiorem
681 3253 1037 3334 aequitatem
1097 3256 1153 3315 &
1215 3256 1689 3317 moderationem
1750 3264 2100 3315 reuocatum
2159 3272 2318 3316 esse:
2371 3273 2511 3315 nam
2551 3253 2820 3314 libellum
2853 3253 2932 3315 de
2969 3274 3040 3314 ea
3081 3272 3260 3314 causa

336 3333 574 3396 Valenti
612 3333 975 3414 inscripsisse
988 3380 1006 3413 ,
1047 3350 1171 3411 quo
1210 3334 1560 3396 nominatim
1602 3333 1796 3412 ipsum
1835 3337 2264 3412 Imperatorem
2325 3335 2690 3413 appellabat,
2735 3333 3111 3413 docebatque
3136 3354 3258 3396 non

338 3433 468 3476 esse
507 3431 614 3475 cur
653 3416 867 3476 mirum
911 3413 1021 3493 ipsi
1062 3413 1361 3476 videretur
1376 3460 1395 3494 ,
1434 3415 1484 3476 si
1524 3415 1675 3475 forte
1716 3413 2184 3476 Christianorum
2225 3416 2509 3493 dogmata
2547 3413 2842 3474 interdum
2889 3413 3262 3494 dissiderent,

336 3513 453 3556 nec
490 3495 645 3556 inter
684 3515 747 3556 se
788 3493 1175 3556 conuenirent
1214 3497 1409 3573 plane.
1450 3495 1687 3556 Etenim
1728 3511 1935 3556 reuera
1969 3493 2348 3573 perexiguam
2369 3513 2498 3556 esse
2519 3493 2754 3554 illorum
2775 3494 3228 3574 discrepantiam
3245 3541 3262 3572 ,

339 3575 389 3637 si
439 3591 579 3637 cum
628 3575 999 3636 multitudine
1054 3577 1109 3636 &
1162 3575 1513 3636 confusione
1553 3576 1903 3654 dogmatum
1945 3585 2368 3652 comparentur
2409 3591 2561 3652 quae
2603 3574 2765 3652 apud
2807 3575 3074 3636 Graecos
3114 3574 3264 3635 obti-

340 3658 579 3717 nebant.
618 3654 857 3716 illorum
895 3655 1054 3717 enim
1091 3672 1221 3717 esse
1260 3655 1513 3734 amplius
1550 3665 1817 3716 trecenta
1856 3655 2159 3732 dogmata.
2218 3657 2290 3715 In
2329 3656 2508 3715 rebus
2549 3665 2746 3714 autem
2786 3672 2940 3732 quae
2977 3657 3106 3716 sola
3143 3655 3266 3732 opi·

340 3735 520 3796 nione
560 3734 783 3814 percipi
820 3744 1101 3814 possunt,
1160 3746 1340 3813 prout
1379 3756 1454 3796 ex
1493 3734 1875 3816 necessitate,
1915 3735 1966 3794 si
2004 3733 2150 3811 quid
2189 3736 2376 3797 homo
2415 3733 2476 3794 in
2518 3735 2694 3795 rebus
2729 3733 2946 3796 diuinis
2987 3735 3268 3814 percipit,

342 3815 624 3893 opinione
660 3815 914 3894 percipit
927 3860 945 3893 ,
984 3817 1148 3892 (nam
1188 3815 1369 3876 fidem
1409 3813 1713 3876 nesciebat
1755 3813 2006 3875 carnalis
2045 3813 2466 3892 Philosophus)
2505 3813 2828 3892 plurimum
2867 3815 2988 3876 fieri
3001 3862 3018 3893 ,
3058 3827 3123 3876 vt
3143 3815 3265 3875 dis—

342 3894 571 3956 sideant
645 3896 819 3957 valde
880 3893 1229 3957 sententiae:
1290 3896 1346 3954 δι
1386 3897 1585 3956 Deum
1628 3895 1821 3973 ipsum
1862 3894 2016 3955 velle
2055 3895 2306 3972 gloriam
2346 3893 2428 3956 ita
2464 3893 2578 3956 sibi
2618 3895 2940 3956 conciliare
2982 3894 3268 3956 dissiden-

341 3975 497 4035 tibus
548 3975 858 4037 hominum
898 3973 1231 4053 sententiis,
1268 3986 1332 4035 vt
1374 3993 1449 4036 eo
1490 3975 1680 4054 magis
1721 3973 1972 4051 quisque
2014 3984 2355 4034 reuereatur
2394 3975 2761 4035 maiestatem
2805 3976 2958 4048 eiuS‚
3004 3975 3268 4052 quando·

341 4052 582 4132 quidem
636 4055 903 4135 cognitio
961 4055 1087 4115 eius
1128 4073 1252 4116 non
1292 4065 1383 4116 est
1422 4055 1506 4116 illi
1548 4053 1815 4134 exposita
1855 4054 1933 4115 ad
1977 4055 2344 4114 voluntatem
2385 4053 2588 4116 animi.
2642 4053 2760 4114 His
2801 4055 3175 4116 sermonibus
3215 4057 3272 4114 δι

340 4135 745 4196 consimilibus
782 4135 1143 4214 argumentis
1184 4138 1513 4213 appellatus
1552 4139 1589 4195 a
1631 4133 1964 4195 Themistio
2005 4135 2336 4212 Imperator
2363 4136 2585 4196 Valens
2607 4135 2796 4196 lenior
2815 4135 2874 4196 in
2899 4136 3272 4196 orthodoxos

342 4216 585 4277 effectus
624 4225 733 4278 est.
774 4215 958 4291 Quod
996 4215 1044 4275 si
1086 4225 1298 4275 natura
1338 4216 1493 4276 duce
1532 4213 1869 4276 humaniter
1908 4213 2296 4292 cogitandum
2339 4213 2402 4276 in
2443 4232 2622 4276 causa
2663 4215 2957 4292 religionis
2985 4217 3061 4276 de
3083 4213 3274 4275 homi-

340 4295 517 4356 nibus
554 4315 683 4357 esse
722 4294 1005 4356 iudicauit
1044 4294 1441 4372 Philosophus
1479 4295 1719 4374 ignarus
1759 4293 2019 4355 veritatis
2037 4339 2054 4370 ,
2099 4307 2268 4356 vtens
2308 4293 2602 4355 axiomate
2643 4297 2808 4372 quod
2849 4296 3093 4373 Sapiens
3133 4313 3274 4356 con·

338 4375 624 4457 firmauit,
677 4377 927 4455 gloriam
981 4375 1101 4436 Dei
1151 4393 1280 4436 esse
1339 4377 1532 4436 celare
1574 4375 1859 4436 verbum:
1902 4375 2082 4435 Prou.
2128 4395 2158 4434 2
2166 4390 2222 4453 5.
2269 4393 2325 4436 2.
2367 4374 2416 4435 si
2457 4373 2808 4452 Philosophi
2845 4375 2996 4437 illius
3037 4373 3279 4436 monitis

1766 4469 1836 4532 57
3057 4457 3274 4517 stacms
