3923 4875
3222 337 3338 398 333

402 497 714 561 Nasaraeis
774 498 902 559 siue
960 499 1269 568 ἀφανιςαῖς
1328 495 1441 558 illis
1492 501 1579 576 (vt
1630 494 1998 587 Epiphanius
2059 498 2256 571 vocat)
2307 495 2408 574 qui
2458 493 2517 554 in
2570 495 2918 556 sententiam
2979 497 3336 560 contrariam

401 590 639 640 ruentes
688 582 841 640 vltro
856 624 874 658 ,
928 576 1249 638 abolebant
1297 593 1506 638 omnes
1562 579 1739 654 Legis
1788 574 2025 636 diuinae
2065 575 2458 637 ceremonias:
2502 576 2632 652 quis
2673 576 2891 656 nescit,
2933 589 3156 656 quanta
3195 599 3340 642 con·

399 658 666 722 tentione
722 661 863 720 inde
924 660 1003 718 ab
1043 657 1303 718 aduentu
1344 655 1563 718 Christi
1602 657 1681 717 de
1720 674 1830 718 vsu
1870 657 1925 717 δι
1969 656 2386 717 obseruatione
2425 654 2894 718 ceremoniarum
2935 657 3108 720 suerit
3142 658 3338 738 dispu-

402 735 631 802 tatum?
690 741 997 818 Vrgebant
1050 737 1287 812 Iudaei,
1326 739 1625 816 negabant
1666 737 1920 798 Gentes:
1963 737 2251 815 vrgebant
2290 757 2364 798 ex
2401 735 2635 796 Iudaeis
2676 735 2995 798 Christiani
3035 739 3175 800 facti
3215 759 3340 802 non

400 821 605 900 pauci,
655 838 809 897 quos
859 821 1197 880 Nazaraeos
1252 819 1526 880 dixerunt
1576 815 1901 879 orthodoxi
1952 819 2190 892 Patres,
2242 818 2540 895 negabant
2592 815 2902 896 Apostoli,
2942 821 2998 880 δι
3040 818 3340 902 quicunq3

405 921 480 962 ex
519 900 867 962 Christianis
907 899 983 960 de
1022 898 1265 960 veritate
1307 899 1524 962 Christi
1564 901 1618 959 &
1660 899 2104 976 complemento
2146 897 2614 958 ceremoniarum
2655 896 2936 959 certiores
2965 899 3134 976 sacti,
3165 901 3336 962 liber-

403 991 589 1044 tatem
630 979 1026 1041 Christianam
1066 979 1144 1038 ad
1184 977 1654 1040 aedificationem
1672 1026 1689 1059 ,
1729 998 1803 1038 ac
1843 997 1968 1038 non
2010 975 2474 1038 destructionem
2516 979 2996 1056 propugnabant.
3034 979 3150 1040 His
3175 979 3336 1042 cuni-

405 1060 552 1124 culis
594 1060 861 1122 Ecclesia
900 1057 1309 1140 Antiochena,
1348 1061 1726 1136 Galatarum,
1768 1055 1918 1118 aliae
1958 1059 2398 1138 propemodum
2433 1057 2818 1118 labefactatae
2839 1071 2975 1120 sunt
2992 1105 3010 1140 ,
3043 1059 3154 1120 nisi
3172 1063 3336 1124 Deus

404 1143 837 1221 Apostolorum
878 1158 1021 1200 cura
1060 1139 1463 1220 ministerioq3
1504 1137 1949 1218 vigilantissimo
1992 1137 2410 1217 prospexisset.
2450 1139 2727 1198 Testatur
2745 1137 2990 1200 historia
3010 1159 3179 1202 sacra
3197 1144 3334 1204 Act.

411 1239 502 1300 15.
544 1231 791 1284 testatur
828 1222 1043 1280 Paulus
1082 1219 1275 1280 Galat.
1320 1241 1375 1298 3.
1419 1223 1475 1282 δι
1514 1218 1927 1298 sequentibuS,
1989 1219 2176 1296 Vsque
2212 1220 2410 1297 hodie,
2449 1216 2638 1296 inquit
2655 1217 3094 1300 Hieronymus,
3123 1220 3336 1300 (Epist.

402 1302 479 1363 ad
532 1304 785 1380 August.
838 1299 1005 1361 cuius
1060 1299 1443 1380 principium,
1497 1301 1647 1361 Tres
1701 1300 1875 1360 simul
1938 1301 2058 1377 ep.)
2097 1310 2220 1379 per
2269 1307 2419 1359 totas
2479 1298 2738 1358 Orientis
2791 1299 3143 1378 synagogas
3183 1305 3338 1364 inter

402 1385 665 1456 Iudaeos·
697 1383 960 1442 haeresis
999 1389 1088 1441 est
1120 1401 1271 1459 quae
1306 1383 1524 1442 dicitur
1563 1383 1944 1441 Minaeorum
1960 1425 1978 1457 ,
2027 1381 2106 1440 ὁ·
2144 1382 2184 1438 ὰ
2223 1381 2575 1440 Pharai-aeis
2615 1399 2766 1440 nunc
2805 1399 2981 1459 vsque
3001 1383 3339 1462 damnatur,

402 1483 542 1543 quos
599 1464 777 1539 vulgo
837 1461 1197 1522 Nazaraeos
1256 1467 1597 1541 nuncupant
1610 1479 1636 1534 ;
1690 1463 1795 1538 qui
1840 1461 2086 1521 credunt
2133 1463 2196 1520 in
2253 1459 2548 1521 Christum
2585 1461 2790 1536 filium
2839 1461 2966 1521 Dei
3013 1471 3212 1523 numm
3267 1465 3337 1524 de

420 1545 664 1620 Virgine
714 1543 933 1604 Maria
947 1587 965 1620 ,
1023 1544 1100 1601 ὁπ’
1138 1561 1265 1602 eum
1307 1544 1508 1602 dt'cunt
1543 1561 1664 1602 esse
1700 1543 1807 1618 qui
1840 1541 1947 1600 sub
1987 1541 2203 1601 Pontio
2242 1541 2444 1600 Pilato
2471 1549 2698 1618 passus
2737 1548 2826 1600 est
2861 1542 2940 1601 ὁ·
2977 1546 3336 1623 resurrect-tt,

403 1626 467 1684 in
518 1642 681 1700 quem
734 1623 811 1684 ὁ·
859 1642 965 1682 nos
1018 1624 1320 1682 credimus.
1366 1621 1488 1683 Sed
1519 1623 1655 1680 dum
1696 1623 1900 1683 volunt
1936 1621 2014 1680 ὁ·
2049 1622 2268 1682 Iudaei
2302 1639 2422 1680 esse
2461 1619 2538 1679 ὁ·
2585 1619 2942 1699 Christiani,
2983 1641 3085 1682 nec
3122 1625 3340 1684 Iudaei

404 1713 573 1780 sunt,
612 1723 713 1763 nec
759 1702 1103 1764 Christiani.
1142 1703 1284 1763 Non
1322 1701 1441 1764 alio
1482 1721 1557 1761 ex
1597 1703 1761 1763 fonte
1801 1701 2206 1780 profluxerunt
2245 1699 2567 1778 singulares
2607 1698 2836 1777 aliquot
2871 1702 3344 1782 controuersiae,

405 1801 560 1862 quae
616 1784 829 1844 horum
892 1779 1363 1862 importunitate,
1424 1781 1661 1842 illorum
1722 1779 2061 1859 inscientia,
2124 1784 2178 1842 &
2237 1779 2506 1840 omnium
2548 1777 2946 1858 imprudentia
2983 1781 3238 1861 priscam
3281 1787 3338 1846 &

408 1864 807 1925 orthodoxam
845 1861 1174 1924 Ecclesiam
1217 1864 1595 1924 exercebant:
1640 1860 1976 1922 cuiusmodi
2015 1859 2125 1921 fuit
2163 1860 2264 1922 illa
2305 1861 2380 1921 de
2421 1859 2542 1922 diei
2581 1859 2992 1938 decimiquarti
3011 1865 3089 1923 ad
3111 1865 3337 1925 Pascha

410 1943 855 2021 obseruatione,
894 1963 969 2004 ex
1009 1960 1129 2019 qua
1167 1943 1875 2022 Τεσσαρεςκαιδεκατὶται
1892 1985 1909 2020 ,
1951 1940 2076 2002 siue
2115 1939 2636 2018 Quartadecirnani
2674 1939 2848 2022 dicti,
2889 1942 2990 2020 qui
3023 1941 3142 2004 suis
3161 1945 3339 2005 decu-

406 2023 597 2084 manis
636 2023 911 2084 fluctibus
950 2021 1161 2102 perdiu
1198 2021 1529 2082 Ecclesiam
1574 2020 1941 2082 diuexarunt.
2005 2023 2141 2083 Hae
2178 2031 2378 2082 autem
2419 2019 2859 2084 dissertationes
2902 2025 2978 2084 de
3018 2023 3336 2102 Legalibus

406 2103 784 2182 ceremoniiS,
841 2103 1131 2164 exstincto
1182 2100 1299 2162 iam
1352 2101 1497 2162 olim
1552 2101 2026 2162 ceremoniarum
2077 2120 2188 2163 vsu
2239 2099 2532 2162 extinctae
2587 2111 2738 2162 sunt.
2801 2103 2970 2164 Faxit
3020 2106 3184 2165 Deus
3236 2103 3336 2166 ille

404 2187 604 2262 Pater,
642 2183 785 2246 faxit
824 2183 1120 2246 Dominus
1160 2185 1323 2244 Iesus
1365 2181 1633 2243 Christus
1648 2227 1665 2258 ,
1706 2181 1929 2260 gratiae
1971 2184 2027 2243 δι
2066 2181 2326 2244 veritatis
2357 2181 2512 2242 illius
2533 2182 2808 2261 effector,
2843 2199 3022 2260 quam
3043 2185 3172 2245 Lex
3193 2184 3336 2245 olim

402 2262 917 2344 praesignificabat
960 2262 1195 2324 indictis
1236 2262 1614 2340 ceremoniis,
1656 2273 1719 2322 vt
1760 2281 1979 2340 corpus
1998 2261 2143 2324 illud
2169 2260 2638 2340 sanctissimum,
2674 2262 2840 2340 quod
2859 2263 2950 2324 his
2971 2264 3337 2344 temporibus

403 2343 643 2405 vltimus
694 2343 947 2405 redemit
995 2360 1104 2405 suo
1156 2341 1441 2421 sanguine
1456 2387 1472 2418 ,
1520 2341 1824 2404 veritatem
1875 2345 1929 2404 δι
1979 2341 2230 2420 gratiam
2283 2341 2464 2420 ipsius
2517 2351 2680 2402 tanta
2733 2343 2852 2404 fide
2905 2346 3092 2422 colat,
3144 2355 3209 2407 vt
3257 2345 3336 2406 de

405 2423 756 2487 ceremoniis
814 2423 1107 2486 abstineat
1158 2422 1482 2503 dimicare,
1542 2427 1598 2485 δι
1652 2424 1920 2485 membra
1970 2421 2192 2485 Christi
2243 2429 2465 2501 suaque
2513 2421 2694 2503 ipsius
2748 2434 2993 2505 propter
3046 2426 3336 2489 humanas

404 2504 652 2567 lacinias
692 2506 748 2565 &
790 2506 1281 2585 ἑθελοθρησκείας
1324 2504 1555 2565 desinat
1593 2504 1835 2565 tandem
1875 2503 2286 2566 conscindere.

487 2588 583 2646 De
635 2584 1001 2647 iudicialibus
1042 2587 1185 2645 vero
1225 2585 1281 2644 δι
1321 2584 1576 2663 politicis
1614 2584 1878 2664 legibus,
1920 2603 2076 2663 quae
2115 2586 2195 2647 ad
2235 2582 2505 2647 homines
2547 2594 2816 2663 spectant
2856 2588 2912 2648 &
2952 2604 3336 2648 communem

406 2666 757 2727 societatem
805 2664 1069 2743 ipsorum
1086 2709 1103 2743 ,
1156 2683 1281 2726 non
1330 2676 1421 2726 est
1473 2666 1661 2758 aeque
1715 2676 1885 2726 vetus
1937 2664 2001 2725 in
2053 2665 2320 2727 Ecclesia
2371 2664 2711 2745 disputatio.
2777 2666 2934 2725 Nam
2981 2666 3187 2747 primis
3224 2666 3337 2729 inis

406 2746 714 2807 Ecclesiae
762 2745 981 2806 Christi
1033 2746 1195 2805 velut
1247 2744 1650 2818 incunabulis,
1700 2748 2099 2824 Imperatores
2153 2748 2209 2807 δι
2263 2748 2462 2823 Reges
2515 2744 2759 2806 Ethnici
2807 2746 3055 2807 habenis
3109 2746 3337 2825 reipub.

404 2828 813 2919 praefuerunt,
865 2827 921 2886 &
974 2825 1274 2901 Dynastas
1289 2870 1308 2904 ,
1348 2826 1687 2905 EparchOS,
1726 2844 1799 2885 ac
1840 2826 2222 2903 Magistratus
2269 2824 2499 2887 omneis
2539 2824 2629 2886 sui
2669 2824 2930 2905 generis,
2970 2838 3073 2887 aut
3115 2826 3337 2889 meritis

403 2924 701 2985 ipsorum,
741 2915 842 2967 aut
884 2908 1047 2965 sumo
1091 2907 1147 2964 δι
1184 2906 1405 2983 gratia,
1446 2916 1549 2965 aut
1590 2904 1948 2982 quaestione·
1975 2906 2240 2984 legitima
2281 2906 2359 2966 de
2399 2904 2484 2966 eis
2527 2905 2732 2966 habita
2769 2911 2859 2983 (vt
2892 2908 2970 2968 ab
2992 2908 3334 2969 Alexandro

404 2988 627 3047 Seuero
669 2996 868 3045 narrat
906 2984 1277 3063 Lampridius
1317 2986 1563 3065 factum)
1602 2986 2040 3064 praefecerunt,
2079 3006 2187 3066 per
2229 3002 2380 3064 quos
2422 2984 2768 3047 Christianis
2807 2984 3048 3048 minime
3075 2987 3240 3047 licuit
3261 2990 3337 3049 de

404 3066 631 3127 ratione
670 3064 1026 3126 iudiciorum
1070 3066 1537 3127 exercendorum
1576 3066 1865 3126 laborare.
1908 3067 2292 3146 Quapropter
2331 3064 2684 3127 sanctissimi
2722 3065 2805 3127 illi
2847 3066 2956 3127 viri
2973 3068 3052 3129 de
3071 3087 3146 3129 eo
3169 3068 3334 3145 quod
3423 3094 3430 3101 ·

403 3167 478 3209 ex
530 3164 639 3207 vsu
693 3144 997 3207 Ecclesiae
1052 3154 1207 3205 esset
1245 3164 1355 3223 pro
1396 3144 1741 3207 conditione
1786 3145 1910 3207 eius
1948 3146 2212 3220 solliciti,
2252 3146 2331 3207 ad
2370 3145 2781 3223 quaestionem
2821 3148 2978 3207 hanc
3017 3148 3094 3209 de
3131 3166 3240 3209 vsu
3279 3151 3335 3211 δι

404 3226 755 3287 auctoritate
793 3227 993 3303 legum
1034 3224 1396 3287 iudicialium
1436 3225 1625 3287 Mosis
1664 3225 1931 3287 animum
1969 3246 2094 3287 non
2132 3226 2496 3289 adiecerunt.
2535 3226 2895 3305 satagebant
2931 3228 3091 3288 enim
3111 3227 3338 3307 sapien·

404 3306 657 3386 tissime,
718 3316 784 3366 vt
840 3322 946 3367 sua
1000 3304 1187 3384 pietas
1227 3308 1308 3367 ad
1349 3305 1551 3367 omnia
1590 3304 1745 3367 vtilis
1784 3306 2092 3367 Ecclesiae
2131 3318 2318 3369 esset:
2361 3325 2484 3369 non
2525 3307 2605 3367 ad
2646 3306 3021 3385 quaestiones
3058 3325 3332 3387 superua-

403 3406 647 3466 caneas,
708 3386 999 3463 curiosas,
1038 3396 1141 3447 aut
1180 3384 1489 3447 communi
1529 3388 1696 3448 bono
1738 3386 2149 3449 aduersaturas
2188 3398 2406 3449 euentu
2445 3404 2555 3448 suo
2598 3397 2826 3448 mentes
2866 3386 3100 3467 piorum
3143 3390 3338 3449 tradu-

403 3477 597 3560 ceret,
662 3477 764 3527 aut
821 3486 929 3545 per
969 3466 1422 3544 imprudentiam
1465 3466 1593 3545 rapi
1630 3466 1825 3528 alieno
1866 3470 2027 3529 facto
2067 3478 2382 3545 pateretur.
2426 3468 2484 3529 Ο
2523 3464 2726 3528 diuina
2766 3468 3010 3545 pecto(f.
3057 3487 3163 3546 147
3175 3470 3330 3545 8)ra!

404 3548 443 3611 ὁ
499 3566 731 3608 ammos
782 3545 1273 3626 sapientissimos!
1336 3548 1374 3607 ὃ
1426 3545 1801 3625 prudentiam
1853 3548 2288 3610 admirabilem!
2333 3548 2372 3609 ὃ
2413 3547 2794 3610 sobrietatem
2835 3546 3076 3627 dignam
3093 3594 3110 3627 ,
3149 3567 3330 3627 quam

402 3625 593 3689 oculis
632 3629 823 3689 ferant
866 3627 1147 3705 quicunq.
1186 3627 1265 3686 ad
1305 3645 1456 3705 opus
1498 3626 1747 3688 Domini
1782 3626 1981 3688 vocati
2020 3630 2186 3690 sunt!

482 3710 809 3785 Postquam
864 3711 1006 3768 vero
1060 3715 1317 3767 mutatus
1366 3718 1455 3768 est
1508 3717 1691 3767 status
1738 3706 1913 3786 Reip.
1954 3711 2259 3770 voluntate
2298 3709 2442 3787 Dei,
2485 3710 2541 3769 &
2580 3704 2899 3769 Christiani
2936 3710 3332 3786 Imperatores

401 3786 551 3859 dati,
594 3786 694 3848 hic
732 3787 953 3848 sensim
992 3788 1071 3847 ad
1112 3784 1411 3848 Ecclesias
1450 3786 1683 3866 irrepsit
1722 3787 1990 3863 quaestio
2029 3790 2105 3849 de
2146 3790 2271 3851 iure
2309 3788 2499 3850 Mosis
2531 3786 2808 3867 politico,
2837 3789 2892 3849 δι
2915 3788 3332 3851 obseruatione

396 3868 570 3929 illius.
634 3868 776 3944 Quo
829 3878 1099 3945 tempore
1155 3865 1482 3943 sapientiss
1537 3866 1621 3927 illi
1673 3870 1728 3927 δι
1776 3868 2101 3929 orthodoxi
2153 3873 2353 3930 Patres
2408 3872 2568 3930 hunc
2622 3870 2830 3929 orbem
2887 3868 3013 3929 sine
3060 3868 3333 3947 grauiore

396 3946 643 4025 strepitu
694 3947 881 4025 (quod
932 3946 1120 4022 aiunt)
1172 3944 1493 4027 circumagi
1545 3947 1811 4008 videntes
1851 3960 2158 4027 oportere,
2199 3952 2336 4011 curn
2376 3953 2415 4012 a
2454 3965 2648 4009 rerum
2689 3948 3038 4010 secularium
3081 3950 3174 4009 aa)
3218 3952 3332 4008 τῶν

397 4034 506 4088 τοῦ
551 4028 690 4103 βίου
734 4038 1136 4108 πραγματειῶν
1173 4024 1265 4107 (vt
1305 4030 1565 4107 appellat
1606 4030 1844 4103 Paulus)
1864 4029 2260 4091 sollicitudine
2277 4031 2715 4105 abstinuerunt,
2745 4038 2873 4089 tum
2893 4030 2996 4088 Ma
3039 4027 3334 4091 istratibus

400 4105 715 4168 ordinariis
766 4123 933 4167 suam
986 4106 1047 4166 in
1089 4106 1345 4168 dicendo
1388 4108 1511 4169 iure
1552 4108 1867 4187 ferendisq.
1908 4110 2140 4189 legibus
2178 4112 2591 4173 auctoritatem
2629 4108 2910 4169 intactam
2951 4127 3015 4168 re
3039 4106 3334 4187 iquerunt.

400 4186 609 4265 Siquid
649 4198 847 4247 autem
890 4198 1097 4247 contra
1136 4198 1359 4248 rectam
1400 4188 1691 4249 rationem
1732 4202 2046 4251 cernerent
2083 4191 2444 4265 institutum,
2485 4208 2666 4271 quam
2708 4188 2770 4248 in
2811 4198 3019 4249 natura
3057 4192 3114 4249 δι
3154 4188 3334 4268 scrip-

400 4278 533 4327 tura
574 4268 736 4328 Deus
778 4266 1123 4345 explicauit,
1164 4265 1226 4328 id
1262 4279 1364 4329 aut
1404 4268 1622 4330 sedatis
1664 4270 2068 4349 modesttsque
2107 4270 2532 4333 monitionibus
2572 4278 2927 4331 curauerunt
2947 4268 3198 4347 corrigi,
3231 4280 3332 4331 aut

404 4345 695 4427 patienter
736 4346 811 4425 (si
850 4348 1015 4425 quod
1058 4346 1223 4413 ἕλκος
1265 4348 1601 4427 leandrum*
1640 4361 1741 4410 aut
1780 4352 2002 4411 malum
2041 4353 2405 4430 ἂδιορθωτὸν
2443 4352 2618 4427 esset)
2659 4351 3052 4429 pertulerunt,
3080 4368 3158 4410 ne
3176 4349 3328 4411 forte

716 4460 725 4467 ·
3009 4448 3328 4491 commune
