3923 4875
690 349 767 426 48
1652 357 1754 406 nn
1818 357 2040 404 vana
2100 353 2638 404 Tneotoom.

692 528 885 608 libris,
938 537 1107 589 sexto
1120 573 1138 608 ,
1179 523 1431 606 septimo
1446 571 1465 606 ,
1512 535 1728 587 octauo
1743 569 1762 603 ,
1802 523 1879 585 de
1917 523 2078 584 ciuit.
2118 522 2234 583 Dei
2271 519 2634 600 Augustinus
2673 517 3029 581 sanctissime
3069 520 3126 581 &
3165 512 3603 600 diligentissime

698 608 1073 671 subuerterit:
1137 609 1357 668 omisso
1416 623 1689 667 sermone
1748 604 1825 664 de
1878 604 2024 664 falsa
2076 601 2437 680 Theologia,
2477 616 2631 678 quae
2670 600 2817 661 nihil
2853 600 3013 662 aliud
3051 609 3140 662 est
3178 617 3360 679 quam
3399 601 3602 680 opinio

699 692 756 749 δι
786 690 997 750 vmbra
1037 689 1363 765 Sapientiae
1402 686 1563 747 aliud
1612 684 1843 762 quiduis
1881 702 1992 761 pro
2032 683 2208 743 rebus
2247 681 2458 742 diuinis
2497 680 2939 762 prehendenn’s,
2983 681 3156 759 igitur
3193 682 3414 742 omisso
3453 683 3602 741 falso

696 770 775 830 ad
813 770 953 830 Veri
994 769 1397 830 definitionem
1436 769 1493 826 &
1529 764 2040 844 inuestigationem
2080 765 2216 824 Deo
2255 771 2496 824 auctore
2511 805 2530 841 ,
2567 761 2962 824 transibimus».

1902 1151 1954 1211 C
1976 1151 2033 1209 A
2052 1151 2102 1209 P
2119 1151 2178 1208 V
2196 1153 2253 1210 T
2315 1152 2346 1210 I
2359 1151 2405 1209 Ι.

1828 1309 1995 1384 Quid
2025 1309 2106 1366 sit
2148 1307 2487 1381 Theologia.

768 1488 929 1546 Vera
965 1485 1141 1563 igitur
1178 1481 1536 1560 Theologia,
1577 1481 1715 1540 cum
1754 1479 2039 1556 sapientia
2078 1495 2310 1539 summa
2351 1477 2425 1538 sit
2438 1522 2456 1556 ,
2499 1493 2768 1539 summae
2807 1478 3204 1558 amplitudinis
3237 1482 3293 1540 δι
3314 1479 3612 1558 dignitatis

689 1567 751 1627 in
810 1585 873 1626 se
887 1611 906 1645 ,
960 1579 1341 1640 summaeque
1394 1563 1457 1622 in
1496 1559 1669 1620 nobis
1708 1558 1966 1620 vtilitatis
1979 1603 1998 1638 ,
2039 1559 2088 1618 si
2135 1559 2322 1620 modo
2362 1575 2501 1618 cum
2540 1558 2867 1621 humilitate
2907 1560 3118 1620 mentis
3157 1563 3214 1620 δι
3252 1560 3615 1620 conscientia

690 1646 986 1706 tenuitatis
1018 1653 1253 1703 nostrae
1291 1639 1679 1718 percipiamus
1718 1638 1909 1718 ipsam
1948 1641 1988 1697 a
2025 1638 2318 1716 Domino,
2358 1637 2534 1714 varijs
2573 1639 2768 1700 modis
2807 1644 2896 1716 (vt
2933 1641 3199 1701 fecerunt
3238 1638 3428 1713 multi)
3469 1639 3613 1699 defi-

690 1726 801 1786 niri
840 1735 1054 1803 potest.
1116 1721 1235 1782 Sed
1289 1721 1571 1797 quoniam
1610 1738 1685 1780 ex
1722 1728 1845 1778 tam
1885 1717 2086 1778 multis
2125 1717 2568 1780 definitionibus
2609 1736 2682 1778 ea
2721 1719 2962 1780 demum
3002 1719 3255 1780 maxime
3295 1719 3614 1797 probanda

691 1806 925 1866 videtur
962 1803 1092 1878 es(f.
1120 1803 1409 1878 1375.)se,
1438 1818 1591 1878 quae
1628 1808 1818 1858 totam
1837 1797 2129 1859 rationem
2151 1801 2207 1858 δι
2230 1800 2516 1859 Naturam
2538 1799 2624 1858 rei
2641 1798 3078 1876 simplicissimis
3096 1800 3324 1877 legibus
3365 1799 3502 1859 am‘s
3535 1817 3612 1858 ex

692 1885 936 1945 veritate
970 1881 1272 1959 exprimit:
1302 1879 1477 1941 nobis
1510 1878 1607 1939 hic
1635 1876 2030 1955 Theologiam
2052 1877 2281 1938 definiri
2319 1879 2514 1956 placet
2551 1879 2878 1940 secundnm
2920 1897 3106 1958 genus
3144 1882 3200 1939 δι
3222 1877 3610 1939 differentiam

690 1964 871 2042 ipsius
884 2007 902 2040 ,
945 1961 1137 2021 verbis
1175 1977 1423 2021 numero
1465 1959 1707 2037 quidem
1746 1957 2134 2037 paucissimis,
2174 1959 2246 2032 (si
2287 1958 2412 2018 fieri
2445 1961 2665 2035 potest)
2697 1959 2804 2019 sed
2827 1969 3039 2029 ‚tamen
3072 1956 3612 2036 significantissimis

694 2049 1063 2119 argumento.
1122 2039 1279 2100 cum
1328 2040 1487 2100 enim
1541 2037 1707 2098 omni
1745 2037 2077 2116 quaestioni
2115 2037 2365 2116 simplici
2403 2055 2555 2115 quae
2595 2037 2815 2115 agitur,
2855 2039 3154 2118 propriam
3193 2055 3362 2098 suam
3403 2037 3614 2098 defini-

694 2122 918 2181 tionem
956 2118 1167 2197 optimi
1201 2130 1474 2180 auctores
1515 2118 1758 2179 iubeant
1796 2117 2092 2194 adhiberi,
2131 2119 2458 2178 secundum
2497 2135 2682 2194 genus
2715 2121 2772 2178 δι
2813 2119 3200 2180 differentiam
3241 2123 3331 2195 (vt
3366 2121 3612 2193 vocant)

694 2201 1030 2278 specificam
1089 2199 1297 2280 ipsius;
1350 2201 1470 2260 hoc
1522 2209 1835 2274 vtrurnque
1888 2198 2440 2258 conuenientissime
2492 2197 2646 2257 tradi
2690 2197 2751 2256 in
2796 2198 2958 2259 hunc
3001 2199 3247 2260 modum
3288 2197 3614 2258 iudicamus

694 2299 899 2360 posse3
946 2281 1119 2340 Thes.
1161 2298 1216 2340 v.
1266 2280 1617 2355 Theologia,
1658 2285 1745 2336 est
1780 2280 2066 2354 sapientia
2097 2297 2298 2338 rerum
2339 2278 2698 2338 diuinarum.
2737 2279 2844 2339 Est
2879 2280 3036 2339 enim
3065 2279 3351 2356 sapientia
3365 2322 3383 2356 ,
3402 2294 3610 2337 verum

691 2377 877 2439 genus
917 2377 1091 2420 verae
1128 2359 1514 2436 Theologiae.
1554 2357 1961 2417 Differentiam
2006 2361 2148 2418 vero
2187 2358 2491 2417 statuimus
2533 2375 2730 2418 rerum
2769 2357 3148 2436 Diuinarum,
3182 2374 3338 2434 quae
3369 2357 3610 2435 quidem

694 2444 833 2501 vere
872 2440 1105 2501 diuinae
1145 2449 1313 2512 sunt,
1354 2437 1766 2518 appellatione.
1806 2439 1900 2497 Ac
1934 2437 2190 2516 primum
2231 2437 2472 2516 quidem
2511 2439 2906 2517 Theologiam
2944 2442 3289 2517 sapientiam
3317 2442 3390 2498 eo
3409 2439 3611 2515 appel·

694 2524 913 2599 lamus,
953 2520 1119 2597 qubd
1155 2538 1368 2581 omnes
1407 2519 1653 2581 omnino
1694 2516 2080 2595 proprietates
2121 2518 2201 2577 ad
2239 2517 2602 2577 intellectum
2617 2564 2634 2595 ‚
2669 2519 3001 2599 scientiam,
3033 2522 3090 2580 δι
3107 2536 3278 2579 vsum
3299 2520 3610 2578 salutarem

696 2601 1053 2680 pertinentes
1066 2645 1085 2678 ,
1148 2619 1223 2661 ex
1282 2602 1509 2660 Natura
1576 2601 1631 2659 δι
1694 2614 1869 2675 supra
1920 2599 2209 2657 Naturam
2223 2643 2242 2666 ,
2317 2597 2501 2658 modo
2572 2600 2749 2677 plane
2815 2598 3302 2659 excellentissimo
3359 2598 3421 2657 in
3481 2615 3610 2658 sese

694 2681 1133 2760 complectitur3
1192 2683 1353 2741 velut
1408 2678 1728 2740 certissima
1787 2676 2214 2755 principiorum
2264 2676 2473 2756 index,
2527 2678 2886 2755 amplissima
2925 2679 3300 2739 scientiarum
3345 2677 3614 2739 omnium

748 2770 1072 2839 εωρητικῶκ
1112 2762 1207 2819 καὶ
1246 2766 1574 2839 πρακτικῶν
1623 2756 1922 2835 princepS,
1977 2760 2034 2817 δι
2088 2756 2511 2835 sapientissima
2550 2758 2816 2819 omnium
2858 2760 3158 2820 actionum
3195 2758 3610 2833 rationumque

694 2840 942 2914 arbitra,
983 2840 1147 2900 omni
1187 2840 1534 2917 exceptione
1572 2836 1778 2897 maior.
1820 2838 1995 2897 Haec
2035 2836 2194 2897 enim
2227 2836 2513 2915 simplicia
2545 2840 2786 2914 quaeuis
2812 2838 3096 2917 principia
3115 2838 3290 2897 nobis
3309 2834 3434 2896 siue
3452 2837 3612 2913 inge-

694 2928 897 2979 nerata
934 2917 971 2977 a
1008 2920 1263 2999 Natura,
1294 2919 1417 2978 siue
1437 2936 1542 2995 per
1560 2916 1675 2976 Dei
1694 2916 1939 2994 gratiam
1959 2916 2240 2994 inspirata
2257 2961 2275 2995 ,
2305 2920 2360 2977 &
2381 2916 2623 2995 quidem
2641 2918 2986 2979 immediata
3003 2921 3092 2996 (vt
3112 2916 3390 2978 dicuntur
3404 2917 3612 2993 vulgo)

694 2997 971 3076 immota,
1010 3008 1189 3075 atque
1228 2998 1557 3059 necessaria
1595 2995 1775 3055 docet
1812 3014 1923 3057 nos
1967 2995 2442 3073 apprehendere:
2495 2999 2668 3059 Haec
2709 2999 2920 3059 eadem
2960 2998 3331 3077 apprehensa
3369 3013 3612 3072 compo-

696 3095 839 3137 nere
878 3086 1057 3155 atque
1098 3078 1386 3139 dividere:
1428 3079 1601 3137 Haec
1638 3074 1780 3135 item
1820 3094 1895 3135 ex
1934 3075 2280 3153 compositis
2319 3080 2376 3137 δι
2394 3076 2593 3137 diuisis
2613 3078 2946 3139 ratiocinari
2964 3077 3168 3138 diuino
3188 3075 3406 3137 modo:
3441 3077 3616 3134 Haec

696 3156 1239 3219 ratiocinationibus
1293 3156 1372 3218 ad
1421 3155 1725 3217 scientiam
1777 3155 1968 3233 ipsam
2026 3174 2332 3235 assurgere
2373 3174 2603 3218 summe
2641 3157 3032 3220 necessariam
3047 3203 3068 3237 .,
3107 3155 3518 3230 certissimam,
3557 3156 3615 3213 δι

696 3237 823 3296 sola
862 3236 1139 3298 Veritatis
1178 3248 1451 3298 aeternae
1490 3234 1869 3295 immutabilis
1909 3238 1966 3296 δι
2006 3235 2510 3297 constantissimae
2551 3238 3057 3315 contemplatione
3089 3245 3452 3299 contentam.
3492 3234 3617 3293 Cur

695 3315 853 3376 enim
893 3316 1137 3395 Sapiens
1176 3336 1303 3380 non
1342 3314 1744 3394 acquiesceret
1784 3314 1986 3375 diuina
2023 3316 2124 3376 illa
2157 3316 2506 3377 certitudine
2519 3363 2538 3397 ,
2569 3335 2724 3393 quae
2741 3318 2894 3379 inest
2914 3336 3053 3378 cum
3076 3319 3252 3378 rebus
3271 3314 3414 3393 ipsis
3427 3360 3444 3391 ,
3465 3328 3614 3391 quas

696 3395 1028 3475 Theologia
1066 3398 1243 3459 tradit
1282 3407 1347 3456 ut
1384 3406 1545 3457 sunt:
1586 3404 1714 3454 tum
1753 3394 1863 3471 ipsi
1900 3396 2102 3456 animo
2143 3395 2407 3475 scientis,
2447 3407 2626 3474 prout
2643 3409 2779 3460 sunt
2797 3397 3077 3458 diuinitus
3097 3398 3175 3457 ab
3195 3413 3269 3456 eo
3294 3414 3401 3473 per
3416 3396 3616 3454 Theo-

694 3474 913 3553 logiam
953 3474 1261 3555 cognitae?
1300 3478 1499 3553 Atque
1520 3476 1630 3535 hae
1648 3475 1893 3535 virtutes
1914 3494 2151 3555 omneS,
2173 3493 2320 3554 quas
2341 3478 2528 3537 modo
2549 3476 2802 3537 diximus
2817 3524 2835 3557 ,
2857 3477 2920 3538 in
2945 3474 3337 3555 Intelligentia
3357 3473 3583 3552 positae
3597 3517 3616 3551 ,

696 3555 953 3617 scientiis
990 3554 1103 3616 illis
1146 3558 1268 3617 fere
1296 3554 1485 3633 aptari
1517 3555 1738 3632 solent,
1758 3571 1909 3633 quae
1932 3554 2431 3634 contemplativae
2453 3558 2632 3634 vulgo
2653 3557 2950 3619 dicuntur.
2989 3560 3160 3617 Haec
3183 3554 3397 3615 eadem
3417 3563 3616 3614 osten-

696 3635 783 3695 dit
822 3634 1046 3713 optime
1086 3637 1336 3697 modum
1376 3633 1769 3695 necessarium
1806 3652 1983 3696 verae
2021 3636 2342 3697 sanctitatis
2381 3639 2435 3696 δι
2476 3636 2724 3697 iustitiae
2765 3648 3002 3698 nostrae
3041 3636 3290 3697 modum
3323 3634 3614 3710 (inquam)

696 3726 923 3775 certum
964 3720 1062 3775 καὶ
1106 3714 1564 3795 αὖταρκὲςατοκε
1606 3716 1781 3774 Haec
1822 3715 2002 3775 finem
2043 3732 2341 3776 summum
2381 3732 2519 3776 cum
2560 3716 2622 3777 in
2662 3717 2916 3793 Natura,
2956 3727 3084 3777 tum
3117 3733 3295 3793 supra
3329 3716 3616 3773 Naturam

696 3812 891 3884 rerum
930 3797 1173 3873 exponit
1209 3796 1271 3855 in
1311 3795 1497 3854 oculis
1538 3793 1777 3855 nostris:
1821 3795 1922 3871 qui
1963 3796 2094 3856 finis
2133 3796 2588 3875 supernaturalis
2625 3798 2764 3856 vere
2819 3797 2978 3857 solus
3011 3806 3102 3856 est
3119 3798 3379 3884 Naturae
3399 3810 3616 3871 propo-

697 3884 870 3953 situs3
910 3886 1013 3936 aut
1050 3875 1121 3952 (si
1162 3877 1315 3936 forte
1356 3874 1502 3935 alios
1541 3874 1779 3952 insuper
1815 3875 1961 3936 fines
2003 3878 2262 3954 placeret
2303 3878 2628 3953 apponere)
2669 3876 2830 3936 Finis
2868 3878 3048 3955 longe
3089 3872 3617 3953 praestantissimus

695 3952 981 4015 dicendus
1021 3966 1137 4015 est:
1180 3956 1395 4032 quibus
1431 3955 1491 4015 in
1529 3957 1709 4016 rebus
1748 3954 1941 4015 omnis
1982 3958 2108 4017 laus
2149 3956 2524 4016 scientiarum
2567 3955 2861 4034 consistit,
2894 3973 3048 4033 quae
3068 3953 3298 4016 actiuae
3319 3950 3618 4016 nominari

694 4034 907 4123 solent.
948 4038 1117 4095 Haec
1156 4034 1411 4112 denique
1451 4054 1735 4113 germana
1756 4035 1855 4095 illa
1874 4036 2249 4096 scientiarum
2271 4044 2458 4095 mater
2476 4044 2652 4112 atque
2673 4035 2876 4115 regina
2897 4044 3014 4114 est,
3036 4050 3190 4112 quae
3209 4034 3456 4111 quidem
3474 4032 3614 4092 vere

694 4112 968 4172 scientiae
1010 4124 1145 4175 sunt
1183 4126 1363 4192 atque
1401 4118 1798 4194 appellantur3
1840 4118 1896 4175 δι
1936 4114 2391 4193 principiorum,
2430 4124 2490 4175 et
2508 4114 3058 4189 ratiocinationum,
3082 4118 3137 4176 δι
3158 4112 3614 4176 conclusionum

692 4208 768 4249 ex
796 4190 909 4269 εἰς,
950 4195 1005 4251 &
1046 4192 1449 4272 scientiarum,
1493 4198 1549 4255 &
1586 4213 1755 4273 vsus,
1784 4196 1839 4254 δι
1869 4196 2206 4273 actionum,
2227 4197 2282 4253 δι
2303 4193 2653 4256 iudiciorum
2673 4196 2971 4271 omnium,
2992 4197 3047 4255 δι
3068 4195 3248 4255 totius
3271 4193 3511 4255 rationis
3535 4192 3616 4251 ad

692 4270 839 4330 haec
872 4270 1073 4330 omnia
1112 4274 1451 4348 pertinentis
1470 4291 1701 4335 summa
1718 4275 2006 4351 perfectio
2024 4320 2042 4347 ,
2063 4290 2452 4351 quaecunque
2472 4274 2550 4334 ab
2577 4274 2876 4337 intellectu
2894 4321 2910 4354 ,
2931 4276 2989 4335 &
3010 4273 3236 4335 ratione
3249 4316 3268 4351 ,
3291 4277 3348 4334 δι
3369 4270 3613 4333 scientia

692 4361 827 4411 sunt
842 4394 859 4429 ,
880 4351 1297 4427 perfectissime
1314 4351 1581 4412 iudicans
1596 4398 1614 4431 ,
1634 4357 1690 4413 ὅτ
1712 4353 1993 4415 ordinans
2017 4351 2460 4432 sapientissime.
2502 4353 2883 4433 Quapropter
2905 4354 3176 4415 iniuriam
3197 4353 3613 4491 faciffntlverae

3237 4434 3294 4491 T
3338 4450 3412 4493 eo
3437 4429 3608 4509 ogiae
