3923 4875
1440 376 1848 422 namuci
1908 377 2126 421 rans
2181 378 2232 431 ,1.
3172 378 3285 433 411

370 542 595 601 temere
655 538 1077 607 condemnant,
1142 542 1197 599 &
1257 556 1465 629 pacam
1504 536 1902 616 pronunciant
1940 556 2046 599 eos
2083 536 2284 616 lingua
2325 537 2523 598 testari
2565 540 2776 598 contra
2832 541 3012 619 quam
3055 536 3290 599 animus

370 620 613 696 sentiat,
652 630 715 677 vt
752 616 1116 695 iniquitatem
1154 616 1510 679 iudiciorum
1549 636 1789 679 suorum
1828 621 2105 696 proterue
2145 616 2450 679 tueantur?
2506 620 2716 697 Apage
2756 618 2926 679 istam
2969 616 3256 679 insaniam
3276 664 3291 692 ,

375 718 501 759 non
562 698 803 759 homine
861 697 1197 760 Christiano
1212 744 1230 775 ,
1290 717 1413 758 non
1474 698 1723 759 naturali
1780 696 2054 777 homine3
2095 716 2219 759 non
2259 700 2434 758 bruta
2473 698 2771 758 animante
2811 696 3084 775 dignam:
3129 716 3290 775 quae

374 778 605 841 insania
650 778 790 839 inde
848 781 885 837 a
922 778 1135 839 seculis
1197 776 1393 839 multis
1452 776 1676 841 animas
1714 777 1974 857 perdidit
2010 776 2485 839 innumerabiles.
2537 780 2958 839 Verumtamen
2999 788 3128 839 esto
3145 824 3163 857 ,
3207 779 3288 839 de

377 860 526 919 Fine
566 857 911 937 conueniat,
966 869 1031 919 vt
1088 862 1225 919 ante
1284 856 1508 921 dictum
1548 868 1663 919 est:
1706 877 1849 937 ergo
1892 859 1970 919 de
2020 856 2136 918 Via
2173 876 2289 935 qua
2329 858 2408 917 ad
2449 859 2630 918 finem
2669 857 3008 935 peruenturi
3049 875 3252 918 sumus
3271 903 3288 937 ,

378 939 661 1017 deinceps
700 937 1022 999 videndum
1061 946 1170 999 est.
1212 942 1411 1015 Atque
1448 938 1547 998 hic
1586 938 1881 999 secundus
1918 939 2086 999 locus
2127 948 2244 1016 est,
2267 954 2446 1015 quem
2467 940 2604 998 ante
2623 936 2704 997 ad
2723 937 2936 997 horum
2957 938 3277 998 verborum

378 1017 921 1095 interpretationem
965 1020 1152 1096 probe
1192 1018 1495 1079 obseruari
1535 1018 1789 1079 diximus
1828 1027 2128 1095 oportere.

459 1096 573 1157 Via
632 1096 751 1174 qua
807 1098 886 1157 ad
944 1099 1141 1158 Deum
1199 1114 1351 1177 opus
1414 1108 1505 1159 est
1556 1099 1945 1176 contendere,
1985 1100 2024 1157 a
2063 1096 2240 1157 nobis
2281 1094 2522 1157 definita
2560 1106 2650 1157 est
2688 1096 3020 1174 Prophetae
3057 1095 3250 1157 verbis
3267 1142 3284 1175 ,

382 1179 521 1237 cum
581 1178 805 1237 ‹iomum
866 1178 1151 1254 Jekouae,
1212 1176 1275 1237 id
1324 1188 1443 1256 est,
1484 1176 1809 1239 Ecclesiam
1860 1195 1972 1256 pro
2011 1176 2107 1237 via
2146 1176 2318 1237 nobis
2359 1176 2698 1237 habendam
2736 1194 2862 1237 esse
2897 1176 3276 1237 traderemus.

382 1258 528 1317 Hoc
584 1256 731 1317 illud
788 1267 907 1334 est,
968 1256 1191 1335 inquiet
1252 1259 1495 1319 fortasse
1547 1256 1840 1335 quispiam
1864 1304 1879 1329 ,
1921 1258 2086 1335 quod
2125 1266 2434 1334 tantopere
2473 1256 2774 1348 cupimus:
2817 1259 2873 1317 δι
2914 1255 3156 1332 quidem
3203 1274 3278 1316 eo

380 1335 633 1415 amplius
671 1335 940 1415 cupimus
955 1381 973 1414 ,
1012 1355 1135 1414 quo
1174 1337 1445 1398 videmus
1481 1338 1731 1416 amplius
1750 1337 2137 1398 necessariam
2159 1354 2289 1397 esse
2310 1334 2500 1413 reipsa
2519 1356 2706 1414 viam,
2727 1339 2784 1397 &
2807 1346 3004 1395 tamen
3025 1334 3284 1397 vanitate

380 1415 689 1477 hominum
730 1427 1189 1477 controuersam.
1232 1418 1387 1477 Nam
1425 1416 1750 1478 Ecclesiam
1790 1416 2034 1495 quidem
2071 1417 2228 1477 viam
2269 1416 2347 1475 ad
2387 1416 2583 1477 Deum
2622 1434 2752 1476 esse
2791 1415 3054 1493 plerique
3075 1434 3284 1475 omnes

380 1494 786 1575 agnoscimus:
828 1496 945 1557 Sed
982 1494 1043 1555 in
1085 1496 1625 1575 circumscriptione
1662 1500 1717 1557 δι
1753 1495 2245 1557 determinatione
2283 1494 2436 1555 illius
2452 1540 2469 1572 ,
2511 1496 2692 1557 ferme
2733 1496 2919 1573 (quod
2959 1497 3140 1574 vulgo
3173 1496 3288 1557 diei

384 1578 561 1653 solet)
603 1586 751 1653 quot
789 1574 985 1655 capita
999 1620 1018 1654 ,
1058 1586 1149 1637 tot
1200 1576 1541 1637 sententiae.
1580 1578 1741 1669 Ergo
1784 1587 1849 1637 vt
1888 1577 1966 1636 de
2003 1596 2069 1637 re
2109 1586 2228 1637 tam
2273 1573 2602 1635 necessaria
2615 1621 2632 1655 ,
2674 1576 2731 1634 δε
2772 1588 2970 1635 tamen
2994 1576 3124 1652 plus
3145 1574 3283 1636 satis

384 1666 793 1728 controuersa,
832 1656 985 1717 inter
1022 1674 1133 1716 nos
1172 1654 1492 1717 conuenire
1533 1667 1715 1735 possit
1730 1701 1748 1734 ,
1788 1656 1910 1716 duo
1950 1655 2226 1734 ponenda
2265 1665 2428 1731 sunt,
2471 1672 2624 1733 quae
2665 1673 2844 1715 nemo
2885 1656 3082 1715 bonus
3114 1656 3282 1731 (dum

382 1735 498 1796 sibi
535 1735 831 1797 constabit
868 1740 1087 1813 mente)
1128 1748 1443 1815 negaturus
1482 1747 1592 1797 est.
1632 1738 1833 1796 Vnum
1873 1746 1992 1813 est,
2033 1734 2177 1795 dum
2199 1735 2274 1795 de
2294 1737 2408 1795 hac
2425 1734 2966 1813 circumscriptione
2985 1734 3286 1795 Ecclesiae

384 1814 704 1877 sententiae
755 1815 1073 1877 audiuntur
1123 1818 1178 1877 &
1236 1816 1649 1892 discutiuntur,
1702 1826 1980 1908 oportere
2033 1825 2098 1875 vt
2135 1814 2232 1891 alij
2274 1816 2528 1875 feramus
2569 1814 2718 1875 alios
2733 1859 2751 1894 ,
2793 1834 2863 1874 ac
2905 1832 3028 1875 non
3067 1817 3280 1875 contra

386 1898 567 1973 quam
618 1893 679 1955 in
732 1896 969 1973 optimis
1024 1897 1198 1957 rebus
1248 1896 1499 1973 publicis
1553 1897 1609 1955 δι
1646 1894 1878 1957 iudiciis
1916 1898 2072 1957 bene
2109 1894 2441 1957 constitutis
2480 1893 2604 1955 iure
2642 1892 2944 1956 obseruari
2985 1895 3163 1970 solet,
3205 1896 3284 1955 ab

386 1974 733 2036 executione
770 1985 1091 2036 statuamus
1130 1976 1215 2035 rei
1248 1975 1575 2037 exordium.
1615 1978 1883 2036 Alterum
1904 1986 2021 2053 est,
2041 1986 2105 2035 vt
2123 1973 2348 2035 facilius
2371 1974 2447 2035 de
2467 1975 2580 2034 hac
2601 1974 2943 2051 quaestione
2966 1972 3284 2034 conuenire

386 2054 601 2133 possit,
642 2053 817 2115 etiam
866 2054 1300 2116 consentiamus
1339 2056 1489 2117 inter
1526 2075 1637 2117 nos
1677 2056 1755 2117 de
1806 2055 1980 2117 certis
2035 2053 2242 2115 mediis
2279 2056 2374 2114 vel
2423 2052 2618 2145 potius
2654 2052 2956 2132 principiis
2997 2053 3282 2113 confessis

382 2135 655 2211 vti-inque
704 2132 855 2195 inter
906 2134 1165 2196 diuersas
1202 2144 1397 2213 partes
1451 2152 1601 2214 opus
1656 2154 1809 2213 esse,
1863 2155 1937 2196 ex
1977 2136 2192 2213 quibus
2230 2134 2510 2213 paulatim
2523 2178 2542 2211 ,
2594 2133 2803 2195 animis
2843 2132 3186 2211 compositis
3223 2136 3280 2195 δι

386 2214 523 2277 rixis
572 2213 839 2292 sepositis
853 2260 872 2293 ,
922 2216 1001 2275 ad
1052 2214 1481 2293 assequendam
1520 2215 1679 2276 illam
1722 2214 2325 2292 circumscriptionem
2363 2212 2668 2274 veniamus
2708 2211 3282 2274 determinationem-

386 2314 504 2375 que
556 2293 874 2355 Ecclesiae.
926 2296 1157 2355 Interea
1216 2299 1355 2355 vero
1404 2314 1481 2355 ne
1528 2295 1591 2356 in
1642 2298 1758 2355 hac
1820 2306 2023 2355 nostra
2072 2312 2256 2372 opera
2293 2302 2492 2353 aerem
2529 2291 2794 2353 dicamur
2835 2294 3085 2353 caedere
3099 2336 3117 2367 ,
3158 2293 3284 2353 sine

386 2374 839 2453 discrepantium
892 2374 1043 2437 inter
1081 2393 1147 2435 se
1184 2376 1437 2454 partium
1476 2373 1865 2454 praeiudiciO,
1907 2373 2264 2452 Principium
2305 2375 2638 2434 confessum
2677 2372 2838 2452 apud
2891 2390 3100 2434 omnes
3149 2390 3286 2432 cum

388 2458 551 2517 bona
588 2473 737 2532 pace
779 2455 1045 2516 omnium
1086 2465 1422 2518 statuemus.
1466 2457 1621 2516 Illud
1660 2467 1859 2518 autem
1900 2463 1989 2516 est
2027 2455 2330 2533 Scriptura
2367 2473 2534 2514 sacra
2554 2498 2571 2529 ,
2611 2454 2688 2514 de
2727 2471 2846 2530 qua
2885 2453 3109 2531 optime
3140 2452 3284 2513 olim

390 2535 753 2614 Augustinus
812 2553 949 2595 cum
994 2534 1321 2596 Donatistis
1370 2555 1577 2615 agens,
1618 2535 1677 2596 in
1718 2534 2031 2614 Scripturis
2045 2579 2064 2615 ,
2103 2533 2404 2613 inquiebat
2417 2579 2435 2612 ,
2485 2532 2794 2595 didicimus
2833 2531 3162 2593 Christum:
3217 2534 3288 2594 In

389 2614 701 2692 Scripturis
742 2613 1053 2676 didicimus
1092 2615 1427 2676 ecclesiam:
1469 2617 1593 2676 Cur
1630 2634 1755 2676 non
1795 2634 1937 2694 ergo
1968 2614 2028 2676 in
2064 2614 2364 2693 scripturis
2395 2631 2772 2674 communem
2791 2613 3091 2674 Christum
3111 2623 3288 2688 atque

389 2693 716 2756 Ecclesiam
758 2691 1113 2756 retinemus?
1157 2695 1249 2754 Ex
1288 2694 1381 2756 his
1416 2705 1615 2757 autem
1654 2694 1984 2773 scripturis,
2023 2696 2187 2755 velut
2224 2692 2574 2754 immediatis
2602 2695 2639 2752 ὲ.
2677 2694 2840 2771 Deo,
2871 2693 3075 2769 certis,
3109 2701 3286 2769 atque

386 2773 646 2836 immotis
685 2773 985 2852 principiis
1024 2773 1369 2835 delineaturi
1408 2774 1771 2852 Ecclesiam,
1812 2794 1935 2835 non
1977 2773 2320 2852 colligemus
2360 2774 2499 2835 hinc
2531 2772 2668 2832 inde
2701 2789 2854 2849 quae
2885 2773 2963 2832 ad
2981 2772 3102 2832 hoc
3119 2789 3288 2850 argu·

390 2865 651 2914 mentum
694 2852 965 2915 videntur
1002 2853 1325 2932 pertinere:
1366 2855 1472 2915 sed
1510 2856 1817 2916 haerentes
1854 2854 1915 2914 in
1955 2855 2076 2914 hoc
2116 2853 2246 2932 ipso
2267 2853 2502 2914 cantico
2521 2851 2763 2930 vestigia
2783 2852 3114 2929 Prophetae
3140 2854 3284 2910 κατὰ

386 2935 566 2999 πόδας
606 2951 1046 3011 persequemur.
1086 2933 1183 2995 Sic
1223 2935 1299 2995 de
1339 2933 1609 2994 Ecclesia
1648 2933 1913 2994 dicemus
1930 2979 1949 3013 ,
1987 2951 2141 3011 quae
2177 2933 2274 2994 hic
2312 2933 2438 3012 ipse
2476 2933 2645 2993 locus
2684 2931 2860 2991 nobis
2885 2928 3284 2992 subministra·

385 3025 547 3072 turus
588 3025 705 3088 est,
748 3017 803 3074 &
840 3013 954 3074 Dei
994 3011 1241 3092 Spiritus
1282 3033 1356 3074 ex
1393 3032 1468 3075 eo
1508 3014 1845 3074 edocturus.

464 3093 637 3153 Haec
684 3092 857 3170 igitur
908 3093 1223 3154 informata
1274 3105 1365 3156 est
1412 3097 1449 3154 a
1502 3094 1734 3154 Dauide
1786 3092 2089 3154 Ecclesiae
2139 3091 2288 3152 ratio
2301 3137 2318 3165 ,
2381 3109 2560 3171 quam
2612 3109 2687 3151 ex
2743 3088 3046 3168 ipsissimis
3087 3088 3284 3170 verbis

384 3189 593 3232 omnes
630 3176 849 3252 (spero)
892 3191 1125 3234 mecum
1162 3172 1518 3252 recognituri
1556 3184 1707 3234 sunt.
1752 3173 2054 3234 Ecclesiae
2094 3173 2313 3250 duplex
2333 3183 2422 3232 est
2442 3171 2618 3230 ratio:
2639 3173 2878 3230 Interna
2892 3216 2908 3249 ,
2932 3172 2988 3230 δι
3007 3171 3285 3230 Externa.

385 3254 683 3313 Internam
725 3253 1013 3312 rationem
1052 3254 1349 3331 Propheta
1393 3252 1649 3330 explicat
1686 3255 1797 3314 hac
1836 3273 1953 3313 vna
1991 3251 2414 3331 appellatione,
2455 3250 2620 3328 quod
2660 3253 2858 3310 domus
2899 3250 3155 3310 Iehouae
3175 3258 3282 3310 est.

384 3332 704 3393 Externam
745 3337 887 3392 vero
928 3330 1217 3393 rationem
1254 3333 1315 3393 in
1356 3333 1775 3394 communione
1816 3342 2156 3393 sanctorum
2191 3331 2446 3410 positam
2466 3330 2830 3390 demonstrat
2849 3331 3022 3408 plane
3043 3331 3286 3406 sequen-

386 3409 561 3472 tibus.
622 3414 695 3474 Id
752 3413 946 3471 solum
1006 3411 1320 3473 discrimen
1372 3412 1688 3473 interuenit
1741 3413 1893 3473 inter
1930 3411 2071 3472 ilarn
2113 3411 2441 3490 Ecclesiam
2480 3410 2537 3469 δι
2576 3411 2732 3469 hanc
2772 3420 3036 3470 nostram
3052 3453 3070 3485 ,
3109 3425 3290 3486 quam

386 3491 653 3553 Christus
690 3493 910 3553 adunat
947 3491 1254 3570 Euangelij
1296 3491 1767 3570 praedicatione,
1806 3493 1972 3568 quod
2009 3492 2108 3552 illa
2149 3509 2286 3550 cum
2325 3511 2388 3552 re
2427 3489 2634 3550 habuit
2669 3491 3037 3567 vmbracula3
3057 3489 3205 3548 haec
3225 3505 3288 3548 re

386 3589 523 3631 cum
562 3571 662 3632 illa
698 3572 908 3633 eadem
948 3583 1063 3649 est,
1104 3573 1211 3632 sed
1252 3570 1575 3634 inuolucris
1614 3583 1889 3650 exempta
1928 3572 2406 3632 vmbraculorum
2449 3573 2842 3647 typorumque
2883 3566 3206 3645 eiusmodi,
3226 3577 3290 3626 vt

386 3652 541 3710 facta
578 3655 615 3711 a
654 3649 889 3712 Christo
929 3651 1039 3712 fuit
1079 3651 1417 3729 disparatio.
1450 3655 1579 3712 Iam
1615 3653 1691 3713 de
1726 3651 1953 3713 ratione
1988 3651 2215 3712 interna
2255 3653 2310 3710 &
2334 3647 2622 3712 essentiali
2645 3648 2948 3708 Ecclesiae
2965 3647 3286 3707 videamus.

461 3731 827 3792 Describitur
866 3731 1133 3792 Ecclesia
1170 3731 1399 3792 duabus
1438 3731 1557 3792 suis
1594 3731 1859 3810 partibus
1899 3731 2306 3792 essentialibus
2346 3734 2434 3806 (ut
2471 3727 2749 3789 omnibus
2770 3731 2948 3788 rebus
2965 3727 3090 3788 fieri
3109 3728 3286 3802 solet)

383 3827 521 3870 cum
560 3813 762 3872 domus
802 3811 1055 3871 Iehouae
1093 3813 1439 3890 appellatur.
1480 3813 1635 3872 Nam
1674 3815 1795 3890 qua
1832 3813 2034 3872 domus
2047 3855 2066 3890 ,
2107 3809 2354 3871 materia
2373 3809 2764 3888 significatur:
2785 3810 3040 3868 Iehouae
3058 3809 3287 3882 domus,

383 3892 577 3950 forma
613 3889 933 3951 essentialis
971 3890 1109 3950 huic
1150 3889 1431 3952 materiae
1470 3890 1674 3952 indita.

462 3969 748 4031 Materiae
794 3987 975 4047 quam
1030 3971 1088 4031 in
1146 3969 1412 4031 Ecclesia
1467 3973 1885 4049 obseruamus,
1926 3969 2190 4048 cognitio
2231 3980 2319 4030 est
2358 3968 2618 4029 euidens.
2663 3969 2874 4045 Neque
2916 3965 3074 4027 enim
3115 3983 3290 4044 agere

382 4049 499 4110 hoc
556 4051 693 4112 loco
757 4053 1063 4111 statuimus
1123 4051 1199 4110 de
1258 4049 1523 4111 Ecclesia
1583 4051 1694 4112 Dei
1745 4051 1807 4111 in
1847 4050 2026 4111 caelis
2065 4061 2335 4110 versante
2374 4058 2552 4126 atque
2591 4046 2852 4126 gloriosa
2867 4093 2884 4124 ,
2940 4065 3014 4106 ex
3065 4044 3289 4123 angelis

383 4129 840 4208 hominibusque
900 4141 1311 4208 coagmentata
1370 4132 1698 4192 secundum
1758 4129 2112 4192 electionem
2172 4129 2287 4190 Dei
2330 4128 2392 4188 in
2431 4127 2670 4188 Christo
2711 4130 2872 4187 Iesu:
2915 4127 3020 4187 sed
3060 4127 3290 4186 tanturn

384 4209 465 4270 de
521 4210 786 4272 Ecclesia
838 4209 981 4286 Dei,
1044 4227 1198 4288 quae
1248 4209 1346 4271 hic
1384 4209 1443 4270 in
1488 4211 1655 4271 terris
1696 4223 1989 4285 versatur,
2034 4211 2091 4270 &
2147 4208 2206 4268 in
2249 4209 2368 4268 fide
2405 4207 2688 4287 tantisper
2728 4208 2990 4267 ambulat
3029 4207 3172 4265 dum
3211 4205 3290 4266 ad

384 4289 811 4381 perfectionem
870 4289 1032 4350 illam
1092 4291 1377 4368 perducta
1437 4288 1529 4351 sit.
1592 4290 1841 4351 Materia
1902 4289 2078 4367 igitur
2130 4288 2301 4348 huius
2341 4287 2643 4349 Ecclesiae
2683 4307 2754 4347 ex
2795 4285 3136 4347 hominibus
3177 4293 3290 4344 est:

386 4385 525 4428 nam
588 4389 659 4430 ex
712 4371 835 4449 lus,
876 4380 1157 4448 tanquam
1198 4389 1275 4432 ex
1312 4369 1605 4448 lapidibus
1646 4373 1891 4450 domus,
1928 4369 2274 4430 aedificatur
2315 4367 2584 4430 Ecclesia
2624 4367 2758 4428 Dei.
2801 4367 2918 4427 Sed
2959 4367 3022 4427 hi
3059 4363 3292 4502 lapide}

3173 4463 3232 4503 vi
