3923 4875
1429 368 1833 413 EIRENICI
1896 369 2109 413 PARS
2168 371 2209 413 1.
3158 354 3268 426 461

355 534 709 596 iri-ventibus
725 580 742 611 ,
806 532 1270 595 sceleratissime.
1308 533 1484 591 Haec
1543 534 1664 592 tela
1700 531 1819 593 iam
1872 532 1933 593 in
1994 551 2201 594 omnes
2241 544 2436 609 partes
2477 532 2794 593 Christiani
2836 532 2994 593 orbis
3036 532 3282 594 volitant

348 616 505 677 adeo
548 614 895 693 confertim,
935 625 999 674 vt
1039 611 1545 690 quemadmodum
1585 612 1792 673 nimbo
1834 613 2352 675 vehementissimo
2393 615 2495 672 lux
2533 614 2713 689 caeli,
2754 613 2833 671 ita
2855 614 2954 671 lux
2973 612 3284 691 spiritualis

351 697 537 757 denso
596 696 850 757 telorum
903 694 1153 755 istorum
1204 710 1454 753 numero
1506 694 1703 754 multis
1758 692 2103 754 Christianis
2149 692 2445 754 mentibus
2488 692 2727 753 ιιιιιιιιιιὲ
2761 692 2930 753 malis
2969 694 3278 754 adimatur.

350 779 447 837 An
512 795 654 854 ergo
715 786 945 836 tantum
1005 785 1095 836 est
1145 773 1206 833 in
1246 772 1564 833 scribendo
1604 774 1949 851 voluptatiS,
1990 786 2056 835 vt
2095 782 2341 853 propter
2381 793 2513 833 eam
2555 772 2800 851 Christi,
2841 773 3179 851 Ecclesiae,
3221 776 3276 835 δι

348 856 678 917 animarum
736 866 859 917 tam
920 858 1237 915 multarum
1298 863 1671 932 expungatur
1724 851 1909 915 ratio?
1963 874 2040 915 an
2081 856 2444 954 voluptatem
2485 854 2645 913 illam
2690 863 2952 914 nostram
2993 819 3179 930 quani
3217 852 3278 913 in

349 936 669 997 scribendo
708 936 1002 1014 capimus,
1042 934 1193 996 tanti
1230 935 1517 995 audemus
1558 931 1791 996 emere?
1832 935 1996 1011 Quin
2036 935 2234 1013 potius
2275 934 2605 1012 cogitamus
2647 934 2812 1011 quod
2856 932 3000 994 olim
3045 932 3285 994 dicebat

348 1017 446 1077 ille
504 1016 817 1095 Satiricus,
880 1015 1069 1077 teneri
1138 1016 1355 1075 multos
1417 1015 1717 1076 scribendi
1776 1016 2063 1077 cacoethe
2121 1012 2476 1075 insanabili?
2517 1014 2749 1091 Scripta
2785 1033 2909 1073 non
2951 1034 3022 1074 ex
3063 1016 3277 1076 morbo

346 1096 559 1170 animi,
623 1096 729 1157 sed
810 1116 883 1157 ex
943 1095 1166 1157 iudicio
1207 1105 1374 1155 certo
1415 1097 1713 1155 exaranda
1752 1108 1932 1173 atque
1970 1095 2204 1157 edenda
2245 1106 2400 1155 sunt.
2447 1093 2732 1171 Alioquin
2772 1092 2955 1154 taceri
2981 1105 3276 1171 praestat:

350 1178 487 1237 cum
548 1178 767 1237 doceat
826 1178 1111 1237 Salomon
1166 1175 1344 1236 etiam
1386 1177 1656 1255 5ιιι1ιιιιιι,
1696 1176 1941 1252 quando
1985 1186 2178 1252 tacet,
2219 1176 2408 1238 videri
2447 1174 2794 1253 sapientem.
2834 1176 3139 1248 Prou.17.
3183 1178 3280 1235 28.

347 1258 532 1333 QuOd
572 1257 622 1317 si
660 1268 827 1319 certo
874 1256 1096 1319 iudicio
1139 1258 1282 1317 fiant
1299 1257 1622 1336 ,profecto
1639 1222 1741 1316 ad
1773 1255 2116 1336 veritatem,
2157 1260 2212 1318 &
2243 1276 2455 1335 pacem
2469 1302 2486 1335 ,
2528 1255 2994 1333 charitatemque
3015 1265 3280 1333 spectare

343 1357 382 1399 o
427 1347 583 1398 ortet
620 1338 840 1398 omnia.

384 1358 518 1477 pAc
576 1420 793 1479 morbo
845 1416 1087 1495 quidem
1143 1415 1327 1477 animi
1366 1414 1563 1494 potius
1597 1420 1777 1494 quam
1817 1416 2039 1477 iudicio
2082 1416 2302 1489 scripta
2334 1420 2512 1494 quam
2556 1415 2812 1496 plurima
2851 1415 2971 1474 hoc
3011 1423 3282 1493 tempore

350 1497 411 1559 in
450 1500 661 1577 vulgus
700 1496 1003 1577 dissipari,
1045 1496 1243 1558 multis
1283 1498 1645 1573 argumentis
1665 1496 1906 1574 probari
1926 1507 2144 1575 potest.
2164 1497 2624 1574 Verumtamen,
2665 1516 2743 1557 ne
2761 1494 3060 1573 longiores
3080 1494 3280 1569 simus,

349 1580 608 1657 paucula
646 1580 940 1654 quaedam
982 1578 1353 1653 adferemus,
1396 1596 1471 1636 ex
1512 1577 1726 1654 quibus
1770 1577 2161 1655 plurimorum
2203 1576 2589 1655 scriptorum,
2650 1594 2804 1653 quae
2842 1575 2965 1636 hoc
3009 1586 3280 1653 tempore

346 1658 823 1720 circumuolitant
864 1659 923 1718 in
966 1675 1177 1719 manus
1218 1656 1514 1735 omnium,
1557 1656 1963 1718 conditionem
1999 1658 2415 1719 ostendemus,
2446 1668 2511 1717 vt
2552 1656 2766 1735 singuli
2784 1656 3055 1747 videant,
3098 1658 3276 1733 quam

348 1738 592 1814 impune
644 1750 943 1817 grassetur
994 1739 1114 1799 hoc
1156 1740 1375 1797 malum
1418 1737 1679 1798 maximo
1721 1738 2024 1798 Ecclesiae
2065 1739 2246 1799 malo.
2287 1740 2382 1797 De
2421 1738 2490 1799 iis
2533 1749 2760 1813 autem,
2802 1735 3050 1815 perinde
3089 1756 3160 1797 ac
3201 1737 3278 1797 de

348 1818 685 1880 actionibus
723 1818 969 1880 internis
1009 1822 1064 1879 δι
1105 1816 1359 1879 externis
1399 1818 1743 1893 hominum,
1784 1836 1907 1877 non
1950 1840 2022 1878 ex
2061 1837 2280 1897 genere
2299 1818 2685 1910 materiaque
2726 1816 2979 1907 (agimus
3021 1814 3178 1877 enim
3201 1818 3278 1878 de

352 1898 583 1977 scriptis
647 1902 841 1959 solum
899 1899 980 1960 ad
1026 1918 1119 1959 res
1160 1918 1357 1960 sacras
1388 1896 1843 1975 pertinentibus)
1896 1900 2004 1958 sed
2042 1919 2116 1958 ex
2154 1896 2384 1989 specie,
2424 1919 2495 1958 ac
2535 1895 3023 1976 circumstantiiS,
3064 1899 3119 1957 δι
3161 1898 3280 1958 fine

349 1980 614 2057 ipsorum
656 1979 781 2039 fieri
820 1979 1105 2040 iudicium
1145 1998 1387 2039 necesse
1428 1988 1533 2039 est.
1574 1977 1837 2038 Primum
1878 1977 2040 2039 enim
2079 1978 2300 2055 scripta
2316 1978 2614 2071 eduntur,
2655 1998 2726 2038 ac
2747 1976 2942 2055 potius
2962 1989 3281 2039 vomuntur

352 2063 531 2137 quam
586 2060 838 2151 plurima
886 2062 965 2121 ab
1026 2058 1273 2137 ingeniis
1326 2057 1875 2136 perturbatissimis,
1935 2075 2090 2136 quae
2129 2058 2362 2136 pietati,
2413 2058 2674 2136 veritati,
2716 2056 3010 2136 charitati,
3051 2060 3106 2118 &
3147 2059 3280 2134 paci

351 2138 632 2232 publicae
694 2138 887 2217 reipsa
940 2142 1359 2211 aduersantur,
1403 2141 1458 2198 δι
1499 2158 1676 2231 quae·
1691 2138 1753 2200 in
1794 2149 2100 2199 aeternum
2135 2150 2456 2216 praestaret
2493 2137 2781 2216 supprimi
2820 2140 2999 2215 quam
3042 2137 3280 2215 prodire

349 2218 409 2281 in
457 2219 619 2299 vulgi
658 2240 906 2281 manus:
950 2221 1103 2281 adeo
1144 2222 1183 2279 a
1220 2220 1387 2279 bono
1426 2218 1719 2311 principio
1759 2221 2005 2298 absunt,
2047 2222 2102 2280 δι
2143 2218 2378 2280 abiecto
2421 2222 2620 2292 bon0,
2662 2236 2816 2297 quae
2856 2217 3114 2295 speciem
3157 2221 3278 2278 fac-

349 2312 543 2360 torum
610 2299 974 2361 constituunt
1031 2303 1277 2362 bonam.
1337 2298 1571 2360 Deinde
1630 2311 1695 2360 vt
1754 2301 1966 2361 demus
2022 2299 2242 2378 scripta
2295 2301 2480 2360 multa
2519 2299 2808 2373 existere,
2851 2316 3002 2376 quae
3031 2318 3154 2389 non
3195 2298 3278 2359 ita

336 2381 731 2441 aduersentur
789 2380 879 2442 his
938 2380 1115 2443 bonis
1176 2398 1331 2458 quae
1386 2380 1568 2441 modo
1612 2378 1897 2456 diximus,
1936 2382 2046 2442 sed
2083 2380 2210 2459 ipsa
2251 2383 2339 2456 (vt
2377 2398 2512 2442 cum
2555 2382 2734 2458 vulgo
2771 2380 3004 2458 loquar)
3043 2378 3104 2440 in
3145 2381 3279 2440 sub·

348 2460 559 2522 stantia
596 2462 761 2522 bona
800 2460 947 2528 sint.
988 2471 1187 2522 tamen
1226 2459 1365 2521 huic
1404 2463 1602 2522 bonae
1636 2459 1998 2524 substantiae
2040 2463 2292 2522 multum
2332 2460 2547 2522 veneni
2574 2481 2750 2538 saepe
2771 2459 3117 2536 infunditur,
3139 2461 3276 2519 cum

347 2543 487 2602 loco
549 2540 857 2602 doctrinae
921 2543 976 2600 &
1027 2541 1389 2634 dogmatum
1430 2543 1517 2616 (vt
1548 2545 1790 2617 vocant)
1830 2540 2088 2603 veritatis
2127 2542 2314 2602 iustae
2355 2540 2828 2602 circumstantiae
2869 2540 3280 2618 negliguntur,

347 2624 402 2683 δι
462 2641 555 2682 res
614 2623 959 2699 personales
1022 2620 1393 2697 iniiciuntur,
1453 2619 1921 2694 criminationeS,
1975 2621 2276 2700 conuicia,
2320 2621 2752 2698 contumeliae,
2795 2623 2977 2713 quam
3019 2619 3278 2697 plurima

348 2700 605 2779 denique
645 2700 1027 2762 acerbissima
1068 2699 1322 2761 iudicia:
1366 2719 1519 2778 quae
1557 2701 1695 2762 licet
1733 2714 1928 2763 essent
1966 2701 2298 2778 verissima,
2340 2721 2462 2763 non
2504 2701 2668 2762 iubet
2705 2700 2924 2762 veritas
2964 2698 3110 2779 dici,
3170 2701 3278 2760 sed

352 2782 514 2843 iubet
566 2779 798 2841 reticeri
852 2782 1127 2842 charitas.
1187 2781 1343 2840 Nam
1380 2782 1525 2858 quid
1562 2782 1680 2842 hoc
1720 2783 1797 2842 ad
1842 2782 2146 2842 veritatem
2189 2782 2710 2861 propugnandam,
2751 2792 2852 2841 aut
2893 2780 3274 2840 mendacium

351 2862 811 2938 expugnandum
883 2861 1057 2938 facit,
1132 2861 1179 2921 si
1240 2863 1393 2921 forte
1452 2861 1757 2922 hominem
1817 2863 1936 2923 suis
1993 2862 2298 2923 coloribus
2359 2864 2446 2938 (vt
2504 2862 2650 2923 mihi
2710 2860 2954 2938 quidem
3016 2860 3272 2936 videtur)

350 2938 713 3019 depinxero?
764 2960 957 3018 neque
1008 2940 1166 3001 enim
1218 2941 1520 3002 veritatem
1574 2959 1740 3003 suam
1779 2962 1887 3020 per
1924 2941 2198 3004 homines
2236 2945 2401 3002 Deus
2440 2943 2520 3003 ita
2561 2941 2804 3020 probari
2841 2940 3059 3018 voluit,
3101 2950 3166 2999 vt
3204 2960 3276 3000 ex

348 3022 515 3081 bono
575 3031 675 3082 aut
735 3040 922 3097 prauo
978 3021 1182 3097 huius,
1224 3021 1409 3096 illius,
1452 3021 1798 3098 cuiusquam
1837 3021 2096 3083 hominis
2139 3022 2405 3083 instituto
2449 3023 2634 3098 vitae,
2675 3023 2750 3082 de
2792 3019 3033 3082 veritate
3043 2987 3277 3080 diuina

349 3100 631 3162 iudicent.
671 3101 1063 3162 Transcendit
1100 3099 1313 3161 veritas
1352 3121 1592 3162 omnem
1634 3102 1945 3164 hominum
1980 3114 2258 3179 captum.
2300 3121 2494 3179 neque
2535 3123 2641 3180 per
2679 3101 2952 3162 homines
2991 3100 3090 3162 illa
3129 3098 3274 3160 iudi-

354 3192 561 3258 catur,
600 3180 709 3241 sed
750 3181 1024 3242 homines
1064 3201 1171 3259 per
1212 3181 1392 3242 illam.
1436 3183 1815 3275 Quapropter
1854 3202 1978 3245 non
2020 3183 2260 3244 dicebat
2303 3181 2598 3259 Christus,
2650 3203 2720 3242 ex
2762 3181 3046 3242 fructibus
3084 3180 3276 3241 homi·

354 3279 530 3340 num,
589 3271 692 3321 aut
750 3280 821 3320 ex
862 3261 1203 3322 hominibus
1244 3261 1622 3339 cognoscetis
1660 3263 2000 3338 veritatem,
2061 3265 2164 3324 sed
2208 3283 2282 3323 ex
2323 3261 2610 3323 fructibus
2650 3281 2858 3322 eorum
2899 3260 3277 3340 cognoscetis

351 3360 473 3402 eos.
538 3342 616 3400 Et
677 3341 901 3417 optime
960 3341 1149 3434 inquit
1208 3345 1571 3418 Apostolus:
1633 3343 1795 3418 Quid
1856 3343 1905 3404 si
1968 3311 2134 3404 infidi
2193 3344 2429 3404 fuerunt
2483 3338 2770 3419 quidam?
2811 3344 2970 3401 Num
3010 3342 3274 3419 ipsorum

354 3420 670 3482 infidelitas
708 3422 888 3482 fidem
929 3421 1042 3483 Dei
1082 3423 1317 3482 inanem
1359 3419 1607 3484 reddet?
1646 3423 1817 3485 absit.
1858 3423 1980 3484 ιιιιὸ
2023 3436 2152 3485 esto
2192 3426 2356 3484 Deus
2395 3441 2603 3489 verax
2637 3423 2832 3513 omnis
2872 3432 3070 3481 autem
3087 3421 3273 3481 homo

356 3502 649 3562 mendax·
704 3501 857 3562 sicut
908 3501 1191 3579 scriptum
1251 3511 1377 3580 est3
1418 3515 1481 3562 vt
1520 3502 1847 3594 iustificeris
1888 3503 1949 3564 in
1989 3504 2362 3564 sermonibus
2400 3502 2548 3580 tuis,
2589 3503 2644 3561 δι
2686 3501 2886 3562 vincas
2927 3503 3170 3578 quando
3211 3511 3277 3561 tu

354 3581 595 3642 iudicas.
638 3583 818 3640 Rom.
861 3601 918 3658 3.
961 3601 1015 3658 3.
1059 3602 1115 3655 4.
1158 3585 1466 3643 Postremo
1511 3583 1562 3643 si
1602 3585 1683 3644 ad
1721 3586 1935 3662 finem,
1974 3602 2152 3662 quem
2194 3584 2306 3645 sibi
2345 3582 2405 3643 in
2446 3582 2676 3660 scriptis
2715 3591 3058 3660 proponunt
3080 3580 3275 3657 multi,

355 3672 458 3722 aut
516 3661 595 3720 ad
634 3672 913 3721 euentum
972 3661 1149 3722 etiam
1210 3662 1585 3740 respicimuS,
1630 3663 1876 3724 omnino
1916 3663 2278 3756 comperturi
2319 3680 2551 3734 sumuS,
2593 3672 2695 3722 aut
2733 3663 2912 3722 finem
2952 3663 3277 3722 multorum

360 3741 464 3818 qui
502 3740 768 3801 scribunt
808 3740 1075 3818 iniquum
1113 3762 1275 3814 esse,
1315 3753 1418 3802 aut
1456 3743 1506 3802 si
1545 3743 1785 3820 quidem
1825 3743 2066 3804 minime
2108 3746 2296 3804 malus
2335 3755 2458 3821 est,
2497 3741 2816 3821 plurimum
2856 3744 2895 3801 a
2922 3743 3040 3802 fine
3061 3742 3277 3801 discre-

358 3840 500 3898 pare
542 3819 875 3898 scriptionis
911 3823 1201 3913 modum-z
1243 3821 1437 3899 ipsum
1479 3823 1737 3900 denique
1775 3835 2056 3884 euentum
2095 3826 2172 3884 ab
2211 3836 2464 3900 vtroque
2485 3824 2694 3884 abesse
2713 3825 2897 3898 quam
2917 3821 3277 3900 longissime.

352 3902 474 3962 Cur
526 3896 763 3962 autem?
814 3900 927 3961 nisi
982 3902 1123 3977 quia
1161 3900 1223 3962 in
1265 3901 1581 3963 scribendo
1623 3923 1737 3964 nec
1774 3904 1935 3981 finis,
1977 3925 2090 3965 nec
2130 3905 2344 3965 modus
2385 3913 2652 3964 seruatur
2690 3900 3045 3980 plurimum:
3088 3903 3143 3960 δι
3185 3921 3277 3962 res

356 3981 644 4042 tacendae
688 3979 1122 4058 diuulgantur
1106 4001 1163 4042 ιιι
1206 3981 1543 4060 publicum3
1584 3985 1639 4042 δι
1678 3983 2150 4062 incompetentes
2188 3983 2460 4045 iudices
2443 4003 2504 4044 ιιι
2526 3985 2703 4043 rebus
2725 3981 2900 4044 etiam
2921 3979 3279 4058 grauissimis

354 4059 577 4122 malitia
614 4061 926 4122 hominum
968 4064 1375 4142 appellantur,
1430 4075 1835 4142 competentes
1877 4069 2017 4126 vero
2061 4063 2432 4125 multitudine
2473 4061 2742 4142 oppressi
2780 4061 2842 4121 in
2881 4072 3046 4122 tanta
3083 4077 3280 4122 rerum

354 4141 810 4202 conturbatione
850 4141 1043 4204 silent.

441 4222 617 4283 Certe
654 4222 807 4282 haec
844 4223 1031 4313 mala,
1072 4239 1224 4298 quae
1264 4223 1450 4284 modo
1490 4227 1527 4284 a
1550 4243 1646 4284 me
1664 4223 1923 4285 adducta
1951 4235 2120 4303 sunt,
2163 4225 2210 4285 si
2228 4225 2362 4300 quis
2387 4227 2662 4284 accurate
2684 4222 2811 4284 sine
2831 4219 3278 4312 perturbatione

365 4301 548 4362 animi
608 4300 979 4381 expenderit,
1042 4301 1348 4363 mirabitur
1408 4323 1643 4364 mecum
1706 4321 1998 4364 summam
2037 4271 2199 4364 illam
2236 4304 2352 4365 Dei
2391 4302 2881 4379 misericordiam,
2923 4300 3025 4378 qui
3065 4319 3282 4378 corpus

360 4381 516 4443 illud
573 4383 836 4444 lacerum
896 4348 1347 4446 Christianitatis
1360 4427 1380 4464 ,
1440 4387 1495 4446 δι
1554 4385 1615 4444 ιιι
1674 4403 1841 4446 suam
1882 4384 2064 4464 ipsius
2103 4386 2349 4446 salutem
2391 4383 2762 4446 coniuratum
2801 4385 3088 4444 hactenus
3125 4380 3283 4522 ῗὶᾱεὲἓ

3025 4480 3130 4540 gra
3177 4479 3216 4521 o
