3923 4875
1199 368 1301 415 DE
1359 370 1784 415 Pottrlan
1843 371 2098 417 Mosts
2156 373 2450 419 onstR.
3158 374 3273 435 377

355 530 694 593 secundum
736 530 879 608 quid
893 575 912 609 ,
951 529 1014 591 id
1053 542 1142 593 at
1183 550 1295 610 pro
1335 531 1564 593 ratione
1606 532 2157 595 circunstantiarum
2196 532 2277 595 ad
2322 533 2551 595 crimen
2588 534 3003 597 accedentium
3022 544 3279 595 mutatur

353 612 662 673 interdum
703 610 932 689 species
973 611 1268 688 maleficii:
1311 614 1368 673 ὅτ
1408 612 1630 677 crimen
1673 614 1856 674 modo
1894 614 2181 693 atrocius,
2220 615 2406 675 modo
2436 612 2625 675 leuius
2642 614 2923 695 efficitur,
2958 616 3117 677 vnde
3134 634 3275 694 poe-

353 709 574 751 narum
615 691 863 752 varietas
905 693 1057 752 solet
1096 690 1361 753 existere.
1405 692 1523 753 Sed
1565 695 1718 753 hanc
1757 692 2099 755 varietatem
2138 712 2350 773 nemo,
2393 692 2503 754 nisi
2544 714 2617 755 ex
2654 694 2914 773 legitima
2945 699 3001 758 δι
3034 694 3278 773 diligen-

354 770 590 833 tissima
648 770 989 863 cognitione
1051 772 1474 833 maleficiorum
1534 776 1590 834 δι
1639 772 2189 835 circunstantiamm
2230 766 2500 835 oninium
2540 774 2945 853 exploratione
2960 823 2976 847 ,
3018 775 3277 854 legitime

355 862 564 929 potest
607 851 909 913 adhibere.
971 852 1170 931 Atque
1209 853 1358 913 haec
1400 853 1478 912 de
1515 850 1642 913 iure
1680 854 1987 914 communi
2026 853 2182 915 satis.
2223 855 2380 914 Nam
2421 870 2577 932 quae
2614 855 2862 933 amplius
2905 858 3021 916 huc
3062 854 3279 916 adferri

355 942 638 1009 possunt,
679 930 866 1011 magis
903 930 980 992 ad
1020 931 1310 995 rationem
1350 930 1490 993 iuris
1529 932 1893 1011 particularis
1925 933 2251 1012 pertinent:
2274 935 2353 995 de
2372 950 2495 1013 quo
2516 934 2798 1013 deinceps
2818 933 3034 996 dicturi
3054 950 3278 995 sumus..

1594 1381 1646 1443 C
1665 1384 1725 1441 A
1743 1382 1810 1443 P.
1873 1382 1932 1441 V
1949 1383 1981 1441 Ι
1998 1384 2049 1443 Ι.

639 1558 806 1634 Quid
835 1559 917 1619 sit
951 1558 1106 1617 iuris
1131 1560 1536 1638 particularis
1573 1561 1636 1618 in
1674 1560 1854 1619 Mose
1887 1566 2171 1620 mutatmn
2209 1565 2320 1619 aut
2350 1560 2625 1619 mutabile
2635 1554 3013 1638 [simpliciter.

443 1736 784 1804 Posi-Qun
833 1734 908 1795 de
948 1734 1018 1795 iis
1055 1732 1310 1795 diximus
1349 1750 1502 1813 quae
1539 1734 1617 1795 ad
1659 1735 1950 1796 rationem
1990 1734 2131 1797 iuris
2172 1734 2507 1797 communis
2550 1734 2801 1796 ciuiliter
2838 1734 2901 1797 in
2938 1736 3112 1796 Mose
3150 1752 3283 1812 per-

357 1810 590 1890 tinent,
649 1831 808 1874 nunc
861 1815 938 1875 de
991 1814 1115 1875 iure
1167 1814 1500 1892 particulari
1539 1814 1713 1876 nobis
1751 1814 2071 1876 dicendum
2110 1827 2228 1877 est:
2270 1814 2331 1876 in
2376 1832 2499 1895 quo
2538 1814 2956 1894 distinguendo
2996 1813 3281 1876 iudicium

358 1910 516 1971 opus
557 1904 646 1954 est
683 1893 997 1972 prudentia
1035 1896 1092 1953 &
1130 1894 1504 1955 accuratione
1541 1912 1770 1957 summa
1809 1895 2095 1957 adhiberi.
2137 1898 2234 1957 De
2270 1895 2363 1957 his
2383 1907 2581 1956 autem
2642 1914 2717 1956 oc
2738 1896 2923 1956 modo
2942 1893 3279 1957 statuimus:

360 1974 544 2033 Thes
585 1993 621 2051 3
635 1994 684 2034 r.
748 1974 1134 2052 Quaecunque
1181 1976 1334 2050 leges
1373 1977 1527 2035 iuris·
1552 1978 1953 2056 particularis
1992 1984 2156 2055 sunt,
2209 1978 2271 2037 in
2311 1977 2523 2037 ritibus
2561 1996 2601 2035 a
2670 1976 2994 2035 ceremoniis
3018 1976 3285 2056 positae,

360 2072 557 2113 omnes
584 2054 850 2130 suerunt
879 2056 1206 2115 mutabiles:
1231 2057 1555 2135 pleraeque
1582 2058 1700 2115 iam
1741 2064 1997 2117 mutatae
2033 2064 2203 2135 sunt,
2244 2076 2361 2117 non
2394 2058 2563 2117 modc)
2600 2059 2663 2116 in
2682 2057 3133 2116 circumstantiis
3147 2054 3291 2130 ,sed

359 2136 532 2192 etiam
569 2151 638 2192 re
676 2135 834 2213 ipsa:
870 2136 1220 2211 praesertim
1260 2152 1630 2212 quaecunque
1668 2141 1749 2195 ad
1787 2137 2051 2197 umbram
2077 2136 2435 2215 futurorum
2461 2136 2726 2215 fuerant
2758 2137 3070 2196 institutae.
3111 2136 3281 2194 Nam

359 2214 512 2272 recti
552 2216 685 2273 olim
725 2214 1081 2291 scholastici,
1107 2223 1434 2307 praecepta
1470 2216 1669 2275 Masis
1711 2216 2028 2276 Iudicialia
2068 2235 2189 2277 esse
2232 2223 2493 2295 mortua,
2533 2216 2940 2277 ceremonialia
2966 2216 3109 2275 haec
3127 2234 3282 2274 mor-

361 2292 565 2368 tifera.
619 2293 769 2353 Iuris
808 2312 952 2372 ergo
991 2294 1354 2373 particularls
1391 2314 1610 2373 genera
1648 2294 1770 2355 duo
1809 2306 1972 2356 sunt:
2018 2298 2351 2374 Vtrumque
2389 2295 2529 2357 iuris
2568 2296 2809 2357 moralis
2841 2293 3282 2357 administrum:

360 2373 518 2431 Nam
559 2372 670 2433 iuri
703 2374 914 2433 morali
953 2375 1032 2434 ad
1073 2373 1416 2435 societatem
1459 2376 1776 2435 humanam
1816 2374 2152 2455 respicienti
2182 2374 2425 2437 inseruit
2459 2376 2553 2437 ius
2581 2375 2754 2437 ciuile
2795 2374 2921 2436 siue
2941 2374 3248 2468 politicum
3264 2419 3283 2452 ,

363 2471 473 2530 pro
550 2454 735 2514 modo
803 2453 1260 2532 vniuscuiusque
1329 2454 1686 2533 reipublicae
1733 2455 2063 2518 institutum
2079 2503 2097 2535 ,
2138 2457 2303 2536 quod
2341 2456 2719 2535 particulare:
2756 2457 2974 2516 Morah
3012 2457 3153 2516 vero
3192 2455 3270 2515 ad

361 2533 586 2592 cultum
625 2532 737 2594 Dei
775 2537 832 2596 δι
865 2533 1144 2612 pietatem
1181 2534 1494 2614 pertinenti
1533 2533 1775 2597 inseruit
1812 2535 1902 2597 ius
1941 2536 2424 2598 Ecclesiasticum
2438 2581 2456 2616 ,
2495 2538 2663 2616 quod
2683 2533 3079 2597 ceremoniale
3098 2536 3278 2612 vulgo

363 2613 703 2691 appellatur.
765 2615 1146 2692 Quapropter
1195 2613 1372 2674 etiam
1417 2615 1560 2676 ritus
1574 2659 1592 2694 ,
1631 2617 1688 2676 δι
1729 2616 2099 2678 cere‘monias
2139 2616 2291 2678 inter
2330 2635 2397 2676 se
2440 2615 2847 2694 distinximus;
2888 2612 3028 2694 quia
3066 2613 3127 2674 in
3160 2615 3284 2674 iure

363 2690 610 2770 politico
651 2692 740 2778 sui
779 2705 916 2755 sunt
955 2693 1220 2772 imperati
1261 2697 1316 2756 δι
1355 2697 1650 2756 solemnes
1686 2694 1854 2757 ritus:
1887 2696 2273 2758 ceremoniae
2310 2699 2453 2757 vero
2491 2695 2730 2775 proprie
2768 2715 2892 2757 non
2932 2694 3043 2756 nisi
3082 2713 3285 2754 sacrae

365 2772 809 2834 obseruationes
850 2773 910 2834 in
952 2776 1116 2834 cultu
1155 2772 1360 2835 diuino
1399 2777 1791 2853 appellantur.
1839 2778 1932 2837 Ac
1972 2775 2212 2838 moralis
2252 2776 2492 2854 quidem
2534 2775 2675 2837 iuris
2714 2795 2785 2836 ea
2820 2785 3027 2836 natura
3064 2785 3177 2848 est,
3218 2783 3283 2836 vt

366 2851 558 2930 ipsum
596 2873 706 2931 per
743 2871 806 2914 se
847 2865 1126 2916 constans
1164 2854 1240 2914 sit
1279 2855 1335 2914 δι
1375 2853 1776 2916 immutabile:
1818 2875 1971 2934 quae
2010 2859 2152 2917 vero
2192 2867 2440 2935 propter
2477 2856 2625 2917 illud
2664 2854 2983 2916 constituta
3022 2864 3188 2933 sunt,
3228 2855 3285 2914 ὅτ

365 2933 444 2991 ad
482 2930 674 3009 ipsum
716 2933 1034 3012 respiciunt
1070 2945 1349 3010 tanquam
1390 2933 1470 2994 ad
1509 2937 1689 2994 finem
1729 2952 1898 2997 suum
1915 2983 1934 3010 ,
1959 2955 2032 2996 ea
2050 2935 2177 2997 iura
2198 2935 2505 2998 mutabilia
2524 2955 2653 2997 esse
2673 2938 2768 2996 vel
2789 2955 2865 2996 eo
2885 2935 3017 3014 ipso
3038 2933 3286 2996 demon-

366 3021 606 3090 stratur,
659 3014 826 3090 quOd
867 3024 1001 3074 sunt
1039 3025 1284 3092 propter
1322 3014 1512 3075 aliud:
1556 3015 2044 3094 quandoquidem
2084 3014 2370 3094 quicquid
2407 3026 2654 3095 propter
2691 3015 2853 3077 aliud
2892 3026 3016 3094 est,
3056 3013 3119 3074 id
3160 3025 3287 3074 tum

367 3092 570 3152 saltem
613 3103 868 3154 mutatur
907 3093 1208 3172 vniuerse,
1248 3111 1388 3154 cum
1429 3095 1606 3156 finem
1647 3095 1772 3156 eius
1811 3096 2013 3175 adepti
2050 3115 2269 3158 sumus.
2310 3099 2484 3157 Haec
2522 3107 2720 3157 autem
2756 3095 2884 3156 iura
2902 3099 2991 3172 (vt
3010 3093 3289 3168 diximus)

367 3171 549 3232 duum
589 3184 726 3233 sunt
765 3191 1050 3252 generum
1065 3216 1084 3250 ,
1123 3191 1278 3250 quae
1316 3173 1614 3236 iudicialia
1643 3177 1824 3255 vulgo
1844 3179 1901 3236 &
1921 3175 2341 3238 ceremonialia
2356 3177 2747 3254 appellantur.
2788 3173 3063 3253 Exempli
3082 3191 3285 3234 causa:

366 3253 492 3312 Lex
531 3251 748 3330 ciuilis,
792 3259 980 3332 eaque
1017 3253 1386 3331 particularis
1427 3265 1514 3316 est
1549 3255 1630 3316 ad
1669 3256 2043 3316 honestatem
2074 3255 2375 3335 pertinens
2388 3302 2406 3336 ,
2438 3257 2575 3316 cum
2600 3255 2907 3317 mandauit
2935 3257 3131 3316 Deus:
3152 3271 3293 3313 cum

369 3329 547 3392 exibit
586 3332 876 3394 exercitus
915 3345 1126 3394 contra
1163 3334 1366 3396 hostes
1405 3345 1540 3396 tuos
1553 3380 1571 3414 ,
1613 3335 1867 3413 spatium
1915 3347 2043 3397 esto
2085 3335 2195 3397 tibi
2231 3347 2396 3398 extra
2434 3347 2652 3415 castra,
2694 3345 2759 3396 vt
2799 3333 3117 3414 egrediaris
3150 3333 3291 3393 illuc

369 3411 551 3490 foras,
593 3411 868 3474 videlicet
907 3423 1258 3492 purgaturus
1298 3416 1500 3475 aluum
1538 3425 1731 3475 tuam:
1773 3417 1828 3476 δι
1867 3416 2117 3493 paxillus
2158 3427 2287 3477 esto
2328 3416 2439 3478 tibi
2454 3426 2689 3494 praeter
2706 3435 2872 3476 arma
2890 3427 3020 3476 tua:
3060 3420 3289 3490 eritque

371 3508 504 3551 cum
547 3509 812 3554 sessurus
851 3493 964 3554 eris
1003 3493 1178 3572 fon’s,
1219 3505 1282 3555 vt
1321 3513 1396 3556 eo
1437 3494 1662 3572 fodias,
1703 3498 1760 3556 &
1799 3513 1999 3556 rursus
2035 3506 2203 3575 tegas
2242 3505 2684 3558 excrementum
2725 3506 2911 3556 tuum.
2964 3496 3143 3556 Deut.
3191 3513 3284 3570 23.

378 3591 463 3630 12.
513 3591 604 3648 13.
664 3575 744 3633 Et
803 3574 922 3634 hoc
981 3591 1168 3650 quoq.
1227 3573 1536 3666 politicum
1588 3586 1678 3636 est
1725 3575 1805 3636 ad
1845 3575 2272 3638 humanitatem
2318 3575 2617 3656 pertinens
2634 3621 2652 3654 ,
2692 3593 2831 3636 cum
2871 3573 3063 3652 inquit
3101 3575 3295 3651 Deus3

371 3669 446 3711 ne
503 3651 724 3714 tradito
789 3670 1025 3716 seruum
1085 3653 1334 3715 dommo
1395 3672 1504 3716 suo
1519 3701 1538 3734 ,
1595 3654 1701 3733 qui
1739 3654 2088 3733 confugiens
2140 3658 2220 3717 ad
2268 3667 2329 3717 te
2367 3655 2647 3734 eripuerit
2685 3675 2751 3718 se
2788 3659 2825 3716 a
2866 3673 2974 3716 suo
3014 3652 3293 3715 domino:

371 3741 568 3791 tecum
612 3743 853 3794 maneto
896 3733 954 3793 in
1001 3733 1202 3795 medio
1244 3736 1309 3810 (f.
1357 3737 1536 3813 1520)
1575 3735 1689 3814 tui,
1730 3737 1842 3796 &c.
1882 3737 2060 3797 Deut.
2104 3757 2197 3814 23.
2246 3753 2338 3816 15.
2377 3738 2647 3814 Itemque
2682 3735 2862 3813 illud,
2882 3735 2931 3796 si
2950 3732 3297 3814 ingrediaris

372 3809 601 3871 vineam
657 3811 916 3890 proximi
975 3813 1092 3893 tui,
1147 3815 1432 3876 comedes
1471 3814 1715 3893 quidem
1743 3831 1900 3876 was
1939 3835 2049 3893 pro
2092 3815 2386 3878 desiderio
2424 3827 2531 3876 tuo
2578 3815 2657 3876 ad
2697 3813 3059 3878 saturitatem
3097 3823 3261 3874 tuam
3275 3858 3294 3891 ,

371 3901 430 3950 at
490 3891 551 3951 in
594 3891 1046 3954 instrumentum
1087 3905 1254 3954 tuum
1296 3912 1374 3955 ne
1413 3894 1635 3975 indito,
1675 3897 1786 3957 &c.
1828 3898 2004 3956 Deut.
2052 3915 2144 3974 23.
2192 3917 2285 3972 24.
2346 3895 2778 3957 Ceremonialia
2815 3897 2959 3956 vero
2992 3893 3091 3954 illa
3130 3903 3294 3955 sunt:

376 3969 522 4032 Ciun
565 3971 751 4033 exibit
791 3973 1082 4034 exercitus
1121 3984 1334 4034 contra
1373 3975 1574 4037 hostes
1621 3987 1786 4056 tuos,
1827 3975 1876 4036 si
1916 3977 2089 4037 fuerit
2124 3977 2185 4038 in
2220 3987 2281 4038 te
2321 3975 2613 4054 quispiam
2653 3975 2757 4055 qui
2771 3994 2895 4036 non
2918 3974 3027 4036 erit
3044 3973 3299 4035 mundus

374 4068 509 4111 casu
555 4064 853 4114 nocturno
871 4098 889 4132 ,
935 4052 984 4114 is
1023 4051 1181 4114 exito
1222 4063 1385 4115 extra
1409 4053 1620 4116 'castra
1658 4073 1735 4118 ne
1773 4055 2102 4135 ingreditor
2138 4056 2201 4117 in
2220 4067 2441 4118 castra:
2464 4056 2571 4118 sed
2591 4055 2703 4116 erit
2718 4064 3034 4134 appetente
3054 4073 3301 4134 vespera

373 4140 432 4189 vt
481 4133 638 4192 lauet
687 4152 750 4194 se
789 4151 978 4211 aqua,
1020 4131 1236 4194 deinde
1277 4135 1414 4195 cum
1456 4134 1679 4196 occidit
1715 4138 1840 4214 sol,
1879 4136 2079 4198 veniat
2116 4136 2269 4198 intra
2308 4145 2518 4198 castra.
2560 4137 2738 4198 Deut.
2776 4155 2869 4214 23.
2898 4155 2987 4197 11.
3026 4135 3107 4196 Et
3124 4133 3299 4195 illud:

374 4210 460 4271 Ne
518 4211 742 4274 inserto
789 4213 1126 4275 mercedem
1169 4214 1378 4293 scorti,
1419 4225 1521 4276 aut
1559 4215 1812 4296 pretium
1853 4217 2017 4278 canis
2055 4215 2116 4277 in
2157 4218 2407 4279 domum
2446 4218 2705 4278 Iehouae
2744 4217 2862 4277 Dei
2900 4215 2987 4276 tui
3022 4235 3136 4294 pro
3174 4216 3301 4275 vllo

374 4301 548 4352 voto:
619 4293 775 4353 Nam
837 4293 1264 4355 abominationi
1326 4295 1586 4356 Iehouae
1644 4298 1780 4358 Deo
1838 4306 1944 4358 tuo
2000 4309 2135 4358 sunt
2188 4298 2405 4377 pariter
2443 4298 2625 4358 ambo
2666 4296 2795 4358 ista.
2847 4299 3025 4357 Deut.
3071 4315 3164 4374 23.
3210 4297 3302 4354 18.

371 4371 542 4432 Haec
611 4372 812 4434 omnia
878 4375 1148 4452 exempla
1203 4373 1261 4434 in
1304 4375 1464 4435 hunc
1517 4377 1718 4437 locum
1757 4375 1947 4436 visum
1994 4389 2083 4438 est
2124 4395 2477 4458 congerere,
2518 4387 2581 4438 vt
2619 4379 2816 4456 palam
2854 4379 2957 4437 fiat
2994 4376 3303 4452 omnibuS,

1813 4461 1890 4529 48
2935 4467 3301 4534 quantopere
