<?xml version="1.0" encoding="UTF-8"?>
<!DOCTYPE html PUBLIC "-//W3C//DTD XHTML 1.0 Transitional//EN"
    "http://www.w3.org/TR/xhtml1/DTD/xhtml1-transitional.dtd">
<html xmlns="http://www.w3.org/1999/xhtml" xml:lang="en" lang="en">
 <head>
  <title>
</title>
<meta http-equiv="Content-Type" content="text/html;charset=utf-8" />
  <meta name='ocr-system' content='tesseract 3.04.00' />
  <meta name='ocr-capabilities' content='ocr_page ocr_carea ocr_par ocr_line ocrx_word'/>
</head>
<body>
  <div class='ocr_page' id='page_1' title='image "./dfranciscijunii00junigoog_0253.png"; bbox 0 0 3923 4875; ppageno 0'>
   <div class='ocr_carea' id='block_1_1' title="bbox 609 349 2589 426">
    <p class='ocr_par' dir='ltr' id='par_1_1' title="bbox 609 349 2589 426">
     <span class='ocr_line' id='line_1_1' title="bbox 609 349 2589 426; baseline -0.004 -1"><span class='ocrx_word' id='word_1_1' title='bbox 609 349 721 426; x_wconf 74' lang='grc'><strong>226</strong></span> <span class='ocrx_word' id='word_1_2' title='bbox 1557 366 1884 422; x_wconf 63' lang='lat' dir='ltr'><strong>&#39;russas</strong></span> <span class='ocrx_word' id='word_1_3' title='bbox 1948 361 2589 420; x_wconf 67' lang='lat' dir='ltr'><strong>rnaotoeicn&#39;..</strong></span> 
     </span>
    </p>
   </div>
   <div class='ocr_carea' id='block_1_2' title="bbox 605 517 3534 1482">
    <p class='ocr_par' dir='ltr' id='par_1_2' title="bbox 605 517 3531 945">
     <span class='ocr_line' id='line_1_2' title="bbox 611 517 3531 620; baseline -0.002 -19"><span class='ocrx_word' id='word_1_4' title='bbox 611 543 836 620; x_wconf 87' lang='lat' dir='ltr'>Legem</span> <span class='ocrx_word' id='word_1_5' title='bbox 897 539 1193 615; x_wconf 85' lang='lat' dir='ltr'><strong>reijciunt,</strong></span> <span class='ocrx_word' id='word_1_6' title='bbox 1247 547 1566 598; x_wconf 79' lang='lat' dir='ltr'><strong>statuentes</strong></span> <span class='ocrx_word' id='word_1_7' title='bbox 1615 535 1952 598; x_wconf 84' lang='lat' dir='ltr'><strong>Christiano</strong></span> <span class='ocrx_word' id='word_1_8' title='bbox 2000 535 2228 596; x_wconf 89' lang='lat' dir='ltr'><strong>homini</strong></span> <span class='ocrx_word' id='word_1_9' title='bbox 2268 533 2411 594; x_wconf 84' lang='lat' dir='ltr'><strong>nihil</strong></span> <span class='ocrx_word' id='word_1_10' title='bbox 2451 533 2717 594; x_wconf 88' lang='lat' dir='ltr'><strong>illicitum</strong></span> <span class='ocrx_word' id='word_1_11' title='bbox 2734 579 2750 604; x_wconf 82' lang='lat'><strong>,</strong></span> <span class='ocrx_word' id='word_1_12' title='bbox 2790 517 2935 592; x_wconf 86' lang='lat' dir='ltr'><strong>nihil</strong></span> <span class='ocrx_word' id='word_1_13' title='bbox 2974 547 3215 610; x_wconf 89' lang='lat' dir='ltr'><strong>prorsus</strong></span> <span class='ocrx_word' id='word_1_14' title='bbox 3254 535 3531 613; x_wconf 82' lang='lat' dir='ltr'><strong>vetitum,</strong></span> 
     </span>
     <span class='ocr_line' id='line_1_3' title="bbox 605 613 3529 698; baseline -0.002 -18"><span class='ocrx_word' id='word_1_15' title='bbox 605 621 868 698; x_wconf 87' lang='lat' dir='ltr'><strong>legisque</strong></span> <span class='ocrx_word' id='word_1_16' title='bbox 907 622 1132 680; x_wconf 89' lang='lat' dir='ltr'><strong>nullam</strong></span> <span class='ocrx_word' id='word_1_17' title='bbox 1167 617 1420 696; x_wconf 88' lang='lat' dir='ltr'><strong>amplius</strong></span> <span class='ocrx_word' id='word_1_18' title='bbox 1458 617 1748 677; x_wconf 89' lang='lat' dir='ltr'><strong>rationem</strong></span> <span class='ocrx_word' id='word_1_19' title='bbox 1791 619 2129 677; x_wconf 86' lang='lat' dir='ltr'><strong>habendam</strong></span> <span class='ocrx_word' id='word_1_20' title='bbox 2170 635 2327 676; x_wconf 90' lang='lat' dir='ltr'><strong>esse:</strong></span> <span class='ocrx_word' id='word_1_21' title='bbox 2368 617 2423 674; x_wconf 85' lang='lat'>&amp;</span> <span class='ocrx_word' id='word_1_22' title='bbox 2467 633 2559 674; x_wconf 90' lang='lat' dir='ltr'><strong>res</strong></span> <span class='ocrx_word' id='word_1_23' title='bbox 2598 614 2822 673; x_wconf 88' lang='lat' dir='ltr'><strong>medias</strong></span> <span class='ocrx_word' id='word_1_24' title='bbox 2865 614 2955 673; x_wconf 88' lang='lat' dir='ltr'><strong>vel</strong></span> <span class='ocrx_word' id='word_1_25' title='bbox 2990 613 3387 675; x_wconf 86' lang='lat' dir='ltr'><strong>indifferentes</strong></span> <span class='ocrx_word' id='word_1_26' title='bbox 3408 617 3529 676; x_wconf 88' lang='lat' dir='ltr'><strong>dici</strong></span> 
     </span>
     <span class='ocr_line' id='line_1_4' title="bbox 608 693 3531 778; baseline -0.002 -17"><span class='ocrx_word' id='word_1_27' title='bbox 608 711 846 778; x_wconf 88' lang='lat' dir='ltr'><strong>putant,</strong></span> <span class='ocrx_word' id='word_1_28' title='bbox 905 700 1071 778; x_wconf 89' lang='lat' dir='ltr'><strong>quod</strong></span> <span class='ocrx_word' id='word_1_29' title='bbox 1131 697 1256 758; x_wconf 89' lang='lat' dir='ltr'><strong>sine</strong></span> <span class='ocrx_word' id='word_1_30' title='bbox 1311 697 1660 774; x_wconf 83' lang='lat' dir='ltr'><strong>exceptione</strong></span> <span class='ocrx_word' id='word_1_31' title='bbox 1710 699 1854 775; x_wconf 90' lang='lat' dir='ltr'><strong>vlla,</strong></span> <span class='ocrx_word' id='word_1_32' title='bbox 1905 697 2139 776; x_wconf 88' lang='lat' dir='ltr'><strong>quoties</strong></span> <span class='ocrx_word' id='word_1_33' title='bbox 2180 696 2235 755; x_wconf 76' lang='grc' dir='ltr'><strong>δι</strong></span> <span class='ocrx_word' id='word_1_34' title='bbox 2277 694 2583 773; x_wconf 91' lang='lat' dir='ltr'><strong>quomodo</strong></span> <span class='ocrx_word' id='word_1_35' title='bbox 2628 693 2804 770; x_wconf 90' lang='lat' dir='ltr'><strong>libet,</strong></span> <span class='ocrx_word' id='word_1_36' title='bbox 2843 711 2942 752; x_wconf 90' lang='lat' dir='ltr'><strong>eas</strong></span> <span class='ocrx_word' id='word_1_37' title='bbox 2980 694 3075 753; x_wconf 86' lang='lat' dir='ltr'><strong>vel</strong></span> <span class='ocrx_word' id='word_1_38' title='bbox 3115 712 3396 772; x_wconf 84' lang='lat' dir='ltr'><strong>vsurpare</strong></span> <span class='ocrx_word' id='word_1_39' title='bbox 3437 698 3531 756; x_wconf 87' lang='lat' dir='ltr'><strong>vel</strong></span> 
     </span>
     <span class='ocr_line' id='line_1_5' title="bbox 609 773 3527 856; baseline -0.002 -16"><span class='ocrx_word' id='word_1_40' title='bbox 609 781 884 841; x_wconf 89' lang='lat' dir='ltr'><strong>omittere</strong></span> <span class='ocrx_word' id='word_1_41' title='bbox 924 779 1100 840; x_wconf 88' lang='lat' dir='ltr'><strong>liceat</strong></span> <span class='ocrx_word' id='word_1_42' title='bbox 1139 779 1365 855; x_wconf 85' lang='lat' dir='ltr'><strong>absque</strong></span> <span class='ocrx_word' id='word_1_43' title='bbox 1403 788 1681 856; x_wconf 80' lang='lat' dir='ltr'><strong>peccat03</strong></span> <span class='ocrx_word' id='word_1_44' title='bbox 1723 775 1980 854; x_wconf 80' lang='lat' dir='ltr'><strong>ideoque</strong></span> <span class='ocrx_word' id='word_1_45' title='bbox 2018 777 2287 836; x_wconf 90' lang='lat' dir='ltr'><strong>libertate</strong></span> <span class='ocrx_word' id='word_1_46' title='bbox 2327 773 2657 834; x_wconf 88' lang='lat' dir='ltr'><strong>Christiana</strong></span> <span class='ocrx_word' id='word_1_47' title='bbox 2670 818 2688 850; x_wconf 94' lang='lat'><strong>,</strong></span> <span class='ocrx_word' id='word_1_48' title='bbox 2718 775 2797 833; x_wconf 89' lang='lat' dir='ltr'><strong>ad</strong></span> <span class='ocrx_word' id='word_1_49' title='bbox 2819 774 3170 851; x_wconf 84' lang='lat' dir='ltr'><strong>explendam</strong></span> <span class='ocrx_word' id='word_1_50' title='bbox 3190 773 3527 852; x_wconf 81' lang='lat' dir='ltr'><strong>libidinem,</strong></span> 
     </span>
     <span class='ocr_line' id='line_1_6' title="bbox 609 853 3169 945; baseline -0.003 -24"><span class='ocrx_word' id='word_1_51' title='bbox 609 863 664 921; x_wconf 73' lang='grc' dir='ltr'><strong>δι</strong></span> <span class='ocrx_word' id='word_1_52' title='bbox 705 859 1138 920; x_wconf 83' lang='lat' dir='ltr'><strong>simulationem</strong></span> <span class='ocrx_word' id='word_1_53' title='bbox 1181 874 1424 936; x_wconf 89' lang='lat' dir='ltr'><strong>quoque</strong></span> <span class='ocrx_word' id='word_1_54' title='bbox 1465 856 1760 935; x_wconf 86' lang='lat' dir='ltr'><strong>religionis</strong></span> <span class='ocrx_word' id='word_1_55' title='bbox 1799 859 2136 918; x_wconf 89' lang='lat' dir='ltr'><strong>abutuntur.</strong></span> <span class='ocrx_word' id='word_1_56' title='bbox 2186 858 2387 916; x_wconf 79' lang='lat' dir='ltr'><strong>Galat.</strong></span> <span class='ocrx_word' id='word_1_57' title='bbox 2432 871 2486 932; x_wconf 85' lang='lat'><strong>5.</strong></span> <span class='ocrx_word' id='word_1_58' title='bbox 2536 871 2622 929; x_wconf 86' lang='lat'><strong>13.</strong></span> <span class='ocrx_word' id='word_1_59' title='bbox 2672 873 2723 912; x_wconf 85' lang='lat'><strong>2.</strong></span> <span class='ocrx_word' id='word_1_60' title='bbox 2740 853 2931 945; x_wconf 34' lang='lat' dir='ltr'><strong>‘Petu</strong></span> <span class='ocrx_word' id='word_1_61' title='bbox 2976 873 3029 913; x_wconf 88' lang='grc'><strong>2.</strong></span> <span class='ocrx_word' id='word_1_62' title='bbox 3081 855 3169 914; x_wconf 89' lang='lat'><strong>16.</strong></span> 
     </span>
    </p>

    <p class='ocr_par' dir='ltr' id='par_1_3' title="bbox 697 932 3279 1018">
     <span class='ocr_line' id='line_1_7' title="bbox 697 932 3279 1018; baseline -0.002 -18"><span class='ocrx_word' id='word_1_63' title='bbox 697 961 748 1000; x_wconf 90' lang='grc'><strong>2.</strong></span> <span class='ocrx_word' id='word_1_64' title='bbox 830 941 1135 1017; x_wconf 73' lang='lat' dir='ltr'><strong>Pontefictj</strong></span> <span class='ocrx_word' id='word_1_65' title='bbox 1144 983 1161 1018; x_wconf 93' lang='lat'><strong>,</strong></span> <span class='ocrx_word' id='word_1_66' title='bbox 1203 937 1308 1016; x_wconf 89' lang='lat' dir='ltr'><strong>qui</strong></span> <span class='ocrx_word' id='word_1_67' title='bbox 1347 937 1588 998; x_wconf 88' lang='lat' dir='ltr'><strong>miseras</strong></span> <span class='ocrx_word' id='word_1_68' title='bbox 1627 936 1936 998; x_wconf 90' lang='lat' dir='ltr'><strong>hominum</strong></span> <span class='ocrx_word' id='word_1_69' title='bbox 1978 933 2368 998; x_wconf 84' lang='lat' dir='ltr'><strong>conscientias</strong></span> <span class='ocrx_word' id='word_1_70' title='bbox 2408 935 2525 994; x_wconf 90' lang='lat' dir='ltr'><strong>suis</strong></span> <span class='ocrx_word' id='word_1_71' title='bbox 2561 932 2972 993; x_wconf 80' lang='lat' dir='ltr'><strong>traditionibus</strong></span> <span class='ocrx_word' id='word_1_72' title='bbox 3010 945 3279 996; x_wconf 87' lang='lat' dir='ltr'><strong>onerant.</strong></span> 
     </span>
    </p>

    <p class='ocr_par' dir='ltr' id='par_1_4' title="bbox 613 1013 3533 1265">
     <span class='ocr_line' id='line_1_8' title="bbox 691 1013 3533 1098; baseline -0.002 -18"><span class='ocrx_word' id='word_1_73' title='bbox 691 1041 747 1098; x_wconf 82' lang='lat'><strong>3.</strong></span> <span class='ocrx_word' id='word_1_74' title='bbox 829 1021 1070 1097; x_wconf 82' lang='lat' dir='ltr'><strong>Iudaei,</strong></span> <span class='ocrx_word' id='word_1_75' title='bbox 1127 1018 1232 1096; x_wconf 90' lang='lat' dir='ltr'><strong>qui</strong></span> <span class='ocrx_word' id='word_1_76' title='bbox 1293 1016 1512 1078; x_wconf 89' lang='lat' dir='ltr'><strong>Christi</strong></span> <span class='ocrx_word' id='word_1_77' title='bbox 1565 1033 1810 1095; x_wconf 87' lang='lat' dir='ltr'><strong>regnum</strong></span> <span class='ocrx_word' id='word_1_78' title='bbox 1863 1017 2231 1078; x_wconf 88' lang='lat' dir='ltr'><strong>mundanum</strong></span> <span class='ocrx_word' id='word_1_79' title='bbox 2284 1015 2679 1086; x_wconf 78' lang='lat' dir='ltr'><strong>somnianteS,</strong></span> <span class='ocrx_word' id='word_1_80' title='bbox 2716 1023 3011 1074; x_wconf 86' lang='lat' dir='ltr'><strong>terrenam</strong></span> <span class='ocrx_word' id='word_1_81' title='bbox 3053 1013 3385 1074; x_wconf 87' lang='lat' dir='ltr'><strong>libertatem</strong></span> <span class='ocrx_word' id='word_1_82' title='bbox 3424 1035 3533 1092; x_wconf 89' lang='lat' dir='ltr'><strong>per</strong></span> 
     </span>
     <span class='ocr_line' id='line_1_9' title="bbox 613 1091 3533 1178; baseline -0.002 -18"><span class='ocrx_word' id='word_1_83' title='bbox 613 1118 750 1161; x_wconf 89' lang='lat' dir='ltr'><strong>eum</strong></span> <span class='ocrx_word' id='word_1_84' title='bbox 817 1108 1160 1178; x_wconf 85' lang='lat' dir='ltr'><strong>expectant,</strong></span> <span class='ocrx_word' id='word_1_85' title='bbox 1221 1098 1276 1157; x_wconf 77' lang='grc' dir='ltr'><strong>δι</strong></span> <span class='ocrx_word' id='word_1_86' title='bbox 1337 1096 1484 1156; x_wconf 87' lang='lat' dir='ltr'><strong>nihil</strong></span> <span class='ocrx_word' id='word_1_87' title='bbox 1542 1096 1619 1155; x_wconf 90' lang='lat' dir='ltr'><strong>de</strong></span> <span class='ocrx_word' id='word_1_88' title='bbox 1679 1096 1960 1175; x_wconf 84' lang='lat' dir='ltr'><strong>spirituali</strong></span> <span class='ocrx_word' id='word_1_89' title='bbox 2014 1095 2283 1157; x_wconf 88' lang='lat' dir='ltr'><strong>dominio</strong></span> <span class='ocrx_word' id='word_1_90' title='bbox 2326 1093 2543 1156; x_wconf 83' lang='lat' dir='ltr'><strong>Christi</strong></span> <span class='ocrx_word' id='word_1_91' title='bbox 2578 1091 2639 1153; x_wconf 88' lang='lat' dir='ltr'><strong>in</strong></span> <span class='ocrx_word' id='word_1_92' title='bbox 2684 1093 2949 1153; x_wconf 82' lang='lat' dir='ltr'><strong>Ecclesia</strong></span> <span class='ocrx_word' id='word_1_93' title='bbox 2988 1109 3124 1173; x_wconf 90' lang='lat' dir='ltr'><strong>sua,</strong></span> <span class='ocrx_word' id='word_1_94' title='bbox 3165 1096 3220 1155; x_wconf 77' lang='grc' dir='ltr'><strong>δι</strong></span> <span class='ocrx_word' id='word_1_95' title='bbox 3260 1093 3533 1155; x_wconf 85' lang='lat' dir='ltr'><strong>libertate</strong></span> 
     </span>
     <span class='ocr_line' id='line_1_10' title="bbox 613 1177 2933 1265; baseline -0.003 -24"><span class='ocrx_word' id='word_1_96' title='bbox 613 1179 892 1258; x_wconf 73' lang='lat' dir='ltr'><strong>SpirituS,</strong></span> <span class='ocrx_word' id='word_1_97' title='bbox 931 1179 1291 1258; x_wconf 86' lang='lat' dir='ltr'><strong>intelligunt,</strong></span> <span class='ocrx_word' id='word_1_98' title='bbox 1333 1177 1508 1237; x_wconf 85' lang='lat' dir='ltr'><strong>Ioan.</strong></span> <span class='ocrx_word' id='word_1_99' title='bbox 1561 1179 1653 1237; x_wconf 88' lang='lat'><strong>18.</strong></span> <span class='ocrx_word' id='word_1_100' title='bbox 1692 1181 1789 1255; x_wconf 85' lang='lat'><strong>36.</strong></span> <span class='ocrx_word' id='word_1_101' title='bbox 2817 1250 2832 1265; x_wconf 49' lang='lat'><strong>·</strong></span> <span class='ocrx_word' id='word_1_102' title='bbox 2918 1251 2933 1264; x_wconf 51' lang='lat'><em>·</em></span> 
     </span>
    </p>

    <p class='ocr_par' dir='ltr' id='par_1_5' title="bbox 611 1251 3534 1482">
     <span class='ocr_line' id='line_1_11' title="bbox 693 1251 3534 1338; baseline -0.002 -18"><span class='ocrx_word' id='word_1_103' title='bbox 693 1281 750 1334; x_wconf 88' lang='lat'><strong>4.</strong></span> <span class='ocrx_word' id='word_1_104' title='bbox 832 1261 1276 1338; x_wconf 62' lang='lat' dir='ltr'><strong>Anabapttlrtae‚</strong></span> <span class='ocrx_word' id='word_1_105' title='bbox 1319 1257 1422 1334; x_wconf 91' lang='lat' dir='ltr'><strong>qui</strong></span> <span class='ocrx_word' id='word_1_106' title='bbox 1461 1256 1792 1318; x_wconf 88' lang='lat' dir='ltr'><strong>libertatem</strong></span> <span class='ocrx_word' id='word_1_107' title='bbox 1834 1269 2134 1318; x_wconf 85' lang='lat' dir='ltr'><strong>externam</strong></span> <span class='ocrx_word' id='word_1_108' title='bbox 2172 1254 2351 1316; x_wconf 90' lang='lat' dir='ltr'><strong>etiam</strong></span> <span class='ocrx_word' id='word_1_109' title='bbox 2372 1257 2659 1332; x_wconf 88' lang='lat' dir='ltr'><strong>fingentes</strong></span> <span class='ocrx_word' id='word_1_110' title='bbox 2672 1299 2689 1328; x_wconf 92' lang='lat'><strong>,</strong></span> <span class='ocrx_word' id='word_1_111' title='bbox 2709 1251 2935 1330; x_wconf 81' lang='lat' dir='ltr'><strong>politici</strong></span> <span class='ocrx_word' id='word_1_112' title='bbox 2955 1253 3331 1331; x_wconf 85' lang='lat' dir='ltr'><strong>Magistratus</strong></span> <span class='ocrx_word' id='word_1_113' title='bbox 3352 1273 3534 1314; x_wconf 88' lang='lat' dir='ltr'><strong>omne</strong></span> 
     </span>
     <span class='ocr_line' id='line_1_12' title="bbox 611 1332 3534 1418; baseline -0.002 -18"><span class='ocrx_word' id='word_1_114' title='bbox 611 1339 816 1418; x_wconf 87' lang='lat' dir='ltr'><strong>iugum</strong></span> <span class='ocrx_word' id='word_1_115' title='bbox 867 1341 1198 1418; x_wconf 84' lang='lat' dir='ltr'><strong>excutiunt,</strong></span> <span class='ocrx_word' id='word_1_116' title='bbox 1248 1337 1304 1396; x_wconf 77' lang='grc' dir='ltr'><strong>δι</strong></span> <span class='ocrx_word' id='word_1_117' title='bbox 1345 1335 1712 1399; x_wconf 86' lang='lat' dir='ltr'><strong>Christianos</strong></span> <span class='ocrx_word' id='word_1_118' title='bbox 1752 1337 1912 1398; x_wconf 89' lang='lat' dir='ltr'><strong>mille</strong></span> <span class='ocrx_word' id='word_1_119' title='bbox 1952 1357 2141 1398; x_wconf 90' lang='lat' dir='ltr'><strong>annos</strong></span> <span class='ocrx_word' id='word_1_120' title='bbox 2180 1347 2317 1396; x_wconf 89' lang='lat' dir='ltr'><strong>ante</strong></span> <span class='ocrx_word' id='word_1_121' title='bbox 2357 1333 2739 1396; x_wconf 86' lang='lat' dir='ltr'><strong>nouissimum</strong></span> <span class='ocrx_word' id='word_1_122' title='bbox 2792 1332 2949 1392; x_wconf 89' lang='lat' dir='ltr'><strong>diem</strong></span> <span class='ocrx_word' id='word_1_123' title='bbox 2992 1343 3337 1412; x_wconf 88' lang='lat' dir='ltr'><strong>regnaturos</strong></span> <span class='ocrx_word' id='word_1_124' title='bbox 3378 1353 3534 1394; x_wconf 90' lang='lat' dir='ltr'><strong>som-</strong></span> 
     </span>
     <span class='ocr_line' id='line_1_13' title="bbox 613 1419 797 1482; baseline 0 -2"><span class='ocrx_word' id='word_1_125' title='bbox 613 1419 797 1482; x_wconf 82' lang='lat' dir='ltr'><strong>uiant.</strong></span> 
     </span>
    </p>
   </div>
   <div class='ocr_carea' id='block_1_3' title="bbox 1877 1601 2259 1610">
    <p class='ocr_par' dir='ltr' id='par_1_6' title="bbox 1877 1601 2259 1610">
     <span class='ocr_line' id='line_1_14' title="bbox 1877 1601 2259 1610; baseline 0.005 -2"><span class='ocrx_word' id='word_1_126' title='bbox 1877 1601 2259 1610; x_wconf 49' lang='grc' dir='ltr'><strong>-ὴ-</strong></span> 
     </span>
    </p>
   </div>
   <div class='ocr_carea' id='block_1_4' title="bbox 1420 1767 2717 2006">
    <p class='ocr_par' dir='ltr' id='par_1_7' title="bbox 1420 1767 2717 2006">
     <span class='ocr_line' id='line_1_15' title="bbox 1420 1767 2717 1830; baseline -0.002 -2"><span class='ocrx_word' id='word_1_127' title='bbox 1420 1769 1704 1830; x_wconf 83' lang='lat' dir='ltr'>XXXIX.</span> <span class='ocrx_word' id='word_1_128' title='bbox 1785 1769 1920 1828; x_wconf 92' lang='lat' dir='ltr'><strong>DE</strong></span> <span class='ocrx_word' id='word_1_129' title='bbox 1980 1767 2717 1828; x_wconf 87' lang='lat' dir='ltr'>ADORATIONE.</span> 
     </span>
     <span class='ocr_line' id='line_1_16' title="bbox 1855 1947 2292 2006; baseline 0 -2"><span class='ocrx_word' id='word_1_130' title='bbox 1855 1947 2183 2006; x_wconf 74' lang='lat' dir='ltr'><strong>Tntsis</strong></span> <span class='ocrx_word' id='word_1_131' title='bbox 2242 1947 2292 2005; x_wconf 94' lang='grc' dir='ltr'><strong>Ι.</strong></span> 
     </span>
    </p>
   </div>
   <div class='ocr_carea' id='block_1_5' title="bbox 618 2118 3559 4500">
    <p class='ocr_par' dir='ltr' id='par_1_8' title="bbox 618 2118 3550 3653">
     <span class='ocr_line' id='line_1_17' title="bbox 697 2118 3537 2204; baseline 0 -22"><span class='ocrx_word' id='word_1_132' title='bbox 697 2124 958 2182; x_wconf 63' lang='lat' dir='ltr'><strong>Lamus</strong></span> <span class='ocrx_word' id='word_1_133' title='bbox 1001 2119 1314 2181; x_wconf 87' lang='lat' dir='ltr'><strong>Adorandi</strong></span> <span class='ocrx_word' id='word_1_134' title='bbox 1353 2139 1471 2182; x_wconf 79' lang='lat' dir='ltr'><strong>vox</strong></span> <span class='ocrx_word' id='word_1_135' title='bbox 1509 2121 1669 2182; x_wconf 89' lang='lat' dir='ltr'><strong>idem</strong></span> <span class='ocrx_word' id='word_1_136' title='bbox 1707 2129 1877 2181; x_wconf 89' lang='lat' dir='ltr'><strong>notat</strong></span> <span class='ocrx_word' id='word_1_137' title='bbox 1891 2165 1910 2191; x_wconf 90' lang='lat'><strong>,</strong></span> <span class='ocrx_word' id='word_1_138' title='bbox 1951 2121 2118 2198; x_wconf 88' lang='lat' dir='ltr'><strong>quod</strong></span> <span class='ocrx_word' id='word_1_139' title='bbox 2158 2119 2454 2181; x_wconf 85' lang='lat' dir='ltr'><strong>Hebraeis</strong></span> <span class='ocrx_word' id='word_1_140' title='bbox 2489 2121 2764 2181; x_wconf 77' lang='lat' dir='ltr'><strong>Schakah</strong></span> <span class='ocrx_word' id='word_1_141' title='bbox 2782 2167 2798 2197; x_wconf 90' lang='lat'><strong>,</strong></span> <span class='ocrx_word' id='word_1_142' title='bbox 2824 2124 2881 2182; x_wconf 76' lang='grc' dir='ltr'><strong>δι</strong></span> <span class='ocrx_word' id='word_1_143' title='bbox 2900 2118 3147 2182; x_wconf 89' lang='lat' dir='ltr'><strong>Graecis</strong></span> <span class='ocrx_word' id='word_1_144' title='bbox 3168 2131 3537 2204; x_wconf 68' lang='grc' dir='ltr'><strong>προσκυνεῖνς</strong></span> 
     </span>
     <span class='ocr_line' id='line_1_18' title="bbox 619 2199 3542 2283; baseline -0 -20"><span class='ocrx_word' id='word_1_145' title='bbox 619 2201 912 2280; x_wconf 86' lang='lat' dir='ltr'><strong>significat</strong></span> <span class='ocrx_word' id='word_1_146' title='bbox 971 2199 1130 2262; x_wconf 90' lang='lat' dir='ltr'><strong>enim</strong></span> <span class='ocrx_word' id='word_1_147' title='bbox 1188 2201 1348 2280; x_wconf 89' lang='lat' dir='ltr'><strong>apud</strong></span> <span class='ocrx_word' id='word_1_148' title='bbox 1409 2203 1723 2262; x_wconf 80' lang='lat' dir='ltr'><strong>Hebraeos</strong></span> <span class='ocrx_word' id='word_1_149' title='bbox 1783 2199 2059 2262; x_wconf 82' lang='lat' dir='ltr'><strong>Schakali</strong></span> <span class='ocrx_word' id='word_1_150' title='bbox 2110 2211 2485 2278; x_wconf 86' lang='lat' dir='ltr'><strong>prosternere</strong></span> <span class='ocrx_word' id='word_1_151' title='bbox 2532 2219 2659 2262; x_wconf 89' lang='lat' dir='ltr'><strong>sese</strong></span> <span class='ocrx_word' id='word_1_152' title='bbox 2710 2211 2842 2261; x_wconf 88' lang='lat' dir='ltr'><strong>toto</strong></span> <span class='ocrx_word' id='word_1_153' title='bbox 2879 2220 3135 2280; x_wconf 91' lang='lat' dir='ltr'><strong>corpore</strong></span> <span class='ocrx_word' id='word_1_154' title='bbox 3172 2203 3251 2262; x_wconf 92' lang='lat' dir='ltr'><strong>ad</strong></span> <span class='ocrx_word' id='word_1_155' title='bbox 3290 2213 3507 2264; x_wconf 87' lang='lat' dir='ltr'><strong>terram</strong></span> <span class='ocrx_word' id='word_1_156' title='bbox 3521 2250 3542 2283; x_wconf 90' lang='lat'><strong>,</strong></span> 
     </span>
     <span class='ocr_line' id='line_1_19' title="bbox 618 2279 3543 2362; baseline -0 -19"><span class='ocrx_word' id='word_1_157' title='bbox 618 2281 804 2360; x_wconf 86' lang='lat' dir='ltr'><strong>passis</strong></span> <span class='ocrx_word' id='word_1_158' title='bbox 843 2281 1118 2342; x_wconf 85' lang='lat' dir='ltr'><strong>manibus</strong></span> <span class='ocrx_word' id='word_1_159' title='bbox 1157 2283 1214 2342; x_wconf 72' lang='grc' dir='ltr'><strong>δι</strong></span> <span class='ocrx_word' id='word_1_160' title='bbox 1251 2279 1532 2360; x_wconf 73' lang='lat' dir='ltr'><strong>pedibus»,</strong></span> <span class='ocrx_word' id='word_1_161' title='bbox 1573 2291 1637 2341; x_wconf 86' lang='lat' dir='ltr'><strong>vt</strong></span> <span class='ocrx_word' id='word_1_162' title='bbox 1675 2281 1827 2341; x_wconf 83' lang='lat' dir='ltr'><strong>Psal.</strong></span> <span class='ocrx_word' id='word_1_163' title='bbox 1861 2296 1957 2358; x_wconf 87' lang='lat'><strong>95.</strong></span> <span class='ocrx_word' id='word_1_164' title='bbox 1980 2282 2035 2339; x_wconf 88' lang='lat'><strong>6.</strong></span> <span class='ocrx_word' id='word_1_165' title='bbox 2082 2281 2235 2340; x_wconf 63' lang='lat' dir='ltr'><strong>Bor?</strong></span> <span class='ocrx_word' id='word_1_166' title='bbox 2256 2283 2656 2342; x_wconf 71' lang='lat' dir='ltr'><strong>nischttakaue</strong></span> <span class='ocrx_word' id='word_1_167' title='bbox 2669 2327 2685 2357; x_wconf 91' lang='lat'><strong>,</strong></span> <span class='ocrx_word' id='word_1_168' title='bbox 2706 2283 3027 2342; x_wconf 77' lang='lat' dir='ltr'><strong>venieraha</strong></span> <span class='ocrx_word' id='word_1_169' title='bbox 3040 2328 3059 2360; x_wconf 96' lang='lat'><strong>,</strong></span> <span class='ocrx_word' id='word_1_170' title='bbox 3078 2284 3313 2342; x_wconf 84' lang='lat' dir='ltr'><strong>nibreca</strong></span> <span class='ocrx_word' id='word_1_171' title='bbox 3332 2284 3543 2362; x_wconf 62' lang='lat' dir='ltr'><strong>szrm</strong></span> 
     </span>
     <span class='ocr_line' id='line_1_20' title="bbox 621 2359 3543 2455; baseline 0 -34"><span class='ocrx_word' id='word_1_172' title='bbox 621 2363 846 2422; x_wconf 80' lang='lat' dir='ltr'><strong>lelioua</strong></span> <span class='ocrx_word' id='word_1_173' title='bbox 887 2363 1182 2422; x_wconf 76' lang='lat' dir='ltr'><strong>hischenu.</strong></span> <span class='ocrx_word' id='word_1_174' title='bbox 1223 2359 1285 2420; x_wconf 90' lang='lat' dir='ltr'><strong>id</strong></span> <span class='ocrx_word' id='word_1_175' title='bbox 1317 2370 1432 2441; x_wconf 89' lang='lat' dir='ltr'><strong>est,</strong></span> <span class='ocrx_word' id='word_1_176' title='bbox 1478 2364 1662 2423; x_wconf 81' lang='lat' dir='ltr'><strong>venite</strong></span> <span class='ocrx_word' id='word_1_177' title='bbox 1699 2363 2010 2420; x_wconf 84' lang='lat' dir='ltr'><strong>adoremus</strong></span> <span class='ocrx_word' id='word_1_178' title='bbox 2052 2361 2131 2420; x_wconf 69' lang='grc' dir='ltr'><strong>ὁ·</strong></span> <span class='ocrx_word' id='word_1_179' title='bbox 2164 2364 2533 2421; x_wconf 73' lang='lat' dir='ltr'><strong>incurvemus</strong></span> <span class='ocrx_word' id='word_1_180' title='bbox 2573 2381 2714 2421; x_wconf 85' lang='lat' dir='ltr'><strong>nos:</strong></span> <span class='ocrx_word' id='word_1_181' title='bbox 2748 2365 3238 2455; x_wconf 76' lang='lat' dir='ltr'><strong>genuflectamus,</strong></span> <span class='ocrx_word' id='word_1_182' title='bbox 3258 2365 3347 2423; x_wconf 85' lang='lat' dir='ltr'><strong>ad</strong></span> <span class='ocrx_word' id='word_1_183' title='bbox 3342 2363 3543 2441; x_wconf 80' lang='lat' dir='ltr'><strong>facies</strong></span> 
     </span>
     <span class='ocr_line' id='line_1_21' title="bbox 621 2441 3539 2521; baseline 0.001 -20"><span class='ocrx_word' id='word_1_184' title='bbox 621 2444 876 2503; x_wconf 78' lang='lat' dir='ltr'><strong>Iehouae</strong></span> <span class='ocrx_word' id='word_1_185' title='bbox 898 2443 1163 2520; x_wconf 77' lang='lat' dir='ltr'><strong>factoris</strong></span> <span class='ocrx_word' id='word_1_186' title='bbox 1202 2445 1422 2521; x_wconf 78' lang='lat' dir='ltr'><strong>nostri,</strong></span> <span class='ocrx_word' id='word_1_187' title='bbox 1464 2442 1502 2503; x_wconf 89' lang='lat' dir='ltr'><strong>i.</strong></span> <span class='ocrx_word' id='word_1_188' title='bbox 1545 2461 1750 2502; x_wconf 87' lang='lat' dir='ltr'><strong>coram</strong></span> <span class='ocrx_word' id='word_1_189' title='bbox 1793 2441 2058 2502; x_wconf 90' lang='lat' dir='ltr'><strong>Domino</strong></span> <span class='ocrx_word' id='word_1_190' title='bbox 2098 2452 2365 2503; x_wconf 89' lang='lat' dir='ltr'><strong>creatore</strong></span> <span class='ocrx_word' id='word_1_191' title='bbox 2404 2452 2625 2501; x_wconf 81' lang='lat' dir='ltr'><strong>nostre.</strong></span> <span class='ocrx_word' id='word_1_192' title='bbox 2668 2442 2791 2501; x_wconf 90' lang='lat' dir='ltr'><strong>Vbi</strong></span> <span class='ocrx_word' id='word_1_193' title='bbox 2828 2459 3086 2519; x_wconf 89' lang='lat' dir='ltr'><strong>primum</strong></span> <span class='ocrx_word' id='word_1_194' title='bbox 3119 2446 3365 2504; x_wconf 85' lang='lat' dir='ltr'><strong>verbum</strong></span> <span class='ocrx_word' id='word_1_195' title='bbox 3387 2444 3539 2504; x_wconf 87' lang='lat' dir='ltr'><strong>acei-</strong></span> 
     </span>
     <span class='ocr_line' id='line_1_22' title="bbox 621 2520 3540 2601; baseline 0 -18"><span class='ocrx_word' id='word_1_196' title='bbox 621 2522 776 2601; x_wconf 89' lang='lat' dir='ltr'><strong>pitur</strong></span> <span class='ocrx_word' id='word_1_197' title='bbox 816 2522 1245 2601; x_wconf 89' lang='lat' dir='ltr'><strong>significatione</strong></span> <span class='ocrx_word' id='word_1_198' title='bbox 1285 2522 1402 2582; x_wconf 90' lang='lat' dir='ltr'><strong>iam</strong></span> <span class='ocrx_word' id='word_1_199' title='bbox 1441 2520 1629 2593; x_wconf 66' lang='lat' dir='ltr'><strong>diets,</strong></span> <span class='ocrx_word' id='word_1_200' title='bbox 1671 2521 1987 2600; x_wconf 76' lang='lat' dir='ltr'><strong>plurimum</strong></span> <span class='ocrx_word' id='word_1_201' title='bbox 2030 2521 2091 2581; x_wconf 88' lang='lat' dir='ltr'><strong>in</strong></span> <span class='ocrx_word' id='word_1_202' title='bbox 2134 2522 2394 2601; x_wconf 80' lang='lat' dir='ltr'><strong>Hitpael.</strong></span> <span class='ocrx_word' id='word_1_203' title='bbox 2436 2524 2703 2583; x_wconf 89' lang='lat' dir='ltr'><strong>Alterum</strong></span> <span class='ocrx_word' id='word_1_204' title='bbox 2746 2521 3034 2599; x_wconf 87' lang='lat' dir='ltr'><strong>significat</strong></span> <span class='ocrx_word' id='word_1_205' title='bbox 3064 2522 3270 2601; x_wconf 87' lang='lat' dir='ltr'><strong>capitis</strong></span> <span class='ocrx_word' id='word_1_206' title='bbox 3300 2523 3540 2583; x_wconf 87' lang='lat' dir='ltr'><strong>inclina·</strong></span> 
     </span>
     <span class='ocr_line' id='line_1_23' title="bbox 620 2601 3541 2681; baseline 0 -19"><span class='ocrx_word' id='word_1_207' title='bbox 620 2602 844 2663; x_wconf 89' lang='lat' dir='ltr'><strong>tionem</strong></span> <span class='ocrx_word' id='word_1_208' title='bbox 885 2620 1025 2663; x_wconf 80' lang='lat' dir='ltr'><strong>cum</strong></span> <span class='ocrx_word' id='word_1_209' title='bbox 1065 2604 1222 2663; x_wconf 83' lang='lat' dir='ltr'><strong>flexu</strong></span> <span class='ocrx_word' id='word_1_210' title='bbox 1262 2601 1548 2681; x_wconf 65' lang='lat' dir='ltr'><strong>corporis</strong></span> <span class='ocrx_word' id='word_1_211' title='bbox 1590 2604 1963 2662; x_wconf 85' lang='lat' dir='ltr'><strong>Postremum</strong></span> <span class='ocrx_word' id='word_1_212' title='bbox 2005 2612 2201 2662; x_wconf 87' lang='lat' dir='ltr'><strong>autem</strong></span> <span class='ocrx_word' id='word_1_213' title='bbox 2242 2613 2330 2663; x_wconf 90' lang='lat' dir='ltr'><strong>est</strong></span> <span class='ocrx_word' id='word_1_214' title='bbox 2362 2619 2621 2678; x_wconf 89' lang='lat' dir='ltr'><strong>genuum</strong></span> <span class='ocrx_word' id='word_1_215' title='bbox 2660 2602 2961 2663; x_wconf 85' lang='lat' dir='ltr'><strong>inclinatio</strong></span> <span class='ocrx_word' id='word_1_216' title='bbox 2986 2619 3172 2679; x_wconf 88' lang='lat' dir='ltr'><strong>vsque</strong></span> <span class='ocrx_word' id='word_1_217' title='bbox 3194 2604 3271 2665; x_wconf 89' lang='lat' dir='ltr'><strong>ad</strong></span> <span class='ocrx_word' id='word_1_218' title='bbox 3292 2615 3505 2664; x_wconf 88' lang='lat' dir='ltr'><strong>terram</strong></span> <span class='ocrx_word' id='word_1_219' title='bbox 3522 2650 3541 2680; x_wconf 92' lang='lat'><strong>,</strong></span> 
     </span>
     <span class='ocr_line' id='line_1_24' title="bbox 620 2681 3542 2761; baseline -0 -18"><span class='ocrx_word' id='word_1_220' title='bbox 620 2684 824 2745; x_wconf 80' lang='lat' dir='ltr'><strong>Rabbi</strong></span> <span class='ocrx_word' id='word_1_221' title='bbox 878 2684 1097 2743; x_wconf 78' lang='lat' dir='ltr'><strong>Dauid</strong></span> <span class='ocrx_word' id='word_1_222' title='bbox 1147 2684 1370 2743; x_wconf 80' lang='lat' dir='ltr'><strong>Kimki.</strong></span> <span class='ocrx_word' id='word_1_223' title='bbox 1430 2683 1800 2743; x_wconf 84' lang='lat' dir='ltr'><strong>Graecorum</strong></span> <span class='ocrx_word' id='word_1_224' title='bbox 1853 2686 1997 2742; x_wconf 75' lang='lat' dir='ltr'><strong>vere</strong></span> <span class='ocrx_word' id='word_1_225' title='bbox 2050 2681 2387 2761; x_wconf 69' lang='grc' dir='ltr'><strong><em>προσκυνεῖν</em></strong></span> <span class='ocrx_word' id='word_1_226' title='bbox 2436 2682 2613 2741; x_wconf 87' lang='lat' dir='ltr'><strong>etiam</strong></span> <span class='ocrx_word' id='word_1_227' title='bbox 2670 2682 2747 2743; x_wconf 90' lang='lat' dir='ltr'><strong>de</strong></span> <span class='ocrx_word' id='word_1_228' title='bbox 2785 2682 3049 2761; x_wconf 80' lang='lat' dir='ltr'><strong>gestibus</strong></span> <span class='ocrx_word' id='word_1_229' title='bbox 3088 2684 3342 2744; x_wconf 87' lang='lat' dir='ltr'><strong>externis</strong></span> <span class='ocrx_word' id='word_1_230' title='bbox 3384 2683 3505 2743; x_wconf 88' lang='lat' dir='ltr'><strong>dici</strong></span> <span class='ocrx_word' id='word_1_231' title='bbox 3524 2730 3542 2759; x_wconf 92' lang='lat'><strong>,</strong></span> 
     </span>
     <span class='ocr_line' id='line_1_25' title="bbox 624 2760 3545 2841; baseline 0 -19"><span class='ocrx_word' id='word_1_232' title='bbox 624 2762 847 2823; x_wconf 89' lang='lat' dir='ltr'><strong>indicat</strong></span> <span class='ocrx_word' id='word_1_233' title='bbox 888 2760 1178 2823; x_wconf 90' lang='lat' dir='ltr'><strong>deriuatio</strong></span> <span class='ocrx_word' id='word_1_234' title='bbox 1219 2762 1430 2841; x_wconf 89' lang='lat' dir='ltr'><strong>ipsius,</strong></span> <span class='ocrx_word' id='word_1_235' title='bbox 1473 2762 1710 2841; x_wconf 79' lang='lat' dir='ltr'><strong>proprie</strong></span> <span class='ocrx_word' id='word_1_236' title='bbox 1747 2760 1904 2822; x_wconf 89' lang='lat' dir='ltr'><strong>enim</strong></span> <span class='ocrx_word' id='word_1_237' title='bbox 1946 2762 2325 2839; x_wconf 83' lang='lat' dir='ltr'><strong>Etymologia</strong></span> <span class='ocrx_word' id='word_1_238' title='bbox 2366 2761 2537 2823; x_wconf 89' lang='lat' dir='ltr'><strong>huius</strong></span> <span class='ocrx_word' id='word_1_239' title='bbox 2578 2762 2743 2822; x_wconf 86' lang='lat' dir='ltr'><strong>verbi</strong></span> <span class='ocrx_word' id='word_1_240' title='bbox 2783 2764 2820 2821; x_wconf 78' lang='lat' dir='ltr'><strong>a</strong></span> <span class='ocrx_word' id='word_1_241' title='bbox 2860 2782 3037 2840; x_wconf 89' lang='lat' dir='ltr'><strong>cane,</strong></span> <span class='ocrx_word' id='word_1_242' title='bbox 3078 2762 3181 2839; x_wconf 89' lang='lat' dir='ltr'><strong>qui</strong></span> <span class='ocrx_word' id='word_1_243' title='bbox 3224 2769 3373 2823; x_wconf 65' lang='grc' dir='ltr'><strong>κύων</strong></span> <span class='ocrx_word' id='word_1_244' title='bbox 3400 2762 3545 2839; x_wconf 86' lang='lat' dir='ltr'><strong>illis,</strong></span> 
     </span>
     <span class='ocr_line' id='line_1_26' title="bbox 624 2840 3543 2922; baseline -0.001 -19"><span class='ocrx_word' id='word_1_245' title='bbox 624 2841 965 2915; x_wconf 86' lang='lat' dir='ltr'><strong>deducitur,</strong></span> <span class='ocrx_word' id='word_1_246' title='bbox 1007 2844 1147 2902; x_wconf 75' lang='lat' dir='ltr'><strong>cum</strong></span> <span class='ocrx_word' id='word_1_247' title='bbox 1202 2842 1342 2922; x_wconf 72' lang='grc' dir='ltr'><strong>πρὸς</strong></span> <span class='ocrx_word' id='word_1_248' title='bbox 1384 2846 1522 2909; x_wconf 74' lang='grc' dir='ltr'><strong>τούς</strong></span> <span class='ocrx_word' id='word_1_249' title='bbox 1561 2844 1744 2909; x_wconf 76' lang='grc' dir='ltr'><strong><em>πόδας</em></strong></span> <span class='ocrx_word' id='word_1_250' title='bbox 1783 2840 1872 2901; x_wconf 88' lang='lat' dir='ltr'><strong>sui</strong></span> <span class='ocrx_word' id='word_1_251' title='bbox 1912 2843 2039 2903; x_wconf 90' lang='lat' dir='ltr'><strong>heri</strong></span> <span class='ocrx_word' id='word_1_252' title='bbox 2078 2859 2203 2902; x_wconf 87' lang='lat' dir='ltr'><strong>sese</strong></span> <span class='ocrx_word' id='word_1_253' title='bbox 2245 2842 2572 2921; x_wconf 88' lang='lat' dir='ltr'><strong>prouoluit,</strong></span> <span class='ocrx_word' id='word_1_254' title='bbox 2614 2841 2782 2919; x_wconf 89' lang='lat' dir='ltr'><strong>quasi</strong></span> <span class='ocrx_word' id='word_1_255' title='bbox 2820 2843 3006 2919; x_wconf 89' lang='lat' dir='ltr'><strong>pedes</strong></span> <span class='ocrx_word' id='word_1_256' title='bbox 3045 2841 3198 2902; x_wconf 88' lang='lat' dir='ltr'><strong>illius</strong></span> <span class='ocrx_word' id='word_1_257' title='bbox 3236 2844 3543 2903; x_wconf 88' lang='lat' dir='ltr'><strong>deoscula-</strong></span> 
     </span>
     <span class='ocr_line' id='line_1_27' title="bbox 621 2922 3543 3000; baseline -0.001 -17"><span class='ocrx_word' id='word_1_258' title='bbox 621 2932 816 3000; x_wconf 80' lang='lat' dir='ltr'><strong>turus,</strong></span> <span class='ocrx_word' id='word_1_259' title='bbox 855 2922 1056 3000; x_wconf 73' lang='lat' dir='ltr'><strong>illtque</strong></span> <span class='ocrx_word' id='word_1_260' title='bbox 1097 2922 1465 2998; x_wconf 75' lang='lat' dir='ltr'><strong>adulaturuS,</strong></span> <span class='ocrx_word' id='word_1_261' title='bbox 1498 2924 1592 2982; x_wconf 87' lang='lat' dir='ltr'><strong>vel</strong></span> <span class='ocrx_word' id='word_1_262' title='bbox 1631 2931 1806 2982; x_wconf 86' lang='lat' dir='ltr'><strong>etiarn</strong></span> <span class='ocrx_word' id='word_1_263' title='bbox 1848 2924 1885 2981; x_wconf 76' lang='lat' dir='ltr'><strong>a</strong></span> <span class='ocrx_word' id='word_1_264' title='bbox 1927 2926 2072 2999; x_wconf 68' lang='grc' dir='ltr'><strong>κύω,</strong></span> <span class='ocrx_word' id='word_1_265' title='bbox 2117 2932 2294 2997; x_wconf 58' lang='lat' dir='ltr'><strong>nura,</strong></span> <span class='ocrx_word' id='word_1_266' title='bbox 2334 2923 2426 2981; x_wconf 86' lang='lat' dir='ltr'><strong>vel</strong></span> <span class='ocrx_word' id='word_1_267' title='bbox 2471 2924 2715 2995; x_wconf 61' lang='grc' dir='ltr'><strong>κυνεύω,</strong></span> <span class='ocrx_word' id='word_1_268' title='bbox 2758 2922 2923 2999; x_wconf 91' lang='lat' dir='ltr'><strong>quod</strong></span> <span class='ocrx_word' id='word_1_269' title='bbox 2956 2923 3195 2983; x_wconf 85' lang='lat' dir='ltr'><strong>osculor</strong></span> <span class='ocrx_word' id='word_1_270' title='bbox 3220 2922 3543 3000; x_wconf 84' lang='lat' dir='ltr'><strong>significat,</strong></span> 
     </span>
     <span class='ocr_line' id='line_1_28' title="bbox 623 3000 3549 3080; baseline -0.001 -17"><span class='ocrx_word' id='word_1_271' title='bbox 623 3002 780 3063; x_wconf 77' lang='lat' dir='ltr'><strong>vnde</strong></span> <span class='ocrx_word' id='word_1_272' title='bbox 819 3004 984 3062; x_wconf 87' lang='lat' dir='ltr'><strong>Psal.</strong></span> <span class='ocrx_word' id='word_1_273' title='bbox 1030 3021 1083 3062; x_wconf 88' lang='lat'><strong>2.</strong></span> <span class='ocrx_word' id='word_1_274' title='bbox 1133 3020 1223 3061; x_wconf 83' lang='lat'><strong>12.</strong></span> <span class='ocrx_word' id='word_1_275' title='bbox 1263 3000 1630 3062; x_wconf 84' lang='lat' dir='ltr'><strong>osculamini</strong></span> <span class='ocrx_word' id='word_1_276' title='bbox 1663 3001 1892 3064; x_wconf 89' lang='lat' dir='ltr'><strong>Filium.</strong></span> <span class='ocrx_word' id='word_1_277' title='bbox 1937 3000 2265 3062; x_wconf 89' lang='lat' dir='ltr'><strong>Priscianus</strong></span> <span class='ocrx_word' id='word_1_278' title='bbox 2304 3002 2361 3060; x_wconf 78' lang='grc' dir='ltr'><strong>δι</strong></span> <span class='ocrx_word' id='word_1_279' title='bbox 2394 3004 2623 3062; x_wconf 86' lang='lat' dir='ltr'><strong>Nonius</strong></span> <span class='ocrx_word' id='word_1_280' title='bbox 2654 3012 2827 3062; x_wconf 90' lang='lat' dir='ltr'><strong>autor</strong></span> <span class='ocrx_word' id='word_1_281' title='bbox 2846 3011 2935 3062; x_wconf 87' lang='lat' dir='ltr'><strong>est</strong></span> <span class='ocrx_word' id='word_1_282' title='bbox 2949 3047 2965 3080; x_wconf 92' lang='lat'><strong>,</strong></span> <span class='ocrx_word' id='word_1_283' title='bbox 2986 3003 3233 3064; x_wconf 86' lang='lat' dir='ltr'><strong>verbum</strong></span> <span class='ocrx_word' id='word_1_284' title='bbox 3254 3002 3549 3061; x_wconf 89' lang='lat' dir='ltr'><strong>adorandi</strong></span> 
     </span>
     <span class='ocr_line' id='line_1_29' title="bbox 625 3080 3547 3162; baseline -0 -20"><span class='ocrx_word' id='word_1_285' title='bbox 625 3080 844 3143; x_wconf 88' lang='lat' dir='ltr'><strong>deduci</strong></span> <span class='ocrx_word' id='word_1_286' title='bbox 881 3086 920 3143; x_wconf 78' lang='lat' dir='ltr'><strong>a</strong></span> <span class='ocrx_word' id='word_1_287' title='bbox 959 3081 1200 3142; x_wconf 89' lang='lat' dir='ltr'><strong>nomine</strong></span> <span class='ocrx_word' id='word_1_288' title='bbox 1239 3080 1640 3143; x_wconf 88' lang='lat' dir='ltr'><strong>indeclinabili</strong></span> <span class='ocrx_word' id='word_1_289' title='bbox 1679 3084 1861 3161; x_wconf 84' lang='lat' dir='ltr'><strong>ador,</strong></span> <span class='ocrx_word' id='word_1_290' title='bbox 1899 3082 2067 3159; x_wconf 89' lang='lat' dir='ltr'><strong>quod</strong></span> <span class='ocrx_word' id='word_1_291' title='bbox 2108 3080 2483 3159; x_wconf 87' lang='lat' dir='ltr'><strong>purissimum</strong></span> <span class='ocrx_word' id='word_1_292' title='bbox 2522 3082 2879 3141; x_wconf 87' lang='lat' dir='ltr'><strong>frumentum</strong></span> <span class='ocrx_word' id='word_1_293' title='bbox 2920 3093 3121 3162; x_wconf 87' lang='lat' dir='ltr'><strong>sonat,</strong></span> <span class='ocrx_word' id='word_1_294' title='bbox 3162 3084 3321 3143; x_wconf 86' lang='lat' dir='ltr'><strong>vnde</strong></span> <span class='ocrx_word' id='word_1_295' title='bbox 3360 3082 3547 3141; x_wconf 87' lang='lat' dir='ltr'><strong>confi-</strong></span> 
     </span>
     <span class='ocr_line' id='line_1_30' title="bbox 625 3160 3549 3240; baseline 0 -19"><span class='ocrx_word' id='word_1_296' title='bbox 625 3162 935 3222; x_wconf 89' lang='lat' dir='ltr'><strong>ciebantur</strong></span> <span class='ocrx_word' id='word_1_297' title='bbox 987 3163 1294 3240; x_wconf 84' lang='lat' dir='ltr'><strong>placentae</strong></span> <span class='ocrx_word' id='word_1_298' title='bbox 1307 3206 1325 3239; x_wconf 91' lang='lat'><strong>,</strong></span> <span class='ocrx_word' id='word_1_299' title='bbox 1375 3178 1528 3240; x_wconf 90' lang='lat' dir='ltr'><strong>quae</strong></span> <span class='ocrx_word' id='word_1_300' title='bbox 1576 3162 1863 3222; x_wconf 89' lang='lat' dir='ltr'><strong>Romanis</strong></span> <span class='ocrx_word' id='word_1_301' title='bbox 1901 3161 1963 3222; x_wconf 90' lang='lat' dir='ltr'><strong>iii</strong></span> <span class='ocrx_word' id='word_1_302' title='bbox 2004 3160 2311 3222; x_wconf 87' lang='lat' dir='ltr'><strong>Sacrificiis</strong></span> <span class='ocrx_word' id='word_1_303' title='bbox 2350 3161 2800 3222; x_wconf 88' lang='lat' dir='ltr'><strong>adhibebantur.</strong></span> <span class='ocrx_word' id='word_1_304' title='bbox 2840 3164 3011 3222; x_wconf 85' lang='lat' dir='ltr'><strong>quta</strong></span> <span class='ocrx_word' id='word_1_305' title='bbox 3049 3164 3203 3223; x_wconf 86' lang='lat' dir='ltr'><strong>hanc</strong></span> <span class='ocrx_word' id='word_1_306' title='bbox 3242 3162 3549 3239; x_wconf 84' lang='lat' dir='ltr'><strong>Etymolo-</strong></span> 
     </span>
     <span class='ocr_line' id='line_1_31' title="bbox 625 3240 3547 3321; baseline -0 -19"><span class='ocrx_word' id='word_1_307' title='bbox 625 3241 784 3321; x_wconf 88' lang='lat' dir='ltr'><strong>giam</strong></span> <span class='ocrx_word' id='word_1_308' title='bbox 823 3240 1061 3321; x_wconf 77' lang='lat' dir='ltr'><strong>proprie</strong></span> <span class='ocrx_word' id='word_1_309' title='bbox 1101 3241 1179 3302; x_wconf 91' lang='lat' dir='ltr'><strong>ad</strong></span> <span class='ocrx_word' id='word_1_310' title='bbox 1219 3243 1412 3303; x_wconf 88' lang='lat' dir='ltr'><strong>solum</strong></span> <span class='ocrx_word' id='word_1_311' title='bbox 1451 3241 1567 3302; x_wconf 91' lang='lat' dir='ltr'><strong>Dei</strong></span> <span class='ocrx_word' id='word_1_312' title='bbox 1601 3244 1825 3302; x_wconf 89' lang='lat' dir='ltr'><strong>cultum</strong></span> <span class='ocrx_word' id='word_1_313' title='bbox 1861 3242 2125 3302; x_wconf 82' lang='lat' dir='ltr'><strong>refertur.</strong></span> <span class='ocrx_word' id='word_1_314' title='bbox 2170 3240 2336 3301; x_wconf 90' lang='lat' dir='ltr'><strong>Licet</strong></span> <span class='ocrx_word' id='word_1_315' title='bbox 2358 3246 2501 3303; x_wconf 73' lang='lat' dir='ltr'><strong>vere</strong></span> <span class='ocrx_word' id='word_1_316' title='bbox 2522 3241 2870 3302; x_wconf 88' lang='lat' dir='ltr'><strong>Laurentius</strong></span> <span class='ocrx_word' id='word_1_317' title='bbox 2896 3244 3069 3301; x_wconf 89' lang='lat' dir='ltr'><strong>Valla</strong></span> <span class='ocrx_word' id='word_1_318' title='bbox 3090 3243 3547 3321; x_wconf 80' lang='lat' dir='ltr'><strong>Elegantiarum</strong></span> 
     </span>
     <span class='ocr_line' id='line_1_32' title="bbox 627 3320 3548 3402; baseline 0 -21"><span class='ocrx_word' id='word_1_319' title='bbox 627 3322 728 3381; x_wconf 86' lang='lat' dir='ltr'><strong>lib.</strong></span> <span class='ocrx_word' id='word_1_320' title='bbox 793 3336 848 3400; x_wconf 83' lang='lat'><strong>5.</strong></span> <span class='ocrx_word' id='word_1_321' title='bbox 901 3333 1030 3402; x_wconf 76' lang='lat' dir='ltr'><strong>cap.</strong></span> <span class='ocrx_word' id='word_1_322' title='bbox 1090 3342 1115 3380; x_wconf 90' lang='lat'>1</span> <span class='ocrx_word' id='word_1_323' title='bbox 1132 3342 1181 3382; x_wconf 91' lang='lat'><strong>1.</strong></span> <span class='ocrx_word' id='word_1_324' title='bbox 1235 3320 1395 3381; x_wconf 89' lang='lat' dir='ltr'><strong>idem</strong></span> <span class='ocrx_word' id='word_1_325' title='bbox 1436 3321 1790 3382; x_wconf 85' lang='lat' dir='ltr'><strong>vocabulum</strong></span> <span class='ocrx_word' id='word_1_326' title='bbox 1833 3322 2059 3383; x_wconf 80' lang='lat' dir='ltr'><strong>dei-iuet</strong></span> <span class='ocrx_word' id='word_1_327' title='bbox 2100 3323 2179 3382; x_wconf 90' lang='lat' dir='ltr'><strong>ab</strong></span> <span class='ocrx_word' id='word_1_328' title='bbox 2220 3340 2363 3398; x_wconf 86' lang='lat' dir='ltr'><strong>oro,</strong></span> <span class='ocrx_word' id='word_1_329' title='bbox 2405 3324 2569 3398; x_wconf 90' lang='lat' dir='ltr'><strong>quod</strong></span> <span class='ocrx_word' id='word_1_330' title='bbox 2610 3332 2695 3382; x_wconf 88' lang='lat' dir='ltr'><strong>est</strong></span> <span class='ocrx_word' id='word_1_331' title='bbox 2737 3340 2841 3382; x_wconf 91' lang='lat' dir='ltr'><strong>ore</strong></span> <span class='ocrx_word' id='word_1_332' title='bbox 2878 3340 3124 3401; x_wconf 86' lang='lat' dir='ltr'><strong>precor,</strong></span> <span class='ocrx_word' id='word_1_333' title='bbox 3164 3321 3310 3381; x_wconf 90' lang='lat' dir='ltr'><strong>dicit</strong></span> <span class='ocrx_word' id='word_1_334' title='bbox 3348 3332 3548 3382; x_wconf 89' lang='lat' dir='ltr'><strong>tamen</strong></span> 
     </span>
     <span class='ocr_line' id='line_1_33' title="bbox 625 3400 3545 3481; baseline 0.001 -21"><span class='ocrx_word' id='word_1_335' title='bbox 625 3400 876 3480; x_wconf 87' lang='lat' dir='ltr'><strong>ibidem,</strong></span> <span class='ocrx_word' id='word_1_336' title='bbox 921 3402 1192 3462; x_wconf 88' lang='lat' dir='ltr'><strong>Adorare</strong></span> <span class='ocrx_word' id='word_1_337' title='bbox 1239 3400 1621 3461; x_wconf 87' lang='lat' dir='ltr'><strong>nihilominus</strong></span> <span class='ocrx_word' id='word_1_338' title='bbox 1654 3401 1782 3462; x_wconf 87' lang='lat' dir='ltr'><strong>sine</strong></span> <span class='ocrx_word' id='word_1_339' title='bbox 1821 3419 1927 3462; x_wconf 91' lang='lat' dir='ltr'><strong>ore</strong></span> <span class='ocrx_word' id='word_1_340' title='bbox 1966 3400 2122 3481; x_wconf 88' lang='lat' dir='ltr'><strong>fieri,</strong></span> <span class='ocrx_word' id='word_1_341' title='bbox 2162 3418 2283 3462; x_wconf 87' lang='lat' dir='ltr'><strong>non</strong></span> <span class='ocrx_word' id='word_1_342' title='bbox 2316 3400 2441 3461; x_wconf 88' lang='lat' dir='ltr'><strong>sine</strong></span> <span class='ocrx_word' id='word_1_343' title='bbox 2474 3404 2629 3461; x_wconf 84' lang='lat' dir='ltr'><strong>flexu</strong></span> <span class='ocrx_word' id='word_1_344' title='bbox 2658 3420 2917 3481; x_wconf 86' lang='lat' dir='ltr'><strong>genuum</strong></span> <span class='ocrx_word' id='word_1_345' title='bbox 2931 3448 2947 3481; x_wconf 92' lang='lat'><strong>,</strong></span> <span class='ocrx_word' id='word_1_346' title='bbox 2968 3422 3041 3463; x_wconf 90' lang='lat' dir='ltr'><strong>ac</strong></span> <span class='ocrx_word' id='word_1_347' title='bbox 3059 3412 3229 3481; x_wconf 87' lang='lat' dir='ltr'><strong>gestu</strong></span> <span class='ocrx_word' id='word_1_348' title='bbox 3249 3401 3545 3479; x_wconf 81' lang='lat' dir='ltr'><strong>corporiS,</strong></span> 
     </span>
     <span class='ocr_line' id='line_1_34' title="bbox 627 3480 3550 3561; baseline 0 -20"><span class='ocrx_word' id='word_1_349' title='bbox 627 3492 690 3541; x_wconf 86' lang='lat' dir='ltr'><strong>vt</strong></span> <span class='ocrx_word' id='word_1_350' title='bbox 752 3485 808 3543; x_wconf 85' lang='lat'>&amp;</span> <span class='ocrx_word' id='word_1_351' title='bbox 871 3480 1153 3559; x_wconf 88' lang='lat' dir='ltr'><strong>Supplico</strong></span> <span class='ocrx_word' id='word_1_352' title='bbox 1169 3526 1186 3561; x_wconf 93' lang='lat'><strong>,</strong></span> <span class='ocrx_word' id='word_1_353' title='bbox 1247 3482 1410 3558; x_wconf 91' lang='lat' dir='ltr'><strong>quod</strong></span> <span class='ocrx_word' id='word_1_354' title='bbox 1472 3480 1700 3541; x_wconf 88' lang='lat' dir='ltr'><strong>etiamsi</strong></span> <span class='ocrx_word' id='word_1_355' title='bbox 1759 3484 1796 3541; x_wconf 77' lang='lat' dir='ltr'><strong>a</strong></span> <span class='ocrx_word' id='word_1_356' title='bbox 1841 3480 2005 3559; x_wconf 91' lang='lat' dir='ltr'><strong>plico</strong></span> <span class='ocrx_word' id='word_1_357' title='bbox 2056 3480 2343 3560; x_wconf 85' lang='lat' dir='ltr'><strong>originem</strong></span> <span class='ocrx_word' id='word_1_358' title='bbox 2394 3482 2619 3557; x_wconf 87' lang='lat' dir='ltr'><strong>trahat,</strong></span> <span class='ocrx_word' id='word_1_359' title='bbox 2659 3482 2786 3542; x_wconf 90' lang='lat' dir='ltr'><strong>fieri</strong></span> <span class='ocrx_word' id='word_1_360' title='bbox 2824 3492 3023 3542; x_wconf 88' lang='lat' dir='ltr'><strong>tamen</strong></span> <span class='ocrx_word' id='word_1_361' title='bbox 3064 3481 3191 3542; x_wconf 88' lang='lat' dir='ltr'><strong>sine</strong></span> <span class='ocrx_word' id='word_1_362' title='bbox 3230 3481 3550 3560; x_wconf 86' lang='lat' dir='ltr'><strong>plicatione</strong></span> 
     </span>
     <span class='ocr_line' id='line_1_35' title="bbox 628 3561 2601 3653; baseline -0.001 -31"><span class='ocrx_word' id='word_1_363' title='bbox 628 3578 922 3640; x_wconf 83' lang='lat' dir='ltr'><strong>genuum,</strong></span> <span class='ocrx_word' id='word_1_364' title='bbox 965 3580 1036 3621; x_wconf 91' lang='lat' dir='ltr'><strong>ac</strong></span> <span class='ocrx_word' id='word_1_365' title='bbox 1076 3572 1244 3653; x_wconf 80' lang='lat' dir='ltr'><strong>gestu</strong></span> <span class='ocrx_word' id='word_1_366' title='bbox 1285 3561 1582 3639; x_wconf 87' lang='lat' dir='ltr'><strong>corporis,</strong></span> <span class='ocrx_word' id='word_1_367' title='bbox 1625 3580 1747 3622; x_wconf 90' lang='lat' dir='ltr'><strong>non</strong></span> <span class='ocrx_word' id='word_1_368' title='bbox 1790 3573 1988 3621; x_wconf 89' lang='lat' dir='ltr'><strong>autem</strong></span> <span class='ocrx_word' id='word_1_369' title='bbox 2028 3562 2155 3622; x_wconf 90' lang='lat' dir='ltr'><strong>sine</strong></span> <span class='ocrx_word' id='word_1_370' title='bbox 2194 3580 2299 3621; x_wconf 89' lang='lat' dir='ltr'><strong>ore</strong></span> <span class='ocrx_word' id='word_1_371' title='bbox 2338 3562 2397 3621; x_wconf 86' lang='lat'>&amp;</span> <span class='ocrx_word' id='word_1_372' title='bbox 2436 3582 2601 3621; x_wconf 81' lang='lat' dir='ltr'><strong>voce.</strong></span> 
     </span>
    </p>

    <p class='ocr_par' dir='ltr' id='par_1_9' title="bbox 627 3640 3551 4121">
     <span class='ocr_line' id='line_1_36' title="bbox 711 3640 3547 3720; baseline -0 -19"><span class='ocrx_word' id='word_1_373' title='bbox 711 3662 765 3703; x_wconf 90' lang='grc'><strong>2.</strong></span> <span class='ocrx_word' id='word_1_374' title='bbox 849 3644 1047 3720; x_wconf 86' lang='lat' dir='ltr'><strong>Atque</strong></span> <span class='ocrx_word' id='word_1_375' title='bbox 1086 3651 1166 3701; x_wconf 86' lang='lat' dir='ltr'><strong>ita</strong></span> <span class='ocrx_word' id='word_1_376' title='bbox 1207 3650 1470 3720; x_wconf 88' lang='lat' dir='ltr'><strong>constat,</strong></span> <span class='ocrx_word' id='word_1_377' title='bbox 1513 3640 1883 3719; x_wconf 79' lang='lat' dir='ltr'><strong>Hebraeasn,</strong></span> <span class='ocrx_word' id='word_1_378' title='bbox 1924 3642 2219 3703; x_wconf 87' lang='lat' dir='ltr'><strong>Graecam</strong></span> <span class='ocrx_word' id='word_1_379' title='bbox 2236 3687 2253 3720; x_wconf 94' lang='lat'><strong>,</strong></span> <span class='ocrx_word' id='word_1_380' title='bbox 2292 3641 2683 3719; x_wconf 78' lang='lat' dir='ltr'><strong>Latinamque</strong></span> <span class='ocrx_word' id='word_1_381' title='bbox 2722 3660 2933 3703; x_wconf 86' lang='lat' dir='ltr'><strong>vocem</strong></span> <span class='ocrx_word' id='word_1_382' title='bbox 2974 3642 3211 3720; x_wconf 79' lang='lat' dir='ltr'><strong>proprie</strong></span> <span class='ocrx_word' id='word_1_383' title='bbox 3244 3651 3547 3702; x_wconf 86' lang='lat' dir='ltr'><strong>externam</strong></span> 
     </span>
     <span class='ocr_line' id='line_1_37' title="bbox 627 3720 3546 3800; baseline -0 -19"><span class='ocrx_word' id='word_1_384' title='bbox 627 3720 1126 3799; x_wconf 90' lang='lat' dir='ltr'><strong>humiliationem,</strong></span> <span class='ocrx_word' id='word_1_385' title='bbox 1171 3726 1562 3799; x_wconf 72' lang='lat' dir='ltr'><strong>corporisque</strong></span> <span class='ocrx_word' id='word_1_386' title='bbox 1603 3724 1698 3781; x_wconf 81' lang='lat' dir='ltr'><strong>vel</strong></span> <span class='ocrx_word' id='word_1_387' title='bbox 1736 3721 1918 3781; x_wconf 89' lang='lat' dir='ltr'><strong>totius</strong></span> <span class='ocrx_word' id='word_1_388' title='bbox 1961 3721 2417 3800; x_wconf 88' lang='lat' dir='ltr'><strong>prostrationem</strong></span> <span class='ocrx_word' id='word_1_389' title='bbox 2435 3768 2451 3797; x_wconf 94' lang='lat'><strong>,</strong></span> <span class='ocrx_word' id='word_1_390' title='bbox 2494 3725 2588 3782; x_wconf 86' lang='lat' dir='ltr'><strong>vel</strong></span> <span class='ocrx_word' id='word_1_391' title='bbox 2620 3720 2865 3782; x_wconf 87' lang='lat' dir='ltr'><strong>alicuius</strong></span> <span class='ocrx_word' id='word_1_392' title='bbox 2898 3722 3107 3800; x_wconf 74' lang='lat' dir='ltr'><strong>pastiS,</strong></span> <span class='ocrx_word' id='word_1_393' title='bbox 3136 3722 3343 3800; x_wconf 86' lang='lat' dir='ltr'><strong>capitis</strong></span> <span class='ocrx_word' id='word_1_394' title='bbox 3382 3721 3546 3781; x_wconf 90' lang='lat' dir='ltr'><strong>nimi-</strong></span> 
     </span>
     <span class='ocr_line' id='line_1_38' title="bbox 627 3800 3551 3881; baseline -0.001 -18"><span class='ocrx_word' id='word_1_395' title='bbox 627 3818 758 3863; x_wconf 87' lang='lat' dir='ltr'><strong>rum</strong></span> <span class='ocrx_word' id='word_1_396' title='bbox 779 3847 797 3880; x_wconf 91' lang='lat'><strong>,</strong></span> <span class='ocrx_word' id='word_1_397' title='bbox 858 3811 959 3862; x_wconf 91' lang='lat' dir='ltr'><strong>aut</strong></span> <span class='ocrx_word' id='word_1_398' title='bbox 1019 3818 1277 3880; x_wconf 88' lang='lat' dir='ltr'><strong>genuum</strong></span> <span class='ocrx_word' id='word_1_399' title='bbox 1336 3800 1805 3881; x_wconf 87' lang='lat' dir='ltr'><strong>inclinationem,</strong></span> <span class='ocrx_word' id='word_1_400' title='bbox 1857 3812 1960 3861; x_wconf 84' lang='lat' dir='ltr'><strong>aut</strong></span> <span class='ocrx_word' id='word_1_401' title='bbox 2015 3801 2190 3862; x_wconf 90' lang='lat' dir='ltr'><strong>etiarn</strong></span> <span class='ocrx_word' id='word_1_402' title='bbox 2242 3818 2450 3861; x_wconf 87' lang='lat' dir='ltr'><strong>manus</strong></span> <span class='ocrx_word' id='word_1_403' title='bbox 2490 3802 2997 3862; x_wconf 86' lang='lat' dir='ltr'><strong>deosculationem</strong></span> <span class='ocrx_word' id='word_1_404' title='bbox 3040 3804 3355 3880; x_wconf 84' lang='lat' dir='ltr'><strong>denotare,</strong></span> <span class='ocrx_word' id='word_1_405' title='bbox 3398 3819 3551 3879; x_wconf 89' lang='lat' dir='ltr'><strong>quae</strong></span> 
     </span>
     <span class='ocr_line' id='line_1_39' title="bbox 627 3880 3551 3961; baseline -0 -19"><span class='ocrx_word' id='word_1_406' title='bbox 627 3882 872 3943; x_wconf 89' lang='lat' dir='ltr'><strong>honoris</strong></span> <span class='ocrx_word' id='word_1_407' title='bbox 924 3881 981 3940; x_wconf 73' lang='grc' dir='ltr'><strong>δι</strong></span> <span class='ocrx_word' id='word_1_408' title='bbox 1021 3880 1384 3942; x_wconf 87' lang='lat' dir='ltr'><strong>reuerentiae</strong></span> <span class='ocrx_word' id='word_1_409' title='bbox 1421 3898 1632 3942; x_wconf 87' lang='lat' dir='ltr'><strong>caussa</strong></span> <span class='ocrx_word' id='word_1_410' title='bbox 1669 3881 1800 3961; x_wconf 89' lang='lat' dir='ltr'><strong>fiat,</strong></span> <span class='ocrx_word' id='word_1_411' title='bbox 1841 3880 2069 3943; x_wconf 88' lang='lat' dir='ltr'><strong>etiamsi</strong></span> <span class='ocrx_word' id='word_1_412' title='bbox 2108 3881 2251 3941; x_wconf 87' lang='lat' dir='ltr'><strong>nihil</strong></span> <span class='ocrx_word' id='word_1_413' title='bbox 2292 3900 2426 3942; x_wconf 90' lang='lat' dir='ltr'><strong>ores</strong></span> <span class='ocrx_word' id='word_1_414' title='bbox 2466 3893 2567 3942; x_wconf 89' lang='lat' dir='ltr'><strong>aut</strong></span> <span class='ocrx_word' id='word_1_415' title='bbox 2604 3892 2801 3961; x_wconf 84' lang='lat' dir='ltr'><strong>petas:</strong></span> <span class='ocrx_word' id='word_1_416' title='bbox 2834 3882 3344 3959; x_wconf 85' lang='lat' dir='ltr'><strong>quemadmodum</strong></span> <span class='ocrx_word' id='word_1_417' title='bbox 3364 3883 3551 3941; x_wconf 89' lang='lat' dir='ltr'><strong>Iacob</strong></span> 
     </span>
     <span class='ocr_line' id='line_1_40' title="bbox 629 3961 3551 4041; baseline -0.001 -18"><span class='ocrx_word' id='word_1_418' title='bbox 629 3961 844 4040; x_wconf 88' lang='lat' dir='ltr'><strong>septies</strong></span> <span class='ocrx_word' id='word_1_419' title='bbox 901 3961 1173 4022; x_wconf 88' lang='lat' dir='ltr'><strong>adorauit</strong></span> <span class='ocrx_word' id='word_1_420' title='bbox 1227 3962 1467 4021; x_wconf 84' lang='lat' dir='ltr'><strong>fratrem</strong></span> <span class='ocrx_word' id='word_1_421' title='bbox 1521 3962 1742 4023; x_wconf 89' lang='lat' dir='ltr'><strong>Esaum</strong></span> <span class='ocrx_word' id='word_1_422' title='bbox 1755 4006 1771 4035; x_wconf 89' lang='lat'><strong>,</strong></span> <span class='ocrx_word' id='word_1_423' title='bbox 1827 3962 2189 4023; x_wconf 89' lang='lat' dir='ltr'><strong>reuerentiae</strong></span> <span class='ocrx_word' id='word_1_424' title='bbox 2239 3964 2468 4022; x_wconf 78' lang='lat' dir='ltr'><strong>tantum</strong></span> <span class='ocrx_word' id='word_1_425' title='bbox 2510 3980 2719 4023; x_wconf 85' lang='lat' dir='ltr'><strong>caussa</strong></span> <span class='ocrx_word' id='word_1_426' title='bbox 2732 4008 2750 4041; x_wconf 92' lang='lat'><strong>,</strong></span> <span class='ocrx_word' id='word_1_427' title='bbox 2790 3980 2913 4022; x_wconf 87' lang='lat' dir='ltr'><strong>non</strong></span> <span class='ocrx_word' id='word_1_428' title='bbox 2958 3972 3155 4023; x_wconf 89' lang='lat' dir='ltr'><strong>autem</strong></span> <span class='ocrx_word' id='word_1_429' title='bbox 3170 4006 3187 4039; x_wconf 93' lang='lat'><strong>,</strong></span> <span class='ocrx_word' id='word_1_430' title='bbox 3228 3972 3293 4021; x_wconf 85' lang='lat' dir='ltr'><strong>vt</strong></span> <span class='ocrx_word' id='word_1_431' title='bbox 3330 3962 3551 4039; x_wconf 89' lang='lat' dir='ltr'><strong>aliquid</strong></span> 
     </span>
     <span class='ocr_line' id='line_1_41' title="bbox 629 4040 3027 4121; baseline 0.001 -19"><span class='ocrx_word' id='word_1_432' title='bbox 629 4051 884 4121; x_wconf 86' lang='lat' dir='ltr'><strong>peteret:</strong></span> <span class='ocrx_word' id='word_1_433' title='bbox 928 4041 1049 4101; x_wconf 76' lang='lat' dir='ltr'><strong>imo</strong></span> <span class='ocrx_word' id='word_1_434' title='bbox 1093 4041 1220 4119; x_wconf 87' lang='lat' dir='ltr'><strong>ipse</strong></span> <span class='ocrx_word' id='word_1_435' title='bbox 1260 4040 1505 4115; x_wconf 87' lang='lat' dir='ltr'><strong>obtulit,</strong></span> <span class='ocrx_word' id='word_1_436' title='bbox 1549 4042 1606 4101; x_wconf 73' lang='grc' dir='ltr'><strong>δι</strong></span> <span class='ocrx_word' id='word_1_437' title='bbox 1647 4040 1814 4101; x_wconf 90' lang='lat' dir='ltr'><strong>dedit</strong></span> <span class='ocrx_word' id='word_1_438' title='bbox 1853 4040 1965 4120; x_wconf 90' lang='lat' dir='ltr'><strong>ipsi</strong></span> <span class='ocrx_word' id='word_1_439' title='bbox 2007 4044 2165 4103; x_wconf 90' lang='lat' dir='ltr'><strong>Esau</strong></span> <span class='ocrx_word' id='word_1_440' title='bbox 2204 4042 2365 4102; x_wconf 83' lang='lat' dir='ltr'><strong>fratri</strong></span> <span class='ocrx_word' id='word_1_441' title='bbox 2404 4042 2593 4121; x_wconf 88' lang='lat' dir='ltr'><strong>dona,</strong></span> <span class='ocrx_word' id='word_1_442' title='bbox 2644 4044 2788 4103; x_wconf 87' lang='lat' dir='ltr'><strong>Gen.</strong></span> <span class='ocrx_word' id='word_1_443' title='bbox 2830 4060 2925 4119; x_wconf 83' lang='lat'><strong>33.</strong></span> <span class='ocrx_word' id='word_1_444' title='bbox 2969 4060 3027 4119; x_wconf 86' lang='lat'><strong>3.</strong></span> 
     </span>
    </p>

    <p class='ocr_par' dir='ltr' id='par_1_10' title="bbox 633 4120 3559 4500">
     <span class='ocr_line' id='line_1_42' title="bbox 714 4120 3555 4201; baseline -0 -19"><span class='ocrx_word' id='word_1_445' title='bbox 714 4140 773 4198; x_wconf 95' lang='grc'><strong>3.</strong></span> <span class='ocrx_word' id='word_1_446' title='bbox 853 4122 966 4183; x_wconf 87' lang='lat' dir='ltr'><strong>Per</strong></span> <span class='ocrx_word' id='word_1_447' title='bbox 1006 4122 1162 4181; x_wconf 89' lang='lat' dir='ltr'><strong>hanc</strong></span> <span class='ocrx_word' id='word_1_448' title='bbox 1203 4131 1504 4182; x_wconf 84' lang='lat' dir='ltr'><strong>externam</strong></span> <span class='ocrx_word' id='word_1_449' title='bbox 1547 4120 1817 4200; x_wconf 89' lang='lat' dir='ltr'><strong>corporis</strong></span> <span class='ocrx_word' id='word_1_450' title='bbox 1857 4120 2275 4201; x_wconf 85' lang='lat' dir='ltr'><strong>reuerentiam,</strong></span> <span class='ocrx_word' id='word_1_451' title='bbox 2317 4122 2543 4183; x_wconf 84' lang='lat' dir='ltr'><strong>interna</strong></span> <span class='ocrx_word' id='word_1_452' title='bbox 2588 4120 2789 4182; x_wconf 86' lang='lat' dir='ltr'><strong>Animi</strong></span> <span class='ocrx_word' id='word_1_453' title='bbox 2828 4121 3231 4199; x_wconf 87' lang='lat' dir='ltr'><strong>obseruantia,</strong></span> <span class='ocrx_word' id='word_1_454' title='bbox 3252 4122 3478 4198; x_wconf 88' lang='lat' dir='ltr'><strong>honos,</strong></span> <span class='ocrx_word' id='word_1_455' title='bbox 3498 4124 3555 4181; x_wconf 72' lang='grc' dir='ltr'><strong>δι</strong></span> 
     </span>
     <span class='ocr_line' id='line_1_43' title="bbox 635 4200 3555 4281; baseline 0 -21"><span class='ocrx_word' id='word_1_456' title='bbox 635 4201 924 4262; x_wconf 90' lang='lat' dir='ltr'><strong>subiectio</strong></span> <span class='ocrx_word' id='word_1_457' title='bbox 965 4202 1327 4274; x_wconf 85' lang='lat' dir='ltr'><strong>declaratur,</strong></span> <span class='ocrx_word' id='word_1_458' title='bbox 1371 4202 1532 4278; x_wconf 69' lang='lat' dir='ltr'><strong>qued</strong></span> <span class='ocrx_word' id='word_1_459' title='bbox 1577 4211 1812 4261; x_wconf 85' lang='lat' dir='ltr'><strong>externa</strong></span> <span class='ocrx_word' id='word_1_460' title='bbox 1855 4214 2099 4281; x_wconf 90' lang='lat' dir='ltr'><strong>propter</strong></span> <span class='ocrx_word' id='word_1_461' title='bbox 2138 4202 2427 4263; x_wconf 87' lang='lat' dir='ltr'><strong>internam</strong></span> <span class='ocrx_word' id='word_1_462' title='bbox 2462 4202 2703 4263; x_wconf 87' lang='lat' dir='ltr'><strong>inuenta</strong></span> <span class='ocrx_word' id='word_1_463' title='bbox 2735 4200 2827 4261; x_wconf 91' lang='lat' dir='ltr'><strong>sit.</strong></span> <span class='ocrx_word' id='word_1_464' title='bbox 2868 4203 3047 4262; x_wconf 89' lang='lat' dir='ltr'><strong>Vnde</strong></span> <span class='ocrx_word' id='word_1_465' title='bbox 3066 4202 3159 4278; x_wconf 87' lang='lat' dir='ltr'><strong>fit,</strong></span> <span class='ocrx_word' id='word_1_466' title='bbox 3182 4214 3243 4262; x_wconf 85' lang='lat' dir='ltr'><strong>vt</strong></span> <span class='ocrx_word' id='word_1_467' title='bbox 3264 4204 3555 4261; x_wconf 73' lang='lat' dir='ltr'><strong>Adoratio</strong></span> 
     </span>
     <span class='ocr_line' id='line_1_44' title="bbox 635 4281 3557 4360; baseline -0.001 -19"><span class='ocrx_word' id='word_1_468' title='bbox 635 4282 1033 4359; x_wconf 82' lang='lat' dir='ltr'><strong>distinguatur</strong></span> <span class='ocrx_word' id='word_1_469' title='bbox 1091 4281 1151 4341; x_wconf 88' lang='lat' dir='ltr'><strong>in</strong></span> <span class='ocrx_word' id='word_1_470' title='bbox 1213 4294 1514 4342; x_wconf 85' lang='lat' dir='ltr'><strong>externam</strong></span> <span class='ocrx_word' id='word_1_471' title='bbox 1559 4284 1614 4341; x_wconf 76' lang='grc' dir='ltr'><strong>δι</strong></span> <span class='ocrx_word' id='word_1_472' title='bbox 1663 4281 1985 4341; x_wconf 85' lang='lat' dir='ltr'><strong>internam:</strong></span> <span class='ocrx_word' id='word_1_473' title='bbox 2045 4284 2414 4359; x_wconf 87' lang='lat' dir='ltr'><strong>corporalem</strong></span> <span class='ocrx_word' id='word_1_474' title='bbox 2458 4286 2513 4343; x_wconf 74' lang='grc' dir='ltr'><strong>δι</strong></span> <span class='ocrx_word' id='word_1_475' title='bbox 2553 4282 2928 4360; x_wconf 86' lang='lat' dir='ltr'><strong>spiritualem.</strong></span> <span class='ocrx_word' id='word_1_476' title='bbox 2989 4284 3261 4341; x_wconf 69' lang='lat' dir='ltr'><strong>Externa</strong></span> <span class='ocrx_word' id='word_1_477' title='bbox 3300 4293 3418 4359; x_wconf 84' lang='lat' dir='ltr'><strong>est,</strong></span> <span class='ocrx_word' id='word_1_478' title='bbox 3459 4281 3557 4340; x_wconf 86' lang='lat' dir='ltr'><strong>illa</strong></span> 
     </span>
     <span class='ocr_line' id='line_1_45' title="bbox 633 4360 3559 4500; baseline 0 -82"><span class='ocrx_word' id='word_1_479' title='bbox 633 4360 910 4441; x_wconf 89' lang='lat' dir='ltr'><strong>corporis</strong></span> <span class='ocrx_word' id='word_1_480' title='bbox 971 4360 1291 4439; x_wconf 87' lang='lat' dir='ltr'><strong>prostratio</strong></span> <span class='ocrx_word' id='word_1_481' title='bbox 1361 4363 1453 4421; x_wconf 86' lang='lat' dir='ltr'><strong>vel</strong></span> <span class='ocrx_word' id='word_1_482' title='bbox 1514 4361 1845 4421; x_wconf 81' lang='lat' dir='ltr'><strong>inclinatio:</strong></span> <span class='ocrx_word' id='word_1_483' title='bbox 1897 4366 2180 4440; x_wconf 83' lang='lat' dir='ltr'><strong>Interna,</strong></span> <span class='ocrx_word' id='word_1_484' title='bbox 2232 4363 2325 4421; x_wconf 90' lang='lat' dir='ltr'><strong>illa</strong></span> <span class='ocrx_word' id='word_1_485' title='bbox 2376 4362 2580 4422; x_wconf 86' lang='lat' dir='ltr'><strong>Animi</strong></span> <span class='ocrx_word' id='word_1_486' title='bbox 2628 4361 2891 4424; x_wconf 89' lang='lat' dir='ltr'><strong>dimissio</strong></span> <span class='ocrx_word' id='word_1_487' title='bbox 2940 4364 2995 4423; x_wconf 76' lang='grc' dir='ltr'><strong>δι</strong></span> <span class='ocrx_word' id='word_1_488' title='bbox 3050 4360 3406 4500; x_wconf 66' lang='lat' dir='ltr'><strong>humiliatio13</strong></span> <span class='ocrx_word' id='word_1_489' title='bbox 3438 4378 3559 4437; x_wconf 83' lang='lat' dir='ltr'><strong>qua</strong></span> 
     </span>
    </p>

    <p class='ocr_par' dir='ltr' id='par_1_11' title="bbox 3408 4458 3553 4500">
     <span class='ocr_line' id='line_1_46' title="bbox 3408 4458 3553 4500; baseline 0.007 -1"><span class='ocrx_word' id='word_1_490' title='bbox 3408 4458 3553 4500; x_wconf 86' lang='lat' dir='ltr'><strong>omo</strong></span> 
     </span>
    </p>
   </div>
  </div>
 </body>
</html>
