3923 4875
22 541 119 602 ff·

20 889 116 1256 :;.÷¹.-÷›s.f÷.f!
22 727 119 848 rifi

21 1377 89 1418 tss‘.
21 1278 97 1336 R·

18 1701 73 1742 U
20 1619 79 1662 a
20 1459 85 1579 ts-z':

18 2023 60 2174 ”NVK
19 1944 63 1986 Vi
28 1864 66 1903 Η
18 1783 70 1824 ῘἾ

18 2267 49 2308 ΕΔ
18 2187 43 2239 ,Π

1304 371 1632 426 r'nnsns
1693 382 2347 430 rrrssonoorcan.
3217 377 3330 447 ‘173

413 545 470 604 δι
528 553 762 604 sanctas
824 540 1135 620 qualitates
1196 543 1257 603 in
1311 539 1384 604 iis
1449 542 1663 620 quibus
1730 543 1919 604 visum
1960 553 2080 623 est,
2121 546 2201 605 ad
2240 562 2385 623 quas
2425 543 2794 622 recipiendas
2834 544 3032 605 anima
3070 565 3134 606 se
3173 551 3334 608 mere

408 624 595 684 habet
656 627 1034 698 ποθητικῶςε
1096 641 1219 683 non
1282 633 1345 684 vt
1404 633 1647 684 truncus
1709 634 1810 684 aut
1848 623 2062 702 stipeS,
2102 625 2240 686 cum
2281 633 2572 685 remotam
2616 625 2874 702 aliquam
2915 626 3237 702 potentiam
3277 627 3330 688 ei

413 703 819 765 concedamus
834 747 851 780 ,
894 703 949 760 &
990 713 1160 763 motu
1202 714 1513 764 moueatur
1554 703 1932 765 conuenienti
1975 703 2098 765 eius
2137 703 2238 764 fini
2277 723 2349 764 ac
2388 704 2754 783 perfectioni.
2797 703 2980 765 Aliud
3013 715 3132 786 est,
3166 708 3330 784 quod

414 787 573 846 hanc
632 780 749 843 Dei
788 779 1089 842 actionem
1128 793 1405 860 sequatur
1446 781 1574 861 ipsa
1614 783 1929 845 conuersio
1970 783 2158 845 nostri
2197 785 2274 844 ad
2312 787 2538 863 Deum,
2581 782 2701 846 hoc
2743 795 2862 863 est,
2905 784 3060 845 actio
3101 805 3334 864 proma-

414 883 565 924 nans
604 867 641 924 ὲ,
680 879 840 922 noua
882 874 1181 942 creatura,
1224 865 1361 924 cum
1401 863 1613 923 mentis
1653 863 1714 924 in
1754 865 2180 944 cognoscendo
2220 866 2449 938 Deum,
2490 874 2621 925 tum
2664 863 2982 926 voluntatis
3003 865 3063 925 in
3084 867 3334 944 amplec-

416 944 604 1005 tendo
649 942 904 1004 eundem
945 961 1055 1020 per
1093 941 1414 1004 Christum.
1454 942 1621 1003 Prior
1663 943 1838 1024 igitur
1875 944 2032 1005 actio
2076 944 2359 1020 (sanatio)
2399 953 2487 1005 est
2528 948 2688 1005 mere
2729 945 2980 1037 passiua.
3041 946 3338 1007 Posterior

418 1023 569 1084 fides
607 1032 698 1083 est
737 1039 1090 1099 cooperans,
1133 1025 1289 1084 Nam
1330 1025 1417 1100 (vt
1460 1023 1536 1084 de
1566 1034 1733 1100 grat.
1779 1025 1856 1084 ἐν
1893 1025 1994 1084 lib.
2031 1026 2185 1083 Arb.
2223 1043 2271 1084 c.
2321 1043 2410 1100 17.
2456 1023 2704 1102 August.
2738 1025 2948 1102 inquit)
2986 1036 3049 1087 vt
3085 1026 3334 1086 velimus

414 1105 585 1164 Deus
646 1100 771 1162 sine
823 1101 998 1162 nobis
1043 1113 1354 1182 operatur,
1409 1115 1607 1163 tamen
1645 1103 1773 1164 sine
1812 1103 1915 1164 illo
1959 1105 2056 1164 vel
2096 1115 2382 1181 operante
2421 1113 2484 1164 vt
2522 1104 2800 1185 velimus,
2844 1107 2937 1165 vel
2977 1115 3338 1184 cooperante

420 1185 557 1245 cum
598 1184 871 1243 volumus
888 1226 905 1260 ‚
946 1183 1025 1242 ad
1065 1184 1229 1244 bona
1268 1181 1501 1260 pietatis
1542 1201 1727 1260 opera
1761 1181 1906 1244 nihil
1951 1185 2234 1244 valemus.

507 1283 532 1322 1
546 1283 599 1324 2.
678 1265 749 1321 In
806 1261 1004 1321 futura
1063 1261 1184 1324 vita
1240 1261 1497 1323 liberum
1540 1260 1846 1324 arbitrium
1884 1262 2196 1324 hominum
2236 1262 2344 1323 erit
2359 1309 2376 1342 ,
2416 1272 2518 1323 aut
2556 1265 2867 1324 beatorum
2883 1309 2900 1343 ,
2943 1276 3044 1326 aut
3081 1265 3338 1326 damna-

418 1353 641 1405 torum.
701 1343 1019 1402 Beatorum
1079 1341 1190 1403 erit
1228 1343 1306 1403 ad
1344 1343 1573 1403 bonum
1613 1345 1843 1402 tantum
1857 1388 1875 1423 ,
1914 1343 2094 1422 idque
2135 1341 2579 1404 immutabiliter
2593 1387 2610 1417 ‚
2653 1345 2790 1405 cum
2832 1345 3085 1405 assecuti
3122 1345 3337 1406 fuerint

416 1421 686 1484 vltimam
728 1420 1053 1483 sanctitatis
1092 1421 1522 1501 perfectionem
1562 1424 1641 1483 ad
1681 1441 1863 1500 quam
1902 1423 1964 1484 in
2007 1423 2128 1483 hoc
2157 1424 2384 1484 mundo
2407 1422 2722 1484 militantes
2741 1425 3061 1502 adspirant.
3102 1425 3340 1485 Poterat

416 1503 617 1563 Adam
676 1501 860 1562 libere
921 1501 983 1562 in
1044 1503 1239 1582 primo
1282 1513 1438 1564 statu
1476 1521 1600 1563 non
1638 1521 1922 1582 peccare,
1963 1501 2025 1562 in
2065 1504 2186 1562 hoc
2224 1521 2476 1582 peccare
2518 1521 2641 1563 non
2681 1503 2928 1582 poterit:
2971 1505 3110 1581 quia
3149 1503 3338 1582 magis

414 1581 537 1642 Dei
592 1580 910 1661 imaginem
956 1583 1203 1662 referet,
1244 1584 1381 1644 cum
1420 1585 1584 1643 Deus
1625 1583 1851 1643 futurus
1890 1590 1979 1643 est
2019 1582 2222 1643 omnia
2259 1583 2323 1643 in
2363 1582 2661 1644 omnibus.
2721 1584 3153 1644 Damnatorum
3191 1590 3336 1645 vero

414 1661 673 1724 liberum
733 1660 1045 1724 arbitrium
1108 1661 1217 1723 erit
1276 1663 1355 1724 ad
1414 1663 1635 1724 malum
1686 1665 1946 1739 tantum,
1988 1663 2169 1740 quue
2207 1661 2268 1722 in
2307 1673 2642 1723 aeternum:
2684 1663 2822 1740 quia
2863 1662 3081 1742 Spiritu
3118 1665 3337 1724 Sancto

418 1741 683 1803 destituti
742 1743 820 1802 de
883 1744 1069 1802 salute
1131 1760 1237 1803 sua
1296 1749 1579 1820 omnique
1634 1744 1804 1804 bono
1841 1743 1880 1804 a
1916 1743 2055 1804 Deo
2095 1743 2462 1821 procedente
2501 1743 2880 1822 desperantes
2920 1743 2980 1803 in
3019 1743 3337 1824 pessimum

419 1823 641 1884 malum
681 1833 851 1883 ruent
866 1868 883 1902 ,
927 1839 1050 1899 qno
1091 1823 1226 1884 Deo
1268 1824 1676 1900 voluntatique
1714 1822 1838 1884 eius
1875 1821 2062 1883 iustae
2105 1843 2176 1883 ac
2218 1832 2455 1884 sanctae
2492 1821 2757 1885 resistere
2795 1825 3188 1889 conabuntur.

1136 2261 1342 2322 XXII.
1420 2261 1553 2320 DE
1610 2258 2012 2320 LIBERO
2074 2257 2625 2320 ARBITRIO.

1666 2437 1997 2497 Tnnsrs
2055 2453 2098 2499 1.

510 2639 533 2678 1
546 2666 561 2681 .
640 2621 923 2679 Lmnnvu
963 2614 1269 2677 arbitrium
1310 2614 1385 2693 (si
1425 2616 1503 2676 de
1540 2613 1799 2676 nominis
1837 2613 2234 2693 appellatione
2274 2632 2469 2675 sermo
2509 2614 2583 2675 sit
2596 2618 2638 2695 ,)
2679 2634 2803 2676 non
2843 2627 2933 2676 est
2973 2614 3117 2693 quid
3141 2632 3340 2696 vnum,

421 2700 531 2761 sed
590 2698 895 2777 multiplex
911 2743 928 2777 ,
990 2706 1194 2775 vtpote
1247 2715 1321 2756 ex
1362 2696 1593 2756 duabus
1631 2694 1884 2756 vocibus
1924 2712 2110 2755 vnum
2152 2695 2230 2756 de
2269 2696 2457 2757 altero
2497 2694 2950 2757 enunciantibus
2988 2697 3309 2757 conflatum
3324 2742 3340 2775 ,

420 2796 673 2861 quarum
711 2778 813 2839 illa
850 2776 1147 2857 attributi,
1187 2778 1337 2836 haec
1380 2774 1630 2836 subiecti
1674 2774 1966 2835 rationem
2005 2776 2205 2836 habet.
2242 2776 2370 2835 Nos
2409 2776 2487 2836 de
2527 2780 2828 2853 Vtriusque
2858 2774 3249 2855 etymologiA,
3285 2780 3341 2837 81

418 2858 595 2921 variis
634 2856 1085 2936 acceptionibus
1100 2902 1117 2936 ,
1159 2874 1312 2934 quae
1353 2857 1430 2916 ad
1472 2854 1802 2917 institutum
1841 2873 2124 2935 praesens
2165 2856 2358 2915 facere
2396 2855 2787 2935 videbuntur,
2821 2854 3080 2917 breuiter
3098 2856 3342 2937 dicturi3

421 2941 501 3001 ad
556 2938 867 2999 essentiam
907 2938 1022 3017 rei,
1064 2937 1141 2998 de
1183 2953 1301 3015 qua
1340 2934 1563 3015 agitur,
1605 2934 2060 2995 examinandam
2097 2932 2275 2996 nobis
2313 2934 2426 2995 hac
2465 2934 2563 2996 via
2602 2936 3077 2997 commodiorem
3117 2936 3342 2997 aditum

424 3018 724 3080 faciemus.

507 3119 557 3158 2.
641 3096 970 3159 Arbitrium
1017 3095 1039 3157 i
1081 3097 1194 3157 ’tur
1234 3094 1319 3173 (in
1359 3094 1623 3172 qualibet
1660 3093 1818 3155 enim
1858 3093 2212 3155 tractatione
2250 3097 2288 3154 a
2327 3094 2597 3156 subiecto
2639 3093 2823 3155 ordiri
2837 3140 2856 3176 ,
2897 3096 3023 3155 tum
3063 3106 3308 3156 naturae
3325 3142 3342 3175 ,

418 3182 548 3240 tum
608 3176 914 3239 doctrinae
963 3195 1032 3239 or
1076 3196 1115 3237 o
1158 3178 1439 3255 postulat)
1482 3176 1561 3236 ab
1600 3176 1950 3235 arbitrando
1993 3174 2220 3235 dictum
2233 3220 2250 3253 ,
2285 3174 2335 3235 si
2375 3174 2710 3254 Augustino
2753 3176 3065 3235 credamus
3080 3222 3098 3255 ,
3137 3178 3218 3234 H
3207 3186 3343 3254 ypo-

414 3267 618 3335 gnast.
659 3278 694 3336 3
735 3259 832 3319 vel
872 3260 959 3332 (vt
1000 3256 1301 3318 nonnullis
1338 3252 1734 3333 grammaticis
1766 3256 1983 3332 placet)
2003 3256 2081 3315 ab
2101 3256 2352 3315 arbitra.
2390 3253 2696 3314 Vtrumuis
2714 3252 2974 3334 dicatur,
3009 3274 3104 3315 res
3128 3257 3343 3317 eodem

424 3337 606 3413 redit,
649 3340 705 3398 &
745 3348 991 3415 vtraque
1029 3335 1435 3398 denominatio
1476 3334 1799 3412 genuinum
1839 3333 2119 3395 vocabuli
2158 3351 2396 3395 sensum
2417 3332 2886 3395 manifestissime
2907 3334 3148 3396 indicat.
3190 3337 3343 3396 Cum

424 3418 585 3479 enim
644 3418 887 3479 Arbiter
943 3417 1018 3477 sit
1077 3416 1253 3477 iudex
1313 3416 1441 3494 ille,
1503 3414 1606 3493 qui
1666 3413 1845 3475 totius
1900 3414 1986 3475 rei
2022 3412 2176 3475 inter
2211 3412 2507 3493 litigantes
2548 3423 2968 3475 controuersae
3004 3417 3344 3475 facultatem
3418 3484 3425 3494 .

422 3500 605 3559 habet
661 3503 749 3575 (vt
809 3496 999 3575 inquit
1058 3498 1267 3557 Festus
1308 3500 1401 3556 lib.
1454 3516 1501 3555 1.
1548 3496 1616 3555 de
1654 3496 1813 3557 verb.
1852 3495 2085 3571 segmf)
2125 3494 2245 3555 hoc
2284 3504 2404 3574 est,
2448 3493 2550 3571 qui
2588 3512 2715 3555 non
2755 3514 2828 3555 ex
2867 3496 3030 3573 lege,
3071 3504 3178 3555 aut
3218 3494 3344 3555 iure

424 3576 661 3657 stricto,
701 3578 807 3639 sed
850 3586 1029 3657 prout
1067 3576 1318 3657 iustum,
1360 3580 1415 3637 δι
1452 3590 1712 3652 aequum
1752 3592 1879 3635 esse
1919 3584 2153 3655 censet,
2193 3572 2442 3635 iudicat:
2487 3572 2777 3635 Arbitrari
2815 3584 3011 3634 autem
3046 3573 3119 3634 sit
3139 3572 3344 3635 arbitri

424 3675 667 3719 munere
723 3657 922 3737 fungi,
986 3674 1093 3719 seu
1154 3656 1319 3717 litem
1363 3676 1435 3717 ex
1475 3654 1666 3716 libero
1706 3654 2028 3716 voluntatis
2070 3652 2291 3734 placito
2331 3652 2637 3715 dirimere:
2677 3653 2819 3713 hinc
2859 3656 3082 3714 factum
3122 3663 3239 3731 est,
3281 3664 3344 3714 vt

421 3739 712 3799 sententia
725 3783 742 3817 ,
803 3754 955 3815 quae
1015 3738 1093 3798 ab
1154 3735 1379 3798 arbitro
1441 3734 1739 3817 statuitur,
1800 3734 2109 3796 communi
2168 3734 2435 3795 omnium
2496 3750 2787 3795 consensu
2842 3734 3136 3812 appellata
3171 3732 3343 3794 fuerit

425 3818 780 3879 Arbitrium.

499 3917 557 3975 3.
636 3898 792 3959 Illud
854 3906 1052 3958 autem
1067 3942 1085 3965 ,
1145 3896 1255 3957 etsi
1316 3894 1539 3957 forensi
1594 3894 1723 3955 vsui
1776 3898 1865 3971 (vt
1918 3892 2203 3987 diximus)
2239 3893 2436 3972 primo
2477 3892 2866 3964 destinatum,
2909 3894 2986 3952 ab
3026 3910 3100 3953 eo
3143 3902 3340 3953 tamen

417 3980 629 4056 postea
671 3972 927 4039 deriuari
940 4023 957 4055 ,
999 3978 1055 4036 &
1095 3976 1173 4037 ad
1212 3996 1305 4036 res
1348 3992 1735 4055 quascunque
1749 4021 1767 4055 ,
1808 3992 1964 4053 quae
2001 3984 2128 4035 tum
2167 3992 2230 4034 tn
2262 3972 2750 4034 deliberationem
2764 4018 2782 4051 ,
2821 3982 2948 4033 tum
2972 3975 3070 4033 vel
3087 3971 3342 4033 maxime

421 4058 485 4133 (f.
536 4059 731 4134 1652.)
770 4058 831 4117 in
872 4056 1224 4117 electionem
1262 4077 1337 4117 ex
1377 4054 1804 4118 deliberatione
1842 4056 2056 4116 cadere
2077 4064 2355 4133 possunt,
2384 4052 2832 4114 accommodari
2851 4050 3078 4131 coepit:
3112 4050 3344 4114 illarum

422 4146 696 4215 respectu
736 4137 815 4197 ad
852 4136 1219 4198 intellectum
1233 4182 1252 4216 ,
1292 4138 1502 4197 harum
1541 4139 1686 4196 vero
1727 4134 2203 4196 consideratione
2218 4179 2238 4214 ,
2277 4135 2358 4194 ad
2393 4135 2759 4194 voluntatem
2801 4132 3004 4194 referri
3043 4136 3213 4195 solet.

506 4238 564 4290 4.
646 4216 976 4279 Arbitrium
1029 4216 1359 4277 intellectus
1399 4216 1588 4294 (quod
1637 4214 1885 4276 Graecis
1924 4214 2115 4303 γνώμη
2155 4214 2338 4292 vulgo
2375 4214 2729 4307 appellatur)
2769 4223 2858 4274 est
2896 4220 3062 4275 actus
3103 4214 3345 4294 mentiS,

428 4313 550 4375 quo
611 4305 817 4357 natura
875 4295 1206 4375 intelligens
1260 4296 1409 4379 inter
1463 4294 1700 4356 obiecta
1758 4294 1943 4355 intelli
1990 4292 2150 4355 'bilia
2189 4293 2498 4375 discermt,
2549 4297 2604 4355 δι
2655 4292 3083 4374 praeexistente
3126 4293 3342 4356 delibe-

430 4374 683 4457 ratione,
726 4394 879 4453 quae
918 4396 989 4438 ex
1030 4376 1099 4437 iis
1141 4382 1280 4436 ver'a
1320 4388 1421 4437 aut
1465 4378 1611 4436 falsa
1650 4374 1768 4436 sint
1807 4374 1931 4436 diiu
1978 4371 2110 4436 ‘cat.

2885 4470 2942 4534 5.
3003 4453 3340 4516 Voluntatis
