3923 4875
120 3383 131 3502 1-1-
120 3055 133 3344 “-““--,
120 2892 131 3016 ww-
120 2807 133 2852 κ
120 2725 133 2768 “
120 2567 127 2606 ⁹—-
120 2398 135 2524 ““
120 2318 131 2359 v-
120 2236 133 2277 '-
124 2182 131 2191 -

120 3785 133 3910 q'-
120 3625 131 3748 w'-
120 3539 132 3584 “

120 3973 133 4316 ““““ν

1396 330 1799 381 sraxnrcr
1862 336 2074 379 »aas
2134 330 2216 381 11.
3146 320 3258 401 487

346 505 567 573 putore
607 497 881 575 sentitur,
923 499 1103 573 quam
1144 516 1308 557 mors
1341 506 1543 557 nostra
1573 497 1933 575 cogitatione
1954 496 2339 577 prospicitur:
2373 499 2484 559 hos
2503 502 2639 559 ante
2661 498 2948 561 foetantes
2967 502 3267 582 sentimus,

340 580 527 655 quam
570 588 835 639 mortuos
876 576 1169 639 nouimus.
1209 578 1353 638 Hoc
1393 582 1538 639 vero
1576 597 1699 639 non
1738 578 1899 638 laudi
1939 578 2218 655 cuiquam
2259 578 2526 640 nostrum
2541 626 2558 659 ,
2601 580 2706 641 sed
2745 580 2938 642 fraudi
2976 583 3032 641 δι
3073 584 3264 661 perdi·

338 656 497 717 tioni
554 656 969 719 acerbissimae
1030 660 1289 719 futurum
1344 668 1463 738 est3
1524 658 1573 719 si
1612 677 1723 736 pro
1764 658 1953 719 odore
1991 658 2170 719 etiam
2209 670 2442 721 exteros
2480 661 2558 720 ad
2599 659 2898 722 Christum
2938 663 3266 739 pellectum

340 738 637 798 foetorem
681 738 925 799 edamus
968 740 1321 818 fugaturum.

446 918 503 976 3.
602 900 677 957 Vt
710 918 815 958 ros
852 901 1199 973 Hermonis,
1238 906 1303 960 vt
1335 902 1440 976 qui
1473 902 1760 959 descendit
1794 911 1972 979 super
2003 908 2218 960 montes
2258 898 2474 962 Sionis.
2513 902 2680 961 Nam
2727 904 2846 962 illic
2885 906 3194 965 mandauit

996 981 1224 1040 Ielzoua
1262 981 1695 1041 benedictionem
1711 1026 1731 1060 ,
1768 984 1946 1043 vitam
1980 1000 2158 1057 vsque
2196 983 2258 1040 in
2297 983 2604 1041 saeculum.

424 1141 1043 1214 ΑΜοΕΝιἸ-ΑΤΕΜ,
1083 1158 1263 1217 quam
1304 1140 1365 1199 in
1407 1140 1831 1201 communione
1870 1148 2212 1201 sanctorum
2254 1141 2549 1203 Dominus
2587 1142 2936 1216 collocauit‚
2978 1144 3146 1205 cuius
3185 1144 3264 1222 pij

338 1236 485 1279 sunt
522 1220 683 1297 apud
724 1240 789 1281 se
830 1220 1083 1299 conscij,
1148 1222 1204 1281 δι
1242 1239 1423 1297 quam
1464 1220 1647 1281 exteri
1690 1230 1990 1298 vtcunque
2029 1220 2284 1282 sentiunt
2327 1220 2539 1282 virtute
2577 1223 2730 1299 Dei,
2769 1244 2841 1282 ex
2880 1226 3269 1301 praecedente

336 1316 551 1377 versu,
609 1299 844 1361 Dauide
902 1310 1051 1361 teste
1067 1346 1084 1378 ,
1146 1300 1557 1379 cognouimus.
1602 1302 1755 1361 Cum
1798 1306 1941 1361 verb
1987 1300 2224 1362 duobus
2257 1302 2596 1363 nominibus
2639 1303 3066 1364 sanctissimam
3111 1305 3266 1365 illam

336 1380 827 1441 communionem
866 1382 1163 1459 Propheta
1201 1382 1621 1457 celebrauerit,
1662 1381 2032 1442 amoenitatis
2071 1384 2126 1442 δι
2167 1381 2343 1443 boni:
2398 1382 2514 1441 iam
2553 1382 2729 1443 nobis
2755 1384 2904 1443 ratio
2925 1383 3076 1444 illius
3103 1384 3266 1454 boni,

336 1460 507 1535 quod
572 1460 631 1519 in
693 1461 961 1522 Ecclesia
1022 1459 1447 1523 communione
1510 1472 1849 1522 sanctorum
1910 1462 1972 1521 in
2015 1460 2254 1523 Christo
2293 1463 2573 1540 deposuit
2612 1466 2810 1542 DeuS,
2873 1463 3130 1524 videnda
3161 1476 3266 1524 est.

336 1540 619 1601 Videnda
658 1552 857 1602 autem
873 1586 894 1618 ,
932 1559 1057 1602 non
1097 1540 1483 1602 accumulatis
1523 1542 1579 1599 &
1618 1540 1912 1603 arcessitis
1951 1542 2094 1601 hinc
2136 1542 2274 1603 inde
2311 1543 2695 1621 testimoniis,
2741 1546 2846 1605 sed
2885 1564 2960 1605 ex
2999 1544 3092 1603 his
3129 1544 3268 1622 ipsis

334 1622 675 1698 Prophetae
714 1622 937 1699 verbis,
978 1640 1132 1700 quae
1168 1622 1357 1682 modo
1400 1620 1838 1699 exscripsimus:
1881 1632 1945 1682 vt
1987 1622 2380 1683 certissimum
2417 1624 2578 1683 hunc
2630 1624 2876 1685 ductum
2919 1625 3141 1703 securi,
3185 1626 3262 1686 de

338 1718 493 1793 pace
532 1700 661 1778 illa,
703 1720 882 1779 quam
922 1702 1097 1763 nobis
1134 1702 1301 1764 dedit
1338 1702 1635 1779 Christus,
1696 1702 2090 1782 continenda,
2151 1705 2442 1764 seruanda
2456 1748 2472 1777 ,
2514 1714 2694 1781 atque
2733 1705 2989 1766 colenda
3033 1704 3092 1763 in
3135 1704 3260 1765 dies

334 1800 527 1859 magis
564 1800 637 1841 ac
676 1782 863 1861 magis
902 1782 1251 1861 cogitemus.

418 1864 649 1922 Bonum
711 1862 909 1939 itaque
962 1862 1403 1925 communionis
1460 1872 1831 1955 sanctorum,
1893 1866 1949 1923 &
2010 1862 2174 1940 pacis
2228 1862 2290 1923 in
2331 1865 2446 1924 hac
2485 1865 2910 1927 communione
2948 1868 2986 1924 a
3025 1866 3262 1927 Christo

332 1940 691 2021 imperatae,
732 1944 967 2005 duobus
1006 1943 1201 2005 modis
1239 1945 1359 2004 hoc
1396 1945 1535 2004 loco
1576 1943 1955 2005 describitur:
2020 1944 2274 2021 primum
2312 1944 2554 2021 quidem
2597 1945 2770 2005 simili
2809 1950 2846 2005 a
2885 1958 3128 2005 naturae
3169 1966 3262 2007 or·

332 2021 477 2082 dine
516 2033 787 2101 sumpte,
828 2034 891 2085 vt
927 2028 1065 2085 ante
1105 2024 1479 2085 dicebamus:
1538 2022 1755 2084 deinde
1795 2028 1937 2085 verb
1981 2021 2248 2102 simplice
2289 2024 2705 2085 enunciatione
2747 2037 2873 2086 tum
2912 2025 3089 2104 boni,
3137 2035 3262 2087 tum

332 2120 580 2181 causae,
632 2104 791 2165 vnde
830 2114 1067 2165 emanat
1106 2106 1367 2183 bonum,
1408 2105 1465 2162 δι
1504 2105 1583 2165 acl
1622 2104 2110 2164 communionem
2150 2114 2488 2164 sanctorum
2531 2106 2814 2182 peruenit.
2897 2105 3098 2167 Simile
3139 2125 3261 2185 quo

330 2182 629 2260 Propheta
688 2184 900 2264 vtitur,
962 2184 1235 2263 quamuis
1294 2184 1491 2263 specie
1556 2182 1773 2263 duplex
1814 2194 1992 2261 atque
2030 2183 2474 2245 circumstantia
2491 2230 2510 2263 ,
2569 2185 2799 2247 ratione
2837 2196 3036 2246 tamen
3077 2205 3259 2247 vnum

330 2274 455 2341 est,
494 2266 631 2324 cum
671 2265 790 2325 hoc
831 2266 1018 2327 modo
1058 2265 1231 2344 dicit,
1272 2273 1359 2325 est
1388 2273 1457 2326 vt
1485 2284 1591 2323 ros
1628 2266 1986 2341 Hermonis,
2025 2273 2091 2324 vt
2122 2266 2228 2341 qui
2267 2266 2554 2324 descendit
2569 2278 2750 2346 super
2784 2275 3000 2326 montes
3041 2269 3254 2328 Siontlr.

328 2343 545 2421 Agitur
600 2344 755 2405 enim
813 2345 889 2407 de
938 2364 1059 2407 vno
1099 2365 1264 2425 rore,
1326 2345 1493 2406 cuius
1530 2356 1803 2405 naturam
1842 2343 1968 2405 siue
2007 2344 2296 2405 rationem
2335 2363 2460 2405 non
2499 2347 2682 2407 variat
2720 2347 2970 2408 subiecti
3002 2347 3152 2421 loci,
3199 2347 3260 2409 in

328 2441 509 2501 quem
568 2424 818 2504 decidit,
876 2426 1237 2488 constitutio,
1300 2425 1545 2504 Propria
1596 2434 1795 2486 autem
1830 2423 1976 2486 boni
2013 2424 2167 2486 illius
2209 2424 2524 2505 descriptio
2583 2428 2944 2508 ἆπολογικῶς
2981 2429 3018 2486 a
3061 2429 3256 2488 Psalte

328 2504 637 2565 subiicitur
654 2551 673 2584 ,
715 2507 951 2569 dicente
984 2507 1180 2570 verbis
1224 2506 1621 2583 sequentibus
1664 2507 1833 2564 Nam
1872 2507 1993 2565 illic
2032 2507 2279 2566 mandat
2313 2507 2540 2566 Ielaeoua
2579 2510 3014 2566 benedictionem
3055 2509 3178 2568 &a

409 2584 593 2660 Quod
634 2597 832 2647 autem
870 2588 1169 2666 Propheta
1206 2589 1283 2648 ad
1324 2587 1409 2649 rei
1449 2585 1711 2647 eiusdem
1752 2585 2364 2663 circumscriptionem
2387 2587 2624 2647 duobus
2643 2587 2732 2646 his
2751 2584 3038 2647 similibus
3058 2589 3257 2666 vtitur,

328 2665 392 2725 id
442 2675 605 2726 certo
658 2666 909 2728 consilio
948 2670 1025 2730 ab
1066 2666 1199 2746 ipso
1230 2670 1450 2728 factum
1492 2677 1607 2727 est:
1659 2665 1827 2742 quod
1864 2665 2180 2726 consillum
2217 2669 2355 2727 ante
2397 2667 2616 2746 exponi
2653 2671 2692 2725 a
2729 2666 2906 2727 nobis
2944 2685 3098 2746 opus
3139 2679 3228 2729 est
3241 2715 3258 2746 ,

327 2747 507 2822 quam
546 2747 619 2806 ad
660 2747 1116 2826 explicationem
1156 2747 1486 2826 argumenti
1521 2745 1702 2824 ipsius
1740 2745 2065 2806 veniamus.
2147 2748 2520 2808 Hermonem
2561 2755 2824 2806 montem
2837 2793 2855 2826 ,
2921 2751 3017 2808 vel
3061 2749 3256 2826 potius

328 2836 610 2887 montana
668 2827 1022 2906 HermoniS,
1083 2847 1159 2888 ex
1205 2827 1519 2905 Scripturis
1560 2835 1794 2887 constat
1833 2827 2066 2904 pascuis
2103 2825 2216 2886 illis
2257 2828 2500 2888 Basanis
2541 2827 2838 2889 fertilitate
2877 2845 3109 2889 summa
3151 2849 3256 2890 no·

328 2905 544 2968 bilibus
606 2926 735 2969 esse
792 2909 1101 2988 imposita:
1164 2919 1399 2970 montes
1452 2911 1593 2968 vero
1658 2905 1855 2966 Sionis
1893 2905 1955 2966 in
1989 2907 2119 2984 ipsa
2157 2908 2302 2967 vrbe
2343 2908 2522 2968 fuisse
2563 2916 2830 2986 constat,
2889 2911 2944 2968 δι
2985 2909 3254 2985 proxime

327 2988 534 3048 vrbem
574 2988 1163 3068 Hierosolymorum,
1224 2988 1553 3049 admodum
1594 2985 1954 3047 siticulosos:
1997 2987 2150 3047 adeo
2191 2999 2257 3046 vt
2299 2987 2627 3065 neminem,
2669 3007 2744 3048 ne
2789 2991 3098 3065 puerulum
3129 2991 3254 3066 qui·

326 3066 463 3126 dem
476 3112 493 3145 ,
548 3071 751 3148 fugere
810 3081 1011 3147 posset
1052 3067 1317 3148 cognitio
1358 3065 1803 3129 commoditatis
1842 3066 1996 3127 illius
2035 3085 2190 3145 quae
2223 3067 2496 3146 proximo
2536 3085 2684 3146 agro
2723 3087 2794 3128 ex
2839 3086 2974 3129 rore
3011 3071 3256 3130 caelitus

326 3147 651 3210 accidebat.
713 3149 829 3209 His
880 3151 1055 3212 rebus
1116 3147 1573 3225 animaduersiS,
1634 3146 1805 3206 facile
1866 3147 1986 3206 iam
2039 3165 2248 3208 omnes
2289 3146 2467 3208 visuri
2507 3159 2672 3220 sunt,
2734 3165 2841 3208 cur
2879 3149 3002 3209 duo
3043 3149 3254 3211 similia

325 3240 671 3304 argumento
734 3229 945 3291 eadem
959 3275 977 3308 ,
1038 3232 1176 3291 loco
1236 3228 1564 3290 differentia
1604 3229 1900 3304 Propheta
1938 3228 2059 3287 hoc
2101 3230 2240 3288 loco
2280 3227 2676 3306 adscripserit.
2735 3228 2902 3288 Prius
2940 3229 3132 3290 simile
3176 3231 3257 3292 ad

324 3308 558 3386 copiam
618 3308 1039 3388 amplissimam
1098 3313 1399 3372 bonorum
1456 3311 1495 3367 a
1538 3310 1671 3368 Deo
1712 3307 1774 3367 in
1814 3307 2084 3368 Ecclesia
2123 3308 2202 3368 ad
2242 3317 2536 3370 extremos
2574 3325 2764 3386 vsque
2801 3309 3085 3370 terminos
3124 3329 3254 3388 per·

324 3387 631 3450 tinentium
672 3389 939 3469 respicit:
1002 3389 1295 3468 posterius
1336 3391 1415 3450 ad
1452 3388 1573 3450 vim
1608 3387 1769 3448 illam
1810 3387 2240 3448 benedictionis
2281 3388 2431 3467 Dei,
2475 3405 2594 3466 qua
2633 3391 2770 3449 loca
2807 3388 2986 3449 etiam
3027 3392 3252 3452 arentia

326 3469 381 3527 δι
436 3467 739 3531 siticuloso
796 3470 979 3546 (vnde
1034 3472 1177 3532 Sion
1231 3469 1525 3532 Hebraeis
1557 3469 1885 3546 appellatus
1926 3471 2036 3542 est)
2079 3487 2150 3528 ac
2195 3470 2380 3529 ferme
2417 3468 2617 3546 inepta
2655 3469 2900 3530 edendis
2935 3471 3251 3550 fructibus,

324 3547 653 3610 efficiuntur
692 3550 949 3612 ferendis
990 3551 1102 3612 illis
1140 3551 1379 3612 habilia.
1420 3551 1601 3611 Nunc
1641 3549 1717 3608 de
1758 3559 2110 3625 argumento
2151 3548 2282 3626 ipso
2323 3548 2650 3610 videamus„

399 3632 467 3688 In
508 3631 627 3691 hoc
660 3630 859 3709 itaque
898 3631 1071 3692 simili
1112 3633 1349 3693 easdem
1392 3644 1587 3709 partes
1628 3645 1829 3689 sumus
1869 3627 2268 3704 obseruaturi,
2330 3648 2476 3706 quas
2516 3628 2578 3688 in
2619 3629 3011 3708 praecedente
3051 3641 3246 3694 osten-

324 3709 529 3770 dimus.
572 3711 835 3772 Primum
876 3711 1035 3772 enim
1076 3711 1401 3772 videndum
1448 3709 1595 3788 quid
1647 3709 1721 3770 sit
1770 3708 1935 3785 quod
1977 3709 2284 3786 analogice
2324 3727 2463 3769 cum
2505 3709 2608 3768 illo
2649 3709 2895 3787 spiritali
2935 3713 3130 3791 bone,
3171 3714 3248 3773 de

324 3807 441 3866 quo
498 3789 598 3851 hic
636 3809 833 3854 sermo
874 3803 991 3870 est,
1052 3793 1272 3852 habere
1314 3789 1527 3851 dicitur
1566 3787 2039 3850 similitudinem:
2105 3789 2382 3849 Secundo
2422 3789 2500 3849 ad
2539 3807 2718 3867 quem
2763 3808 2864 3850 ros
2903 3790 3002 3850 ille
3039 3809 3245 3868 perue-

322 3869 517 3932 niebat
548 3883 791 3932 naturae
830 3871 1040 3932 ordine
1082 3874 1245 3948 (nam
1284 3874 1407 3932 hoc
1446 3870 1785 3948 exemplum
1824 3871 2092 3928 namrale
2131 3871 2244 3946 est)
2267 3871 2324 3930 δι
2345 3869 2530 3930 ductu
2551 3869 2829 3948 singulari
2849 3869 2964 3930 Dei
2984 3891 3000 3930 :
3019 3871 3245 3950 Tertio,

322 3949 419 4028 qui
466 3968 607 4012 vsus
644 3957 701 4013 δι
741 3953 955 4014 modus
994 3951 1235 4013 istarum
1276 3969 1471 4012 rerum
1514 3969 1588 4011 ex
1628 3948 1894 4010 instituto
1934 3949 2108 4010 illius.
2150 3948 2316 4025 Quid
2355 3949 2430 4010 sit
2468 3967 2606 4010 cum
2647 3953 2812 4010 bono
2853 3949 2956 4010 illo
3002 3970 3138 4012 com
3147 3973 3246 4030 pa-

323 4039 536 4112 ratum,
576 4035 773 4110 palam
816 4043 933 4110 est,
996 4031 1233 4094 dicente
1270 4032 1567 4109 Propheta
1607 4039 1695 4090 est
1728 4039 1793 4090 vt
1820 4049 1945 4088 ros.
2009 4029 2148 4104 Quo
2187 4029 2496 4107 perueniat
2510 4076 2528 4107 ,
2570 4031 3012 4090 demonstratur
3050 4033 3246 4092 verbis

320 4109 427 4171 illis
440 4155 458 4190 ,
497 4123 674 4190 super
712 4123 929 4174 montes
970 4115 1295 4173 Hermonis
1332 4115 1409 4173 ἂν
1448 4121 1623 4190 super
1662 4117 1879 4168 montes
1940 4112 2036 4169 vel
2075 4119 2350 4170 montana
2390 4110 2603 4170 Sionis.
2647 4109 2769 4185 Qui
2794 4127 2928 4171 vsus
2951 4112 3008 4169 δι
3030 4113 3246 4172 modus

322 4191 565 4253 docetur
604 4213 677 4254 eo
716 4193 883 4271 quod
923 4194 1221 4271 Propheta
1262 4211 1455 4254 rorem
1496 4191 1579 4251 ait
1616 4191 1972 4250 descendere.

395 4274 487 4332 Ac
528 4292 724 4334 rorem
763 4272 1007 4352 quidem
1047 4285 1255 4336 natura
1296 4276 1523 4336 bonum
1565 4289 1691 4332 esse
1732 4280 2026 4329 nonerunt
2067 4288 2276 4330 omnes
2291 4313 2308 4348 ‚
2349 4271 2488 4329 cum
2528 4271 2752 4330 fructus
2787 4268 2942 4331 illius
2975 4270 3242 4347 quotidie

318 4353 391 4412 ab
428 4353 767 4420 hominibus
806 4353 1203 4433 percipiantur
1241 4353 1584 4432 amplissimi
1622 4351 1699 4411 ad
1741 4349 2229 4411 commoditatem
2262 4349 2584 4427 praesentis
2621 4350 2795 4410 vitae.
2837 4351 3028 4494 Quodl
3040 4363 3240 4411 autem

3025 4451 3062 4492 e
3099 4451 3236 4492 rore
