3923 4875
579 363 689 404 212
1523 353 1842 402 'rnnssss
1901 353 2565 400 Tuaonoctcat.

573 541 816 583 omnem
877 519 1220 599 opinionem
1279 518 1684 599 perfectionis,
1742 519 1910 595 quasi
1968 518 2243 580 contritio
2259 565 2277 597 ,
2332 528 2395 578 vt
2444 521 2519 580 sit
2560 519 2884 595 sufficiens,
2926 519 3241 596 charitate,
3285 521 3481 584 Deum

571 620 745 679 super
806 601 1002 662 omnia
1061 601 1372 680 diligente,
1431 602 1682 662 formata
1743 619 1870 662 esse
1917 600 2157 660 debeat:
2213 611 2314 660 aut
2353 611 2415 660 vt
2453 599 2839 660 Bellarminus
2874 600 3137 675 loquitur
3176 565 3273 662 li'b.
3322 623 3377 662 2.
3420 606 3491 664 de

562 693 731 760 poen.
791 692 916 760 cap.
986 702 1009 740 1
1026 701 1075 742 1.
1137 699 1370 742 summa
1427 699 1556 742 esse
1597 679 2018 774 appretiatiue,
2060 683 2199 742 cum
2240 692 2493 758 nequeat
2532 699 2664 742 esse
2702 698 2933 742 summa
2972 680 3282 742 intensiue.
3326 685 3489 744 Nam

571 783 677 842 per
717 764 822 822 has
861 760 1178 822 sententias
1217 759 1618 840 desperationi
1655 759 1913 839 aperitur
1943 760 2139 822 ianua.

658 861 746 902 ιο.
835 842 1136 934 Confessio
1187 859 1370 920 quoq.
1419 845 1458 903 a
1497 841 1672 902 nobis
1711 859 1836 902 non
1869 840 2167 918 reijcitur3
2208 839 2478 916 quamuis
2520 840 2756 918 signum
2798 858 2921 900 non
2962 859 3096 918 pars
3136 841 3480 919 resipiscen-

570 923 684 982 tiae
727 926 765 982 a
811 923 988 982 nobis
1028 941 1156 984 esse
1195 932 1500 984 statuatur.
1540 921 1926 1013 Quadruplex
1964 933 2161 981 autem
2200 920 2516 982 Confessio
2549 932 2941 982 enumeratur.
2992 923 3033 980 1.
3078 921 3299 982 Coram
3342 925 3478 985 Deo

573 1001 866 1081 priuatim.
932 1023 986 1065 2.
1045 1003 1290 1064 Publica
1346 1021 1552 1062 coram
1610 1000 1894 1063 Ecclesia.
1948 1020 2005 1077 3.
2048 1000 2359 1062 Confessio
2398 1003 2655 1061 fraterna
2694 1001 2773 1060 ad
2813 1000 3152 1079 proximum
3190 1003 3485 1066 offensum

573 1083 960 1160 placandum·
1003 1085 1114 1144 sub
1151 1100 1272 1160 qua
1309 1082 1648 1144 continetur
1685 1097 1871 1158 quoq.
1911 1081 2043 1158 illa,
2082 1099 2203 1158 qua
2240 1081 2378 1142 cum
2418 1080 2749 1142 Ecclesiam
2790 1081 3097 1157 laesimus,
3138 1101 3271 1142 eam
3292 1101 3493 1144 rursus

578 1164 788 1239 culpae
828 1163 1127 1240 agnitione
1165 1163 1488 1239 placamus.
1529 1181 1585 1234 4.
1627 1161 1849 1222 Coram
1890 1159 2158 1222 ministro
2198 1161 2501 1222 Ecclesiae
2538 1171 2641 1221 aut
2680 1161 2797 1222 alio
2838 1160 2901 1220 in
2942 1164 3073 1238 lege
3112 1163 3361 1240 edoct03
3382 1165 3491 1224 sed

573 1246 724 1304 haec
783 1242 1052 1304 facienda
1107 1251 1196 1304 est
1233 1243 1460 1319 absque
1500 1240 1782 1319 opinione
1813 1240 2206 1318 necessitatis
2247 1242 2385 1302 cum
2426 1239 2659 1302 animus
2699 1241 3030 1318 peccatoris
3070 1208 3493 1305 tentation'ibus

571 1321 865 1402 perplexis
921 1339 1238 1400 oppressus
1299 1333 1404 1382 est.
1464 1321 1652 1398 Quod
1689 1326 1832 1382 vcro
1875 1285 2309 1382 confessionem
2344 1321 2737 1382 auricularem
2776 1319 3015 1397 attinet,
3056 1339 3175 1398 qua
3212 1324 3489 1386 Bellarm.

572 1405 670 1463 lib.
711 1422 768 1479 3.
809 1404 877 1462 le
915 1405 1128 1480 poenit.
1169 1412 1296 1473 cap.
1341 1422 1432 1479 13.
1469 1401 1740 1494 agnoscit
1777 1399 1922 1460 nihil
1964 1419 2091 1462 esse
2134 1402 2435 1462 molestius
2475 1402 2532 1461 δι
2572 1399 2905 1462 onerosius·
2892 1446 2909 1478 ,
2952 1403 3009 1462 δι
3056 1405 3387 1463 Cassander
3426 1407 3493 1464 in

577 1485 830 1544 Consult.
890 1493 1008 1545 art.
1079 1501 1104 1542 1
1119 1503 1170 1544 1.
1222 1484 1436 1544 fatetur
1473 1481 1534 1542 in
1569 1482 1767 1542 multis
1809 1479 2207 1544 conscientiae
2244 1481 2646 1542 carnificinam
2686 1481 2967 1560 gignere,
3008 1489 3145 1557 eoq.
3178 1485 3217 1542 a
3256 1483 3493 1546 nemine

577 1565 886 1624 moderato
949 1563 1299 1656 approbari·
1283 1609 1302 1644 ,
1363 1581 1474 1623 nos
1535 1581 1670 1622 eam
1721 1561 2049 1652 reijcimus,
2090 1560 2231 1638 quia
2269 1580 2373 1623 ore
2414 1571 2647 1622 tacente
2688 1561 2923 1622 veniam
2963 1563 3251 1638 consequi
3290 1581 3495 1640 possu-

577 1662 740 1703 mus:
783 1645 853 1702 de
876 1645 1098 1733 poenit.
1138 1645 1268 1704 dist.
1320 1664 1368 1704 1.
1401 1651 1527 1702 tum
1567 1641 1706 1719 quia
1745 1640 2017 1704 Ecclesia
2056 1641 2137 1702 ad
2176 1660 2395 1703 annum
2438 1661 2567 1719 vsq.
2614 1661 2787 1702 1200.
2826 1645 2882 1702 δι
2925 1641 3261 1704 Concilium
3320 1646 3493 1706 Late-

575 1741 822 1783 ranense
865 1721 1078 1782 Libera
1117 1722 1226 1782 fuit
1261 1726 1300 1782 a
1337 1721 1568 1800 Papalis
1605 1720 1997 1782 confessionis
2034 1720 2205 1800 iug0,
2238 1723 2405 1784 cuius
2444 1721 2835 1782 Bellarminus
2876 1741 2951 1782 ex
2987 1721 3331 1799 antiquitate
3368 1743 3495 1784 non

577 1801 770 1880 potuit
809 1801 1074 1862 inuenire
1111 1800 1396 1862 idoneum
1436 1800 1866 1863 testimonium:
1911 1801 2056 1861 dicit
2098 1809 2295 1862 tamen
2328 1803 2451 1880 (lib.
2514 1819 2571 1878 3.
2606 1804 2675 1860 de
2704 1802 2916 1878 poenit.
2958 1811 3085 1881 cap.
3138 1821 3227 1861 12.
3270 1803 3325 1862 δι
3374 1807 3489 1880 13.)

583 1897 777 1959 neque
836 1883 873 1943 a
925 1879 1200 1942 Concilio
1215 1926 1231 1957 ,
1293 1900 1428 1959 neq.
1491 1885 1529 1942 a
1569 1883 1732 1960 Papa
1765 1899 1894 1943 esse
1935 1880 2297 1960 institutam,
2338 1883 2393 1942 δι
2434 1901 2499 1943 36
2539 1881 2781 1942 credere
2820 1887 2947 1943 tuto
2988 1881 3271 1960 appellari
3310 1902 3489 1976 posse

578 1960 982 2040 mendacium,
1038 1961 1205 2038 quod
1244 1961 1567 2038 docemus,
1609 1961 1880 2022 nondum
1921 1981 2061 2038 300.
2104 1979 2293 2022 annos
2326 1981 2483 2041 esse,
2524 1981 2599 2022 ex
2638 1979 2761 2039 quo
2800 1962 3127 2024 confitendi
3174 1964 3493 2025 necessitas
3540 2005 3551 2016 -

579 2040 654 2102 sit
715 2005 1070 2102 introducta.
1129 2043 1237 2102 Ille
1295 2039 1516 2121 credit3
1575 2060 1691 2102 nos
1752 2059 1876 2102 non
1937 2041 2239 2102 credimus
2290 2040 2415 2121 illi,
2470 2042 2577 2102 sed
2630 2041 2919 2102 Gratiano
2936 2087 2953 2118 ,
3014 2040 3117 2119 qui
3168 2051 3486 2120 postquam

573 2123 812 2180 Pati-um
849 2119 1168 2182 sententias
1209 2121 1285 2183 de
1327 2088 1716 2183 Confe’ssione
1756 2120 1818 2181 in
1851 2132 2161 2199 vtramque
2180 2133 2407 2198 partem
2440 2119 2758 2199 attulisset,
2779 2121 2978 2199 addit,
3004 2125 3147 2182 Oan.
3178 2124 3493 2200 Quamuss,

571 2203 642 2260 de
711 2201 928 2262 Poenit.
989 2203 1122 2262 dest.
1190 2221 1242 2262 1.
1305 2202 1402 2262 6111
1452 2213 1652 2262 autem
1690 2202 1888 2278 potius
1925 2202 2373 2262 adhaerendum
2412 2201 2518 2278 sit,
2552 2201 2823 2262 Lectoris
2864 2166 3085 2262 iudicio
3128 2214 3489 2264 reseruntur:

571 2292 819 2357 vtraque
878 2279 1038 2341 enim
1097 2283 1358 2342 fautores
1417 2283 1596 2342 habet
1655 2281 1966 2359 religiosos
2027 2285 2082 2343 &
2142 2281 2433 2360 sapientes
2498 2281 2671 2342 viros.
2714 2283 2795 2342 Et
2842 2282 3061 2342 Glossa
3100 2282 3229 2342 ibid
3259 2283 3493 2360 statuit,

577 2360 790 2421 Melius
849 2359 966 2420 dici
1019 2360 1453 2422 consessionem
1515 2361 1840 2422 institutam
1899 2361 2077 2422 fuisse
2128 2365 2165 2420 a
2204 2361 2462 2440 quadam
2504 2360 3147 2437 vni(s.1686)uersalis
3191 2362 3493 2423 Ecclesiae

580 2439 933 2519 traditione,
993 2441 1190 2520 potius
1273 2446 1412 2503 uam
1453 2463 1524 2502 ex
1563 2441 1724 2503 Noui
1765 2445 1858 2503 vel
1900 2442 2135 2503 Veteris
2174 2442 2545 2535 Testamenti
2582 2442 2957 2503 authoritate.
3022 2441 3145 2502 Alit
3172 2454 3491 2533 praeterea

579 2520 868 2599 Papistica
901 2522 1200 2583 consessio
1231 2463 1670 2583 dubitationem
1709 2522 1786 2583 de
1823 2524 2037 2583 salute:
2082 2540 2261 2583 nemo
2304 2522 2463 2583 enim
2504 2521 2655 2583 scire
2692 2532 2919 2614 potest,
2962 2541 3037 2582 an
3078 2521 3217 2583 satis
3254 2523 3493 2601 diligen·

582 2612 669 2662 ter
711 2622 774 2661 se
817 2601 1170 2663 excusserit.
1211 2602 1338 2663 fieri
1379 2602 1600 2695 quippe
1639 2614 1865 2681 potest,
1913 2612 1977 2663 vt
2016 2602 2077 2663 in
2120 2613 2255 2663 actu
2294 2601 2651 2663 discutiendi
2688 2600 2772 2661 ita
2812 2622 2876 2663 se
2916 2602 3135 2663 habeat
3170 2602 3381 2679 aliquis
3418 2622 3491 2663 ac

583 2680 630 2741 si
689 2680 858 2759 parui
915 2684 1134 2743 faceret
1189 2681 1584 2759 integritatem
1637 2682 2027 2743 confessionis
2064 2682 2150 2759 (h.
2192 2700 2246 2743 e.
2286 2682 2653 2761 negligenter
2694 2701 2759 2742 se
2798 2680 3097 2757 discutiat)
3148 2683 3313 2759 quod
3356 2702 3493 2743 cum

581 2764 674 2831 fit,
717 2760 1118 2823 dimidiabitur
1155 2780 1230 2821 ex
1269 2762 1610 2823 Bellarmini
1647 2762 1935 2823 sententia
1976 2764 2097 2837 (lib.
2140 2782 2197 2839 3.
2232 2764 2300 2823 de
2322 2765 2543 2839 poenit.
2586 2781 2635 2821 c.
2686 2764 2801 2837 16.)
2824 2761 3121 2853 confessio
3129 2763 3493 2853 formaliter,

580 2841 781 2917 ideoq.
829 2843 988 2901 nulla
1027 2840 1138 2902 erit
1179 2842 1464 2903 remissio.
1505 2845 1670 2903 fouet
1710 2859 1892 2920 quoq.
1933 2842 2279 2937 opinionem
2322 2842 2541 2921 meriti,
2584 2843 2723 2903 cum
2766 2852 2961 2903 tamen
3005 2842 3066 2901 in
3126 2841 3253 2905 iure
3292 2844 3487 2903 Cano·

576 2918 716 2981 nico
769 2918 870 3000 sit,
929 2924 1029 2982 De
1067 2918 1274 2985 Poemt
1309 2924 1426 2983 diet
1469 2942 1520 2983 1.
1549 2944 1602 2983 c.
1648 2923 1854 2983 Omnis
1891 2926 2009 2999 qui
2052 2922 2489 2983 confessionem
2522 2888 2677 2998 fieri,
2720 2922 2799 2982 ad
2838 2921 3241 2983 ostensionem
3282 2923 3485 2998 poeni·

579 3000 826 3079 tentiae,
887 3021 1012 3061 non
1069 3002 1148 3062 ad
1204 3000 1678 3079 impetrationem
1717 3001 1960 3082 veniac3
2000 3001 2061 3061 in
2102 3002 2337 3080 signum
2378 3001 2589 3063 veniae
2628 3012 2911 3079 acceptae
2926 3046 2945 3079 ,
2984 3019 3109 3061 non
3150 3001 3212 3061 in
3252 3020 3491 3063 causam

580 3080 942 3142 remissionis
991 3080 1394 3160 accipiendae.

661 3180 686 3219 1
701 3180 752 3219 1.
831 3160 1309 3223 Satisfactionum
1366 3178 1608 3254 quoque
1665 3162 1728 3223 in
1783 3172 1984 3222 vetere
2039 3162 2305 3223 Ecclesia
2362 3179 2537 3223 vsum
2598 3179 2722 3223 non
2760 3160 3203 3253 improbamus,
3267 3160 3487 3237 quibus

575 3258 702 3301 non
761 3241 896 3301 Deo
956 3242 1062 3303 sed
1119 3240 1422 3303 Ecclesiae
1481 3241 1834 3304 satisfiebat·
1897 3242 2003 3302 sed
2064 3245 2211 3303 haec
2272 3241 2417 3303 nihil
2478 3242 2557 3302 ad
2616 3239 3005 3302 Pontificiam.
3046 3208 3203 3301 Narri
3247 3240 3493 3316 quidam

577 3320 798 3380 docent
836 3322 1058 3401 (Tupp.
1099 3324 1270 3383 artic.
1309 3324 1365 3382 6.
1407 3323 1664 3399 Louan.)
1705 3332 1841 3383 ante
1881 3332 2263 3399 peccatorum
2305 3322 2713 3383 remissionem
2758 3340 2935 3398 posse
2976 3320 3283 3381 hominem
3328 3319 3491 3381 satis-

577 3402 772 3461 facere
829 3420 940 3478 pro
979 3404 1154 3481 culpa
1193 3404 1250 3463 δι
1291 3420 1488 3479 poena
1525 3414 1784 3463 aeterna.
1823 3404 2003 3480 Item,
2057 3404 2261 3462 Thom.
2300 3405 2363 3461 in
2404 3422 2461 3476 4.
2500 3402 2659 3465 Sene.
2702 3402 2838 3463 dist.
2885 3403 2975 3461 16.
3018 3410 3135 3461 art.
3192 3422 3245 3459 1.
3286 3409 3489 3461 actum

578 3481 904 3540 humanum
955 3501 1064 3559 per
1121 3482 1422 3559 quandam
1475 3481 2026 3560 compensationem
2088 3484 2297 3543 tollere
2351 3482 2641 3543 offensam
2681 3482 2891 3559 culpae
2932 3479 3359 3559 praecedentis.
3400 3482 3485 3541 At

577 3560 964 3621 Bellarminus
1026 3564 1128 3623 lib.
1195 3583 1244 3621 1.
1307 3564 1376 3621 de
1431 3564 1644 3637 poenit.
1704 3572 1834 3654 cap.
1901 3579 1992 3637 17.
2053 3562 2325 3639 agnoscit
2386 3559 2849 3623 satisfactionem
2904 3578 3027 3621 non
3084 3578 3213 3621 esse
3254 3569 3487 3638 partem

579 3640 946 3702 essentialem
961 3685 978 3719 ,
1037 3642 1143 3703 sed
1203 3641 1390 3702 videri
1455 3644 1622 3719 (nota
1677 3641 1858 3720 ipsius
1901 3640 2344 3717 firmitudinem)
2384 3660 2514 3703 esse
2553 3649 2781 3719 partem
2822 3639 3169 3733 integralem
3202 3640 3489 3703 secunda·

581 3720 757 3799 riam,
797 3722 1012 3783 fatetur
1049 3738 1292 3799 quoque
1306 3765 1323 3798 ,
1363 3723 1462 3783 lib.
1502 3743 1561 3795 4.
1600 3724 1669 3782 de
1703 3724 1904 3798 poenit
1947 3730 2055 3799 cap
2104 3742 2155 3783 1.
2204 3723 2283 3782 ad
2324 3723 2651 3799 perfectam
2692 3718 3107 3797 aequalitatem
3148 3738 3271 3783 non
3306 3738 3487 3797 posse

581 3801 718 3861 Deo
773 3800 1038 3863 satisfieri
1085 3819 1196 3879 pro
1237 3804 1436 3880 culpa,
1479 3802 1593 3863 nisi
1631 3800 1963 3893 acceptatio
2002 3801 2199 3879 aliqua
2240 3801 2597 3862 intercedat.
2634 3800 2740 3861 sed
2772 3810 2981 3878 postea
3020 3800 3223 3879 addit,
3266 3809 3391 3877 cap.
3438 3818 3492 3876 7.

584 3898 694 3957 pro
746 3900 942 3957 poena
997 3882 1309 3959 temporali
1369 3901 1546 3957 posse
1596 3885 1732 3942 Deo
1793 3880 2059 3943 satisfieri
2113 3901 2189 3942 ex
2242 3881 2577 3961 condignO,
2629 3880 2830 3958 aliquo
2871 3881 3058 3942 modo
3100 3898 3175 3941 ex
3210 3878 3467 3973 propriis
3484 3926 3503 3959 ,

589 3963 645 4020 δι
705 3961 782 4020 ad
846 3960 1282 4039 aequalitatem.
1339 3962 1470 4023 Nec
1529 3962 1760 4023 dubitat
1817 3980 2081 4023 asserere
2094 4006 2111 4039 ,
2153 3963 2251 4023 lib.
2293 3982 2353 4053 4.
2393 3963 2463 4021 de
2492 3964 2716 4055 poenit.
2756 3971 2887 4053 cap.
2934 3981 2985 4021 1.
3026 3959 3499 4021 Satisfactionem

588 4050 854 4100 nostram
913 4043 1132 4103 habere
1193 4041 1455 4119 aliquam
1497 4040 1900 4103 infirmitatem
1941 4061 2013 4102 ex
2054 4050 2223 4119 parte
2258 4040 2531 4120 principi]
2576 4039 3015 4102 satisfacientis.
3058 4043 3197 4100 cum
3236 4039 3312 4101 sit
3350 4056 3503 4119 opus

584 4117 828 4195 Spiritus
887 4122 1093 4182 sancti.
1152 4122 1314 4182 Facit
1356 4123 1474 4182 hoc
1515 4121 1907 4183 Bellarminus
1921 4166 1940 4199 ,
1982 4132 2045 4183 vt
2087 4122 2273 4183 saluet
2314 4138 2698 4183 communem
2738 4120 3088 4214 opinionem
3101 4164 3119 4199 ,
3160 4123 3397 4181 C'aietan
3435 4122 3500 4181 in

583 4200 887 4261 Summula
947 4204 1112 4277 luod
1165 4201 1316 4263 sicut
1355 4200 1654 4262 medicina
1691 4204 1873 4263 debet
1911 4222 2041 4263 esse
2081 4202 2533 4279 proportionata
2565 4202 2833 4275 infirm0‚
2873 4199 3225 4279 infirmitati,
3264 4202 3319 4260 &
3356 4199 3491 4276 fini3

587 4278 687 4339 Sic
725 4278 1046 4342 satisfactio
1085 4282 1417 4359 peccatori,
1457 4294 1707 4359 peccato
1748 4285 1805 4342 81
1841 4281 1964 4342 fini.
2006 4284 2133 4343 Nos
2172 4286 2384 4343 contra
2422 4298 2563 4343 cum
2598 4281 2935 4343 Cassandro
2976 4280 3036 4342 in
3084 4282 3335 4343 Com-ult.
3370 4288 3493 4341 art.

599 4380 622 4419 ι
635 4379 686 4419 2.
747 4360 936 4421 solam
997 4360 1332 4437 passionem
1385 4364 1442 4421 &
1501 4374 1755 4423 mortem
1815 4362 1916 4439 filij
1959 4362 2075 4423 Dei
2116 4361 2369 4425 dicimus
2410 4360 2873 4423 satisfactionem
2916 4380 3043 4423 esse
3086 4380 3195 4437 pro
3236 4359 3495 4437 peccatis

3252 4440 3497 4519 nostn's,
