3923 4875
1395 367 1717 411 THESES
1778 365 2448 413 rHssOLoelent.
3266 375 3377 435 133

549 543 601 604 5.
681 525 1225 588 Praedestinationis
1274 507 1359 587 sic
1407 527 1683 588 definitae
1723 527 1877 588 duae
1914 539 2050 590 sunt
2087 539 2299 607 partes.
2343 531 2599 606 Electic),
2641 535 2698 592 δι
2737 533 2792 591 ei
2832 533 3108 610 opposita
3135 544 3366 594 contra-

463 605 711 667 dictorie
768 606 1155 684 non-electio,
1216 625 1319 667 seu
1379 609 1737 688 Reprobatio
1750 653 1767 684 ,
1820 609 1897 669 de
1947 609 2162 686 quibus
2201 609 2498 686 sigillatim
2545 611 2808 671 dicemus
2823 657 2841 692 ,
2881 631 3064 690 quum
3106 613 3330 691 aliquid
3347 659 3363 692 ,

463 697 591 746 tum
633 687 710 746 de
752 685 973 746 caussis
997 685 1111 764 ipsi
1140 686 1411 747 electioni
1444 689 1500 748 δι
1534 687 1933 768 reprobationi
1952 689 2370 749 communibus
2385 733 2402 766 ,
2425 700 2552 750 tum
2574 690 2651 750 de
2671 691 3025 768 quibusdam
3045 693 3366 770 adiunctis,

464 764 673 826 itidem
712 765 1125 826 communibus
1163 766 1363 827 electis
1400 768 1457 826 δι
1496 765 1769 846 reprobis
1806 767 2140 828 dixerimus.
2993 795 3008 804 ·

542 846 598 904 6.
686 844 885 906 Causa
922 845 1469 908 Praedestinationis
1508 847 1795 925 efficiens,
1834 859 1923 908 est
1960 848 2124 909 Deus
2161 846 2412 908 essentia
2441 865 2623 927 vnus,
2643 851 2910 926 personis
2928 849 3114 910 trinus
3127 895 3145 928 ,
3167 852 3367 930 Pater,

462 923 669 1063 Ebilius,
708 925 765 1063 l&
806 922 1053 1003 Spiritus
1094 925 1359 987 Sanctus.
1400 929 1762 1007 Impulsiua,
1801 943 1957 1005 quae
1998 927 2076 988 ad
2108 928 2458 990 efficientem
2494 929 2798 991 reductiue
2831 929 3114 1009 pertinet,
3135 940 3224 991 est
3243 933 3372 992 sola

534 1022 591 1064 ei
628 1021 707 1064 vo
730 1015 921 1066 untas.

546 1100 600 1158 7.
679 1085 940 1158 Finalis,
981 1084 1097 1146 Dei
1134 1084 1356 1164 gloriae
1384 1083 1719 1166 illustratio;
1762 1085 1859 1146 cui
1898 1085 2218 1148 coniuncta
2257 1097 2348 1148 est
2384 1089 2710 1150 electorum
2741 1090 2924 1170 salus3
2963 1089 3182 1152 omnia.
3213 1108 3274 1150 n.
3305 1091 3361 1150 δι

469 1162 629 1223 bona
686 1165 742 1224 δι
796 1165 980 1242 mala,
1038 1165 1115 1226 ad
1175 1165 1425 1244 gloriam
1484 1183 1683 1246 suam,
1741 1167 1895 1227 bene
1953 1166 2193 1228 ordinat
2252 1169 2445 1247 Deus,
2499 1170 2556 1228 δι
2598 1167 2741 1229 facit
2777 1179 2842 1229 vt
2879 1168 2998 1230 suis
3034 1168 3098 1230 in
3137 1171 3364 1232 bonum

468 1259 585 1302 ooo
662 1253 877 1304 rentur.

543 1261 661 1382 83„
690 1323 919 1402 Genus,
960 1323 1126 1402 quod
1166 1324 1359 1386 vicem
1398 1324 1677 1386 materiae
1713 1297 1945 1387 obiinet
1981 1336 2072 1387 est
2111 1325 2440 1388 Consilium
2454 1371 2473 1407 ,
2513 1346 2618 1390 seu
2649 1329 2954 1390 dem-emm
2971 1373 2988 1407 ,
3018 1329 3184 1391 cuius
3201 1339 3368 1390 natu-

464 1419 590 1462 ram
604 1445 623 1480 ,
663 1401 922 1480 epitheta
957 1403 1175 1480 quibus
1215 1403 1492 1466 vestitum
1533 1413 1623 1466 est
1659 1404 1897 1467 abunde
1938 1407 2262 1468 declarant.

540 1501 599 1558 9.
676 1485 903 1541 Forma
956 1493 1046 1543 est
1094 1484 1317 1562 gratiae
1360 1487 1449 1562 (vt
1496 1485 1577 1546 ita
1614 1487 1955 1562 loquamur)
2013 1485 2312 1548 filiationis
2353 1484 2816 1550 communicatio
2857 1491 2912 1550 &
2950 1505 3371 1550 non-commu-

462 1558 711 1639 nicatio,
752 1559 877 1622 siue
918 1563 1215 1625 abstensio
1228 1609 1245 1644 ,
1284 1581 1464 1643 quam
1505 1564 1988 1644 reprobationem
2030 1564 2300 1628 dicimus.

549 1659 639 1702 10.
724 1641 1032 1702 Commune
1090 1645 1361 1704 obiectum
1420 1648 1583 1705 circa
1639 1648 1800 1724 quod
1850 1654 2146 1725 versatur,
2207 1655 2297 1707 est
2334 1644 2672 1708 vniuersum
2716 1665 2902 1726 genus
2937 1650 3284 1710 humanum.
3327 1647 3368 1708 i.

464 1737 673 1780 omnes
713 1720 770 1779 δι
808 1721 1021 1800 singuli
1061 1722 1329 1784 homines
1343 1769 1362 1802 ,
1399 1728 1437 1784 a
1475 1725 1613 1786 Deo
1651 1725 2047 1786 communiter
2085 1725 2441 1788 considerati
2454 1771 2473 1805 ,
2503 1729 2831 1789 secundum
2851 1726 3180 1788 vniuersam
3202 1726 3373 1788 ratio-

462 1816 602 1858 nem
643 1797 940 1879 ipsorum,
980 1805 1036 1862 δε
1078 1803 1346 1864 omnium
1382 1815 1753 1882 temporum:
1794 1806 2064 1866 nondum
2107 1805 2364 1884 conditi,
2403 1806 2654 1886 conditi,
2693 1807 2860 1884 lapsi.
2969 1825 2976 1834 ’

548 1896 639 1938 11.
716 1879 816 1940 Sic
868 1879 1031 1940 enim
1070 1883 1333 1962 oportuit
1370 1883 1644 1944 homines
1682 1888 1720 1944 a
1756 1885 1892 1944 Deo
1937 1885 2326 1964 considerari,
2366 1885 2506 1962 quia
2541 1887 2702 1965 apud
2742 1887 2906 1948 illum
2944 1905 3068 1947 non
3107 1897 3222 1964 est,
3263 1885 3372 1947 fuit

462 1968 563 2018 aut
600 1957 738 2036 erit,
782 1959 889 2019 sed
928 1979 1057 2022 esse
1094 1981 1480 2040 permanenS,
1522 1972 1715 2024 totum
1756 1963 1961 2044 simul,
2000 1974 2122 2043 atq.
2161 1963 2608 2027 interminabile.
2631 1987 2770 2028 nam
2791 1965 3068 2028 scientiae
3090 1965 3206 2026 Dei
3223 1964 3369 2026 nihil

461 2048 657 2114 potest
698 2048 799 2097 aut
838 2043 1157 2120 accedere,
1198 2056 1298 2102 aut
1337 2043 1657 2104 decedere:
1699 2042 1841 2120 quia
1879 2043 1925 2105 si
1967 2046 2044 2105 ab
2083 2056 2329 2105 aeterno
2363 2044 2423 2104 in
2452 2056 2756 2107 aeternum
2787 2065 2912 2108 non
2930 2047 3124 2124 videt,
3159 2044 3372 2106 desinit

462 2135 589 2256 calpe
626 2129 892 2178 aeterna:
934 2119 984 2181 si
1026 2121 1290 2198 partibus
1328 2121 1631 2202 definitur,
1670 2121 1889 2184 desinit
1924 2143 2057 2186 esse
2095 2124 2346 2186 infinita:
2387 2125 2554 2202 quod
2600 2125 2798 2187 dicere
2837 2125 3081 2205 impium
3125 2129 3181 2188 δι
3221 2127 3372 2186 blas-

463 2216 504 2273 p
544 2213 743 2258 emum
784 2207 891 2258 est.

546 2295 638 2337 12.
716 2278 847 2336 Nec
886 2289 1085 2339 tamen
1122 2291 1438 2359 propterea
1474 2281 1850 2342 dissentimus
1885 2285 1924 2342 a
1963 2281 2076 2360 piis
2115 2285 2170 2342 &
2209 2283 2405 2345 doctis
2435 2281 2551 2344 illis
2573 2283 2736 2358 viris,
2771 2283 2874 2362 qui
2894 2295 3156 2346 statuunt
3175 2288 3372 2346 Deum

462 2357 923 2434 contemplatum
960 2357 1137 2420 fuisse
1176 2360 1476 2420 hominem
1526 2359 1589 2421 in
1628 2361 2160 2442 praedestinando,
2197 2373 2516 2442 antequam
2555 2364 2938 2439 conderetur,
2977 2385 3114 2443 neq.
3155 2366 3234 2425 ab
3273 2364 3342 2425 iis

462 2433 563 2512 qui
620 2435 925 2498 conditum
987 2442 1043 2501 δι
1108 2441 1336 2519 lapsum
1388 2444 1425 2500 a
1469 2443 1604 2502 Deo
1644 2443 2080 2505 consideratum
2121 2442 2297 2505 fuisse
2337 2456 2632 2506 asserunt:
2673 2444 2855 2523 quod.
2897 2464 2956 2505 n.
2997 2446 3054 2505 ὅτ
3091 2444 3153 2505 hi
3191 2446 3247 2505 δι
3285 2411 3372 2506 iu}

456 2517 595 2575 vere
633 2515 870 2595 dicunt,
910 2530 1113 2580 sancte
1150 2521 1521 2597 profitemur:
1564 2532 1820 2599 vtrumq.
1856 2542 1918 2581 n.
1956 2523 2226 2585 dicimus,

541 2612 631 2671 13.
710 2598 789 2656 Et
838 2608 901 2659 vt
951 2618 1062 2659 nos
1116 2600 1194 2660 ab
1245 2600 1447 2677 vtrisq.
1494 2620 1618 2661 non
1666 2601 2041 2663 dissentimus
2080 2604 2142 2663 in
2181 2602 2268 2663 rei
2305 2602 2663 2683 substantia,
2703 2603 2789 2665 sic
2829 2602 2980 2665 inter
3019 2623 3082 2665 se
3123 2602 3204 2663 illi
3245 2622 3370 2665 non

450 2672 833 2753 dissentiunt,
874 2678 1189 2739 affirmant.
1232 2698 1290 2739 n.
1331 2679 1503 2759 vtriq.
1544 2691 1884 2743 constanter
1922 2683 1980 2742 δι
2017 2681 2116 2759 pie
2157 2685 2244 2759 (vt
2282 2686 2339 2744 &
2379 2686 2518 2759 nos)
2557 2700 2798 2744 causam
2824 2682 3372 2763 praedestinationis

455 2770 595 2843 esse
646 2756 841 2814 Deum
904 2760 1130 2831 solum,
1188 2778 1299 2837 pro
1359 2758 1576 2837 placito
1616 2760 1934 2822 voluntatis
1950 2806 1968 2836 ,
2011 2763 2262 2837 nullam,
2303 2772 2466 2823 extra
2501 2766 2723 2837 Deum,
2767 2766 2858 2824 vel
2897 2762 2958 2823 in
2998 2761 3241 2825 homine
3279 2765 3375 2824 vel

457 2832 599 2893 alibi
636 2832 913 2895 inueniri:
955 2839 1013 2898 &
1052 2837 1646 2917 praedestinationem
1688 2841 1874 2919 ipsam
1918 2859 2042 2901 non
2086 2860 2215 2903 esse
2235 2841 2296 2902 in
2317 2854 2586 2921 tempore
2605 2844 2851 2922 factam,
2885 2845 2992 2904 sed
3009 2845 3087 2904 ab
3106 2854 3368 2905 aetern0.

459 2912 645 2987 Quod
701 2918 845 2974 vero
902 2918 983 2977 ad
1044 2917 1541 2979 circumstantiam
1600 2919 1835 2993 attinet,
1878 2936 1998 2999 qua
2045 2920 2290 2982 vestitur
2327 2924 2512 2983 homo
2552 2922 2667 2983 alia
2703 2932 2826 3001 atq.
2866 2922 2980 2984 alia
2994 2968 3012 3002 ,
3055 2922 3180 2983 eius
3219 2922 3370 2984 ratio

457 2992 695 3069 proprie
734 3012 854 3055 non
900 2997 1153 3073 pertinet
1194 2998 1273 3058 ad
1314 2998 1864 3075 praedestinationis
1903 3016 2166 3062 causam.
3210 3041 3243 3076 0

545 3092 635 3145 14.
716 3074 928 3151 Neque
966 3076 1144 3137 etiam
1183 3077 1243 3137 in
1284 3077 1849 3140 circumstantiarum
1888 3079 2120 3141 ratione
2157 3080 2238 3141 ita
2277 3081 2642 3161 discrepant,
2681 3092 2745 3142 vt
2783 3082 3139 3143 arbitrantur
3169 3082 3370 3155 multi,

455 3168 597 3211 nam
636 3168 819 3229 quum
859 3154 923 3215 hi
961 3156 1167 3217 dicunt
1204 3157 1510 3218 hominem
1550 3162 1588 3218 a
1630 3160 1765 3219 Deo
1806 3160 2280 3237 praedestinante
2320 3160 2758 3223 consideratum
2797 3162 2974 3223 fuisse
2991 3162 3224 3241 lapsum
3238 3207 3256 3238 ,
3290 3162 3368 3223 ad

454 3246 694 3291 causam
753 3234 1061 3297 electionis
1075 3282 1093 3313 ,
1155 3237 1647 3315 reprobationisq.
1690 3256 1811 3299 non
1850 3238 2172 3316 respiciunt
2201 3240 2448 3333 proprie
2461 3285 2480 3322 ,
2521 3242 2628 3302 sed
2667 3241 2746 3302 ad
2785 3241 3054 3303 ordinem
3095 3241 3366 3333 seriemq.

456 3326 795 3391 causarum,
840 3332 913 3374 ex
952 3316 1168 3393 quibus
1207 3316 1509 3377 damnatio
1552 3328 1921 3395 consequuta
1957 3330 2062 3379 est.
2104 3320 2339 3381 Deinde
2377 3322 2499 3382 hoc
2535 3340 2659 3382 non
2699 3320 2935 3401 dicunt,
2975 3320 3226 3383 exclusis
3243 3321 3370 3383 aliis

458 3388 714 3481 hominis
774 3395 1048 3475 statibus,
1107 3397 1214 3456 sed
1272 3395 1553 3475 singulari
1603 3400 1660 3458 δι
1699 3416 1821 3457 non
1860 3397 2257 3475 improbanda
2296 3401 2373 3461 de
2415 3418 2645 3462 caussa:
2689 3400 2914 3463 scilicet
2947 3413 3012 3463 vt
3050 3401 3372 3479 petulantia

455 3486 647 3528 carnis
706 3470 769 3531 in
829 3476 1025 3535 Deum
1084 3480 1359 3553 proterue
1418 3495 1482 3537 se
1539 3476 1817 3555 erigentis
1876 3477 2105 3539 facilius
2165 3491 2603 3558 compescatur,
2664 3482 2830 3560 quod
2879 3484 2945 3543 fit
2983 3484 3120 3542 cum
3161 3500 3370 3542 omnes

455 3547 725 3611 homines
785 3572 859 3613 ex
915 3571 1109 3631 aequo
1175 3565 1520 3631 peccatores
1534 3602 1552 3635 ,
1611 3560 1650 3617 a
1708 3558 1839 3617 Deo
1900 3557 2371 3635 praedestinante
2435 3560 2842 3622 consideratos
2905 3558 3084 3622 fuisse
3132 3560 3368 3621 scimus.

458 3627 718 3702 Quando
781 3637 931 3694 vero·
972 3633 1055 3693 illi
1106 3636 1301 3694 Deum
1339 3634 1399 3694 in
1440 3634 1971 3713 praedestinandO,
2011 3638 2317 3700 hominem
2357 3641 2626 3701 nondum
2668 3638 2975 3701 conditum
3015 3638 3372 3719 spectauisse

456 3720 748 3784 asserunt3
809 3714 1003 3773 Deum
1064 3723 1381 3791 propterea
1438 3719 1477 3775 a
1512 3717 1711 3793 lapsus
1749 3715 2008 3777 hominis
2047 3718 2522 3781 consideratione
2563 3738 2686 3781 non
2724 3732 2955 3797 arcent,
2996 3719 3104 3781 sed
3141 3720 3370 3781 tantum

458 3785 601 3846 illud
660 3790 899 3869 volunt,
944 3805 1011 3852 vt
1050 3810 1229 3853 causa
1268 3795 1463 3856 omnis
1500 3793 2050 3873 praedestinationis
2087 3796 2146 3857 in
2185 3800 2352 3877 Deo,
2391 3801 2554 3859 nulla
2590 3810 2756 3859 extra
2793 3800 2988 3860 Deum
3026 3799 3088 3860 in
3127 3798 3371 3861 homine

459 3868 799 3944 reperiatur.
841 3870 939 3931 Sic
980 3872 1341 3933 conueniunt
1384 3874 1443 3933 in
1482 3894 1577 3935 re:
1620 3874 1705 3935 rei
1744 3874 2130 3951 explicandae
2169 3880 2385 3939 modus
2425 3889 2512 3940 est
2551 3879 2835 3940 diuersus.

544 3962 633 4022 15.
714 3950 865 4010 Inde
924 3963 1085 4029 patet
1143 3953 1369 4012 nullum
1418 3952 1772 4032 singularem
1812 3954 2070 4015 hominis
2111 3968 2440 4035 respectum
2483 3958 2808 4035 exclusiue,
2848 3958 2954 4018 sed
2991 3975 3370 4019 communem

458 4024 517 4084 in
558 4028 1105 4102 praedestinationis
1144 4044 1491 4124 argumento
1532 4032 1677 4111 poni
1718 4044 2012 4111 oportere.
2065 4038 2156 4096 Ita
2196 4047 2260 4098 vt
2297 4056 2432 4099 eum
2474 4039 2744 4098 nondum
2781 4037 3124 4117 conditum,
3166 4037 3370 4098 condi-

458 4114 612 4175 tum,
663 4108 919 4187 lapsum,
969 4122 1167 4171 tamen
1220 4131 1282 4172 m
1336 4124 1661 4191 conspectu
1713 4113 1827 4173 Dei
1877 4114 2418 4191 praesentissimum
2462 4116 2628 4177 omni
2665 4137 2740 4177 ex
2775 4128 2942 4195 parte
2979 4120 3058 4179 ab
3095 4130 3371 4195 aeterno,

454 4182 877 4274 intelligamus:
937 4190 1090 4250 adeo
1136 4200 1201 4250 vt
1238 4190 1298 4251 in
1339 4192 1627 4253 electione
1666 4205 2024 4253 concurrant
2060 4196 2247 4272 gratia
2285 4200 2507 4275 ἅπλῶς,
2549 4198 2608 4256 in
2651 4196 2951 4257 hominem
2994 4200 3188 4263 ἁπλῶς
3229 4216 3370 4257 con·

458 4262 808 4345 sideratum,
846 4268 1035 4345 qualis
1070 4280 1161 4329 est
1200 4291 1271 4332 ea
1308 4287 1487 4348 quam
1528 4272 1993 4333 communicauit
2030 4275 2194 4334 Deus
2231 4293 2368 4335 cum
2409 4275 2654 4354 Angelis
2694 4277 2812 4337 suis
2851 4276 2951 4355 qui
2989 4294 3114 4341 non
3136 4277 3366 4339 desece-

457 4352 613 4404 runt.
670 4348 740 4405 In
803 4349 1031 4425 lapsum
1092 4354 1236 4411 vero
1292 4350 1597 4412 hominem
1656 4354 1714 4412 ὅτ
1752 4362 2164 4432 peccatorem,
2202 4354 2388 4433 gratia
2427 4357 2743 4417 coniuncta
2783 4356 3234 4417 misericordiae.
3295 4359 3366 4416 In

2915 4436 3364 4515 reprobatione,
