3923 4875
659 249 773 320 382
1475 267 1579 308 na
1638 265 2064 309 POLITIAE:
2123 266 2378 310 uosrs
2439 267 2738 311 ossea.

652 421 859 484 ritibus
896 423 1293 502 iudicialibus,
1335 429 1427 488 vel
1468 427 1721 506 politicis
1762 440 2136 491 exornentur.
2177 431 2307 491 Nec
2351 429 2696 492 absimiliter
2727 429 3018 493 iudicialia
3035 430 3160 492 siue
3181 432 3422 510 politica
3439 445 3568 498 tum

654 503 733 562 de
788 505 1109 567 moralibus
1160 506 1384 584 aliquid
1424 511 1643 569 habent
1680 509 2042 588 necessario,
2085 509 2226 590 quia
2265 509 2556 572 rationem
2595 527 2978 574 communem
3017 515 3074 572 δι
3113 513 3566 577 fundamentum

653 583 947 662 ipsorum3
990 597 1115 647 tum
1156 587 1335 648 etiam
1376 589 1451 649 de
1493 589 2016 670 ceremonialibus,
2059 591 2108 653 si
2149 591 2296 668 quid
2333 593 2487 652 forte
2525 595 2614 668 (vt
2651 595 3001 672 plerumque
3029 591 3270 669 accidit)
3291 612 3430 654 cum
3455 597 3572 657 Dei

654 665 815 724 cultu
876 665 1261 728 coniunctum
1320 669 1570 748 habent3
1630 671 1687 731 δι
1742 669 1870 748 ipsa
1928 689 2171 750 quoque
2225 690 2332 750 per
2378 690 2442 733 se
2481 670 2708 750 aliquid
2743 673 2983 750 insuper
3021 671 3162 732 iuris
3201 673 3568 750 particularis

652 745 876 804 habent
912 765 989 806 ex
1028 745 1143 806 ritu
1182 747 1427 826 politico
1440 793 1459 826 ,
1500 767 1679 826 quem
1719 751 1886 813 Deus
1926 751 2010 812 illi
2049 751 2408 831 reipublicae
2445 751 2840 813 Israelitarum
2857 750 3137 812 iudicauit
3155 755 3566 818 commodum.

648 823 1081 886 Ceremonialia
1120 827 1377 906 denique
1414 828 1541 906 ipsa
1578 829 1661 890 sic
1704 844 2008 894 versantur
2045 832 2108 892 in
2129 829 2482 893 ceremoniis
2501 833 2558 892 δε
2579 829 3094 894 obseruationibus
3113 833 3319 906 sacris,
3351 845 3418 894 vt
3437 845 3565 896 tum

652 903 985 965 doctrinam
1038 924 1273 968 morum
1310 910 1388 969 ad
1428 910 1631 982 fidem,
1678 910 1987 988 pietatem,
2025 911 2421 988 iustitiamque
2461 912 2876 990 pertinentium
2915 913 3076 972 velut
3114 912 3564 976 fundamentum

650 981 777 1044 siue
814 986 1063 1046 naturali
1102 986 1227 1048 siue
1264 988 1471 1050 diuino
1508 989 1633 1050 iure
1674 991 2051 1070 dispositum,
2085 992 2418 1054 necessarie
2437 994 2893 1069 complectatur:
2925 1001 3052 1052 tum
3071 990 3134 1052 in
3153 993 3346 1054 causis
3365 995 3564 1056 multis

650 1062 874 1141 aliquid
912 1065 990 1126 de
1028 1064 1285 1128 iudiciali
1328 1068 1705 1148 participent,
1745 1076 1865 1150 qua
1901 1091 1998 1133 res
2039 1073 2314 1150 politicae
2357 1089 2496 1132 cum
2537 1070 2964 1134 Ecclesiasticis
3002 1071 3354 1134 coniunctae
3391 1085 3562 1150 sunt,

652 1144 709 1202 δι
748 1162 842 1205 res
884 1145 1174 1206 humanae
1212 1165 1350 1208 cum
1390 1151 1568 1211 rebus
1608 1152 2024 1214 conscientiae.

730 1223 1001 1304 Exempli
1038 1243 1246 1306 causa3
1288 1228 1438 1290 Iuris
1480 1231 1812 1292 communis
1850 1242 2029 1312 atque
2069 1232 2312 1294 moralis
2349 1241 2439 1293 est
2477 1231 2818 1310 simpliciter
2855 1231 3002 1292 illud
3021 1243 3404 1311 praeceptum
3417 1279 3437 1311 ,
3469 1235 3564 1296 Ne

650 1303 919 1364 occidas:
962 1325 1085 1383 quo
1126 1325 1199 1367 ex
1238 1321 1557 1387 praecepto
1600 1311 1861 1390 sequitur
1900 1313 2210 1374 conclusio
2255 1311 2524 1392 politica:
2567 1312 2898 1373 occisorem
2937 1311 3285 1374 auctoritate
3323 1313 3566 1392 publica

648 1387 1121 1462 persequendum
1162 1405 1291 1448 esse
1330 1390 1387 1448 &
1425 1389 1804 1452 afficiendum
1846 1403 2056 1456 morte.
2097 1395 2213 1454 Sed
2247 1391 2391 1473 quid
2423 1391 2473 1453 si
2493 1410 2616 1453 non
2635 1386 3071 1470 comperiatur?
3105 1391 3180 1452 de
3200 1394 3315 1453 hac
3335 1394 3563 1472 specie,

646 1464 949 1542 prospexit
987 1467 1283 1528 Dominus
1324 1470 1533 1530 morali
1572 1483 1890 1550 praecepto
1910 1473 2334 1551 sapientissime
2348 1517 2367 1551 ,
2392 1473 2559 1550 quod
2577 1483 2805 1550 partem
2827 1471 3280 1532 ceremonialem
3301 1479 3558 1552 partem·

648 1561 765 1620 que
804 1544 1107 1623 politicam
1146 1545 1321 1608 simul
1360 1550 1799 1628 complectitur:
1843 1555 1981 1613 cem
2019 1554 2104 1614 ita
2141 1551 2456 1632 praecipit,
2497 1552 2560 1614 Si
2577 1551 2710 1630 quis
2731 1551 3062 1612 inueniatur
3080 1551 3141 1611 in
3163 1564 3347 1626 terra,
3377 1571 3562 1630 quam

648 1625 873 1684 lehoua
926 1627 1091 1686 Deus
1138 1637 1273 1688 tuus
1322 1629 1427 1690 dat
1472 1631 1581 1692 tibi
1626 1643 1691 1692 vt
1742 1631 2132 1694 haereditario
2182 1633 2309 1695 iure
2359 1631 2666 1711 possideas
2705 1649 2868 1711 eam,
2910 1631 3219 1692 confossus
3257 1631 3460 1694 iacens
3499 1634 3561 1694 in

648 1721 823 1781 agro,
883 1723 997 1764 nec
1056 1717 1266 1768 notum
1326 1709 1401 1769 sit
1457 1710 1588 1788 quis
1640 1712 1992 1790 percusserit
2044 1731 2210 1774 eum:
2253 1723 2395 1774 tunc
2433 1712 2652 1791 egre-si
2691 1710 2956 1772 seniores
2993 1709 3080 1772 tui
3118 1712 3175 1770 δι
3213 1710 3438 1774 iudices
3475 1713 3564 1774 tui

650 1783 963 1844 metientur
998 1785 1251 1864 spatium
1290 1788 1431 1850 inde
1468 1790 1549 1851 ad
1588 1791 1853 1852 ciuitates
1881 1811 2035 1869 quae
2055 1804 2192 1854 sunt
2211 1793 2370 1854 circa
2387 1794 2734 1854 confossum
2751 1790 2947 1852 illum:
2981 1797 3210 1868 eritque
3227 1803 3292 1851 vt
3311 1790 3564 1854 ciuitatis

646 1861 799 1923 illius
838 1882 993 1940 quae
1030 1866 1300 1944 proxima
1340 1869 1449 1930 erit
1486 1869 1581 1931 isti
1622 1875 1931 1943 confosso,
1975 1873 2228 1934 ciuitatis
2265 1891 2410 1951 ergo
2451 1871 2604 1934 illius
2623 1871 2884 1934 seniores
2903 1869 3198 1948 accipiant
3217 1871 3462 1932 vitulam
3483 1873 3562 1934 de

648 1957 919 2004 armento
978 1963 1131 2022 quae
1186 1966 1311 2007 non
1370 1948 1461 2009 sid
1512 1951 1589 2010 ad
1644 1971 1812 2012 vsum
1862 1952 2124 2014 adhibita
2137 2000 2155 2029 ,
2195 1969 2350 2031 quae
2389 1971 2512 2012 non
2551 1951 2790 2012 traxerit
2825 1951 3059 2029 iugum:
3099 1953 3158 2012 ὅτ
3194 1952 3562 2014 deducentes

644 2022 907 2084 seniores
942 2024 1095 2086 illius
1132 2026 1383 2090 ciuitatis
1421 2029 1663 2092 vitulam
1702 2032 1862 2093 illam
1901 2031 1963 2093 in
2001 2035 2218 2094 vallem
2237 2031 2541 2093 horridam
2561 2033 2622 2092 in
2643 2049 2764 2108 qua
2783 2031 2928 2092 nihil
2948 2031 3162 2091 colitur
3180 2048 3371 2110 neque
3391 2031 3564 2092 semi-

650 2111 848 2175 natur,
908 2104 1291 2168 decollabant
1342 2108 1423 2170 ibi
1478 2110 1719 2172 vitulam
1762 2113 1822 2172 in
1864 2111 1964 2173 illa
2001 2116 2180 2174 valle:
2223 2113 2439 2174 deinde
2478 2112 2830 2173 accedentes
2865 2109 3204 2172 sacerdotes
3245 2110 3344 2187 filij
3381 2113 3530 2172 Leui
3545 2157 3564 2190 ,

648 2199 802 2260 quos
861 2183 1038 2262 elegit
1092 2189 1317 2248 Iehoua
1372 2191 1537 2252 Deus
1595 2202 1729 2252 tuus
1788 2193 1867 2252 ad
1928 2191 2376 2254 ministrandum
2435 2191 2548 2252 sibi
2606 2195 2663 2254 δι
2701 2190 3178 2252 benedicendum
3219 2189 3278 2250 in
3319 2191 3563 2253 nomine

649 2265 937 2342 lehouae,
978 2267 1033 2326 δι
1073 2285 1145 2326 ex
1185 2285 1439 2346 quorum
1480 2271 1823 2350 praestituto
1863 2283 2068 2351 agetur
2107 2273 2166 2333 in
2209 2272 2374 2334 omni
2415 2271 2818 2332 controuersia
2857 2274 2914 2332 &
2933 2270 3098 2330 omni
3118 2273 3323 2350 plaga3
3353 2291 3564 2332 omnes

642 2359 885 2420 quoque
924 2345 1183 2408 seniores
1226 2348 1477 2412 ciuitatis
1516 2351 1669 2412 illius
1707 2351 1808 2430 qui
1848 2362 1984 2413 sunt
2023 2352 2304 2431 proximi,
2343 2351 2422 2412 ad
2441 2354 2788 2413 confossum
2807 2349 3010 2426 istum,
3045 2351 3332 2412 lauabunt
3351 2369 3562 2412 manus

644 2442 778 2484 suas
818 2442 993 2503 super
1034 2425 1272 2489 vitulam
1288 2477 1306 2503 ‚
1350 2432 1703 2493 decollatarn
1742 2431 1805 2493 in
1846 2453 1917 2494 ea
1956 2436 2107 2495 valle
2121 2480 2138 2509 ,
2179 2436 2236 2495 &
2271 2443 2664 2513 protestantes
2685 2431 2916 2511 dicent3
2951 2448 3160 2492 manus
3178 2444 3416 2493 nostrae
3435 2450 3558 2493 non

640 2504 969 2565 effuderunt
1008 2508 1167 2568 hunc
1206 2510 1581 2589 sanguinem,
1622 2516 1677 2574 δι
1719 2512 1879 2574 oculi
1916 2514 2103 2574 nostri
2143 2514 2546 2575 effundentem
2585 2531 2710 2573 non
2727 2512 3017 2573 viderunt.
3063 2510 3251 2589 Expia
3269 2514 3560 2589 populum

645 2596 809 2645 tuum
870 2588 1148 2647 Israelem
1207 2608 1388 2666 quem
1451 2592 1775 2667 redemisti,
1838 2594 2089 2669 Iehoua,
2133 2596 2188 2655 δι
2228 2612 2304 2654 ne
2344 2593 2590 2671 impone
2629 2602 2858 2653 reatum
2898 2590 3196 2670 sanguinis
3237 2590 3458 2669 innoxii
3497 2592 3560 2651 in

646 2664 845 2725 medio
884 2667 1091 2744 populi
1130 2668 1213 2729 tui
1252 2670 1501 2733 Israelis
1541 2674 1718 2733 Deut.
1766 2694 1858 2734 21.
1906 2694 1955 2735 1.
1998 2675 2111 2734 διε.
2149 2677 2220 2734 In
2265 2676 2384 2735 hoc
2425 2684 2747 2751 praecepto
2785 2670 2900 2732 Dei
2935 2670 3180 2732 moralia
3199 2672 3566 2732 documenta

644 2744 767 2805 duo
820 2755 981 2823 sunt,
1022 2765 1177 2823 quae
1216 2752 1253 2809 a
1292 2750 1585 2831 plerisque
1622 2772 1747 2813 non
1785 2754 2143 2831 admodum,
2183 2764 2285 2814 aut
2324 2756 2484 2814 certe
2523 2752 2691 2813 molli
2727 2750 2976 2813 brachio
2991 2797 3009 2826 ,
3049 2750 3100 2811 si
3137 2752 3321 2830 forte,
3357 2752 3560 2813 obser·

646 2836 886 2885 uantur:
950 2844 1133 2887 vnum
1146 2873 1164 2905 ,
1218 2830 1382 2906 qued
1423 2840 1546 2891 tota
1587 2834 1921 2911 respublica
1959 2854 2060 2894 rea
2099 2844 2188 2894 est
2225 2852 2430 2894 coram
2468 2832 2736 2894 Domino
2773 2830 2998 2907 innoxii
3031 2830 3328 2910 sanguinis
3365 2830 3562 2911 effusi,

644 2904 756 2965 nisi
796 2924 921 2965 rem
963 2920 1373 2985 persequatur:
1414 2913 1663 2973 alterum
1678 2958 1697 2991 ,
1736 2915 1903 2990 quod
1940 2913 1993 2975 si
2031 2912 2118 2974 rei
2155 2911 2560 2991 cognitionem
2599 2912 2996 2991 peruectigare
3013 2914 3071 2972 δι
3091 2910 3379 2989 consequi
3395 2912 3563 2972 nullo

647 2996 828 3066 pacto
866 3000 1065 3065 potest
1084 3033 1101 3065 ,
1144 3006 1398 3068 purgare
1438 3010 1501 3053 se
1540 2992 1813 3071 religiose
1854 2994 2062 3067 debet,
2103 3004 2228 3055 tum
2262 3012 2468 3054 coram
2501 2990 2767 3053 Domino
2781 3038 2800 3060 ,
2832 3002 2961 3053 tum
2978 3009 3182 3052 coram
3203 2992 3428 3069 populo
3446 2990 3564 3051 Dei

648 3064 877 3143 reliquo
891 3112 909 3144 ,
950 3078 1015 3127 vt
1052 3067 1231 3130 fidem
1270 3088 1435 3131 suam
1478 3074 1703 3151 populo
1744 3076 1799 3135 &
1840 3072 2144 3134 Ecclesiae
2183 3074 2416 3151 probet.
2458 3073 2558 3133 Ad
2595 3072 2752 3133 hanc
2789 3091 2915 3133 rem
2930 3116 2948 3148 ,
2989 3089 3144 3150 quae
3183 3070 3422 3133 moralis
3439 3081 3530 3131 est
3543 3116 3562 3149 ,

647 3163 845 3224 neque
884 3146 1053 3207 aliter
1092 3153 1272 3227 quam
1312 3151 1541 3212 ratione
1580 3152 1739 3213 ciuili
1778 3156 1835 3215 δε
1876 3152 2290 3214 Ecclesiastica
2327 3152 2690 3213 coniunctim
2730 3152 2984 3231 procuff.
3011 3150 3304 3243 1524)ηῆ
3333 3160 3562 3242 Ρῡῑδῖ,

648 3228 813 3287 Deus
874 3240 1191 3307 praecepta
1227 3230 1497 3292 adhibuit
1510 3277 1527 3306 ,
1568 3230 1783 3309 quibus
1822 3252 1956 3295 suas
1997 3242 2194 3311 partes
2235 3232 2625 3311 magistratui,
2665 3233 2722 3291 δι
2761 3250 2898 3293 suas
2935 3232 3238 3292 Ecclesiae
3281 3249 3563 3309 praescn-

648 3306 832 3366 beret.
880 3308 1035 3368 Nam
1082 3308 1445 3387 magistratui
1483 3310 1721 3373 ciuilem
1760 3314 2168 3391 quaestionem
2201 3316 2257 3375 δι
2283 3310 2838 3391 peruestigationem
2859 3310 3395 3389 diligentissimam,
3430 3328 3566 3403 pro·

646 3384 1137 3464 testationemque
1177 3390 1555 3451 coniunctam
1597 3394 1933 3455 ceremonia
1948 3440 1966 3465 ,
2005 3392 2310 3453 Ecclesiae
2352 3396 2494 3454 vere
2535 3390 2936 3471 expiationem
2977 3391 3282 3452 communi
3319 3408 3564 3453 nomme

646 3464 972 3543 imperauit.
1011 3472 1079 3528 In
1123 3470 1369 3531 caeteris
1407 3488 1647 3548 quoque
1687 3473 2004 3551 generibus
2021 3518 2039 3552 ,
2083 3472 2337 3534 iudiciali
2375 3471 2618 3549 inquam
2657 3474 2714 3533 δε
2737 3470 3149 3548 ceremoniali,
3181 3471 3394 3530 eadem
3411 3470 3564 3530 ratio

646 3547 901 3686 meg-da
954 3558 1071 3609 est:
1113 3550 1621 3627 quemadmodum
1660 3552 1945 3632 exemplis
1985 3552 2366 3631 sequentibus
2405 3570 2515 3631 per
2553 3550 2934 3613 occasionem
2973 3549 3092 3611 suis
3131 3548 3280 3611 locis
3319 3552 3566 3611 demon-

648 3638 769 3687 stra
812 3638 943 3688 Itur.

730 3710 1050 3785 Postquam
1090 3708 1265 3788 igitur
1301 3730 1427 3771 rem
1468 3710 1547 3771 ita
1583 3730 1711 3773 esse
1754 3712 2154 3789 ostendimus,
2195 3712 2272 3773 de
2311 3712 2436 3773 iure
2475 3710 2628 3772 illius
2667 3710 2755 3787 (id
2793 3710 2950 3771 enim
2992 3709 3246 3772 maxime
3284 3710 3408 3770 hoc
3427 3711 3568 3771 loco

648 3786 862 3865 agitur)
903 3788 1225 3851 videamus.
1278 3792 1345 3849 72
1372 3810 1447 3851 es.
1492 3806 1587 3868 35.
1630 3796 1708 3853 In
1746 3794 1840 3853 his
1878 3812 2028 3871 quae
2045 3796 2219 3853 mixti
2232 3794 2647 3869 suntgeneris,
2678 3793 2840 3869 quod
2849 3794 3072 3851 morale
3089 3800 3198 3862 est,
3220 3798 3569 3883 perman-et:

648 3872 810 3945 quod
833 3872 1087 3930 absolute
1112 3871 1410 3943 iudiciale,
1445 3878 1707 3931 mutatur
1736 3874 2226 3944 circumstanti&
2258 3873 2420 3950 quod
2429 3874 2804 3931 ceremoniale
2817 3916 2834 3945 ,
2867 3872 3136 3933 vniuerse
3152 3871 3349 3949 perit:
3383 3888 3568 3929 cums-

648 3950 807 4009 modi
854 3960 995 4010 sunt
1030 3951 1357 4012 obseruatio
1399 3954 1516 4011 diei
1552 3953 1851 4030 sabbathi,
1892 3954 2101 4012 Exodi
2141 3972 2234 4012 20.
2295 3954 2418 4011 Lea·
2455 3952 2525 4010 de
2561 3951 2988 4011 homicidarum
3029 3956 3258 4029 receptu
3298 3951 3362 4008 in
3403 3950 3572 4011 vrbes

632 4030 935 4108 perfugi-⁰7}
978 4032 1165 4090 Num.
1206 4046 1304 4107 35.
1364 4032 1661 4107 Purgatio
1702 4034 1811 4092 illa
1848 4034 1916 4092 de
1951 4034 2284 4105 homicidio,
2325 4032 2490 4091 cuius
2530 4032 2786 4093 incertus
2825 4038 3064 4105 auctor,
3109 4030 3288 4089 Deut.
3335 4048 3366 4087 a
3385 4050 3432 4091 ι.
3487 4030 3574 4087 Et

646 4112 879 4169 similia.
943 4112 1149 4186 Itaque
1204 4110 1263 4169 in
1322 4114 1439 4171 hoc
1482 4110 1663 4171 mixto
1707 4114 1905 4190 legum
1950 4112 2350 4173 Mosaicarum
2389 4130 2637 4188 genere,
2677 4127 2826 4187 quas
2863 4108 3166 4169 iudiciales
3205 4110 3570 4200 appellamus

648 4190 774 4252 siue
814 4189 1115 4267 politicas,
1160 4201 1275 4251 tres
1315 4202 1507 4269 partes
1546 4190 1992 4270 distinguendae
2027 4203 2192 4270 sunt,
2229 4190 2503 4268 moralis,
2537 4189 2808 4268 politica,
2843 4192 2898 4250 δι
2929 4190 3375 4265 ceremonialis3
3408 4191 3463 4249 δι
3481 4206 3573 4249 ius

651 4288 853 4335 earum
892 4270 1187 4349 sigillatim
1230 4270 1709 4334 discernendum.
3379 4346 3574 4407 Prima
