3923 4875
1253 83 1357 128 nt
1415 80 1836 129 pom-rur.
1894 83 2150 129 uosrs
2209 86 2496 130 ossas.
3221 77 3339 150 389

422 259 585 310 rator
642 257 761 317 est,
816 265 928 307 nec
966 257 1195 307 tantum
1234 248 1415 307 efficit
1452 257 1633 325 atque
1672 246 1723 308 is
1759 247 1862 326 qui
1900 249 2060 308 clam
2101 246 2300 326 irrepit
2341 249 2400 308 in
2443 249 2692 327 domOS,
2737 253 2792 312 &
2839 248 3072 309 animos
3112 251 3347 327 piorum

422 327 619 406 specie
660 325 1063 388 familiaritatis
1102 329 1157 388 &
1198 326 1491 388 amicitiae
1529 327 1829 406 adspergit
1872 346 2104 389 veneno
2135 345 2264 389 suo.
2311 329 2578 406 Denique
2599 333 2688 405 (vt
2711 331 3096 391 absoluamus
3119 331 3350 408 paucis)

424 409 529 486 qui
571 406 804 484 publice
844 417 1061 481 tentat,
1101 410 1235 484 plus
1274 417 1651 486 commouet,
1690 409 1795 468 sed
1838 409 2030 469 minus
2069 421 2412 486 permouet:
2455 408 2558 487 qui
2597 419 2796 472 autem
2837 411 3206 488 clanculum,
3249 409 3358 470 etsi

424 488 733 568 pauciores
777 499 1121 548 commouet
1135 533 1153 562 ,
1191 489 1327 566 plus
1364 499 1565 549 tamen
1608 499 1919 566 permonet
1956 507 2032 548 ac
2072 488 2394 550 efficacius:
2441 491 2950 568 quemadmodum
2993 492 3126 568 plus
3168 502 3258 552 est
3299 488 3360 550 in

428 570 573 630 dolo
613 572 670 629 δι
710 579 835 628 arte
874 570 1222 646 plerumque
1262 567 1550 648 positum,
1590 572 1769 646 quam
1808 568 1869 628 in
1910 579 2132 628 conatu
2155 568 2485 630 manifesto.
2528 570 2909 648 Quapropter
2931 571 3360 648 sapientissime

428 649 695 712 Domino
738 647 926 708 visum
968 660 1057 709 est
1092 649 1492 712 clandestinae
1528 661 1835 710 auctorem
1875 648 2234 727 apostasiae,
2278 649 2380 727 qui
2419 669 2483 710 se
2523 655 2815 728 suumque
2849 648 3006 712 virus
3029 656 3360 733 πανούργως

425 728 836 806 insinuauerit‚
891 739 1015 788 tam
1068 746 1237 789 reum
1289 747 1419 790 esse
1470 729 1673 790 mortis
1723 733 1904 806 quam
1956 729 2062 808 qui
2105 731 2282 790 fretus
2323 731 2451 790 sola
2491 732 2676 791 ferme
2715 730 2962 791 audacia
3004 731 3256 809 prodere
3297 732 3358 792 in

430 811 736 890 publicum
778 809 1009 887 perdita
1044 808 1293 870 consilia
1332 809 1662 888 apostasiae
1700 809 1985 870 voluerit:
2029 810 2539 887 quemadmodum
2581 821 2704 871 tam
2742 828 2878 872 reus
2920 823 3010 871 est
3051 810 3356 887 homicidii

430 889 537 970 qui
586 908 817 950 veneno
872 889 1113 950 fratrem
1127 935 1145 964 ‚
1194 893 1375 967 quam
1415 889 1519 966 qui
1559 889 1681 950 sica
1720 889 1907 964 tollit:
1946 909 2020 952 ac
2060 891 2408 968 plerumque
2447 890 2625 951 etiam
2666 889 2928 953 atrocius
2971 890 3196 952 crimen
3239 893 3358 952 effi·

430 972 585 1032 citur
644 969 758 1030 isto
815 968 1076 1030 criminis
1116 968 1491 1048 perpetrandi
1532 971 1738 1031 modo.
1799 971 1929 1031 Nec
1981 971 2160 1030 refert
2200 982 2395 1031 vtrum
2437 969 2534 1030 hic
2576 973 2824 1044 multos,
2871 989 2984 1031 nec
3025 989 3100 1032 ne
3139 971 3360 1033 sollici-

428 1049 667 1112 tauerit:
708 1049 1213 1127 quemadmodum
1254 1049 1315 1110 in
1352 1051 1481 1110 fure
1520 1049 1663 1111 nihil
1706 1050 1975 1128 interest,
2009 1062 2204 1111 vtrum
2227 1051 2426 1112 decies
2451 1052 2643 1127 mille,
2661 1071 2739 1112 an
2759 1063 3000 1112 centum
3020 1052 3357 1114 abstulerit:

428 1131 569 1209 quia
620 1129 761 1192 satis
800 1139 891 1190 est
927 1129 1234 1190 hominem
1274 1129 1439 1210 impij
1478 1129 1647 1192 istius
1685 1129 1914 1206 artificii
1956 1141 2331 1208 compertum
2373 1149 2535 1210 esse3
2576 1130 2758 1208 idque
2796 1131 3092 1212 legitime,
3132 1132 3196 1194 id
3235 1145 3360 1210 est,

429 1231 555 1271 non
593 1229 777 1271 vnum
816 1211 1009 1271 solum
1048 1210 1156 1272 sed
1195 1210 1373 1272 etiam
1412 1212 1664 1272 alterum
1706 1210 2138 1288 sollicitauisse,
2180 1229 2438 1288 quorum
2477 1211 2819 1273 testimonio
2847 1211 3130 1273 conuinci
3147 1213 3360 1290 possit.

431 1293 587 1352 Nam
638 1294 952 1368 propterea
990 1289 1051 1350 in
1091 1291 1211 1353 hoc
1250 1291 1381 1369 ipso
1419 1301 1769 1370 argumento
1808 1291 1968 1353 cauit
2010 1291 2309 1352 Dominus
2349 1291 2427 1353 de
2467 1293 2580 1353 hac
2621 1311 2716 1352 re:
2761 1291 3018 1354 dicendo
3036 1337 3055 1371 ,
3113 1295 3205 1353 Ex
3245 1312 3364 1354 ser-

430 1391 611 1434 mone
669 1372 926 1431 duorum
986 1371 1223 1432 testium
1284 1381 1387 1432 aut
1448 1371 1626 1432 trium
1686 1383 1881 1432 morte
1919 1370 2174 1433 afficitor
2215 1372 2264 1432 is
2317 1373 2420 1450 qui
2463 1372 2780 1434 moriturus
2821 1383 2941 1453 est3
2991 1389 3068 1434 ne
3107 1373 3362 1434 afficitor

430 1463 623 1513 morte
662 1470 737 1512 ex
776 1469 1054 1512 sermone
1093 1451 1257 1512 testis
1299 1451 1489 1513 vuius.
1532 1454 1709 1512 Deut.
1758 1469 1850 1528 17.
1892 1453 1951 1512 6.

511 1535 637 1593 Iam
682 1534 825 1592 vere
865 1531 943 1590 ad
982 1535 1233 1592 alterum
1273 1549 1459 1610 genus
1497 1534 1696 1611 legum
1732 1531 2060 1593 veniamus·
2099 1533 2194 1592 De
2233 1531 2652 1594 seducentibus
2685 1531 2971 1610 vidimus,
2991 1533 3358 1612 quiquidem

431 1615 469 1672 a
508 1631 653 1672 vero
687 1613 743 1671 81
786 1610 1019 1672 viuente
1058 1615 1194 1673 Deo
1234 1613 1555 1690 prudentes
1595 1612 1849 1673 scientes
1889 1615 2100 1672 volunt
2138 1612 2270 1690 pios
2309 1615 2610 1674 abducere
2651 1613 2710 1673 in
2750 1613 3108 1690 apostasiam
3133 1615 3364 1675 vniuer-

430 1696 615 1754 salem
672 1696 760 1769 (vt
801 1695 1041 1768 vocant)
1103 1692 1609 1771 transfugiumque
1648 1690 2060 1754 miserrimum.
2121 1693 2240 1754 Sed
2273 1693 2420 1772 quid
2460 1696 2562 1754 fiet
2597 1692 2856 1754 seductis
2898 1693 3122 1756 miseris
3164 1695 3359 1755 alieno

433 1769 631 1834 sacto?
691 1774 786 1832 De
846 1773 937 1832 his
996 1771 1263 1834 similiter
1319 1773 1621 1852 prospexit
1684 1771 1978 1835 Dominus
2036 1773 2098 1832 in
2151 1775 2282 1850 lege
2337 1773 2524 1834 Mosis
2563 1773 2800 1834 duobus
2843 1773 2992 1835 locis
3034 1793 3186 1854 quos
3224 1779 3362 1837 ante

434 1851 819 1914 adduximus:
870 1855 925 1913 δι
980 1852 1105 1913 siue
1158 1852 1469 1931 singularis
1509 1852 1707 1932 aliqua
1746 1871 2006 1931 persona
2045 1853 2360 1915 seducatur
2376 1899 2394 1931 ‚
2433 1853 2558 1914 siue
2599 1853 2774 1914 etiam
2814 1853 3022 1915 ciuitas
3065 1854 3364 1932 vniuersa,

436 1931 732 1994 excidium
776 1933 1161 1994 seductorum
1202 1932 1531 2012 imperauit.
1590 1933 1883 1996 Seductos
1923 1945 2122 1994 autem
2161 1933 2301 1995 dico
2347 1953 2469 1994 non
2513 1933 2574 1994 in
2613 1933 2776 1994 hunc
2797 1945 2898 1994 aut
2917 1932 3084 1996 illum
3103 1954 3366 1996 errorem

432 2013 775 2091 simpliciter
812 2016 850 2072 a
888 2013 1126 2074 salutari
1165 2011 1440 2093 scientia3
1481 2015 1587 2076 sed
1625 2011 1731 2090 qui
1766 2017 1803 2074 a
1846 2033 1990 2075 vero
2031 2015 2164 2074 Deo
2205 2013 2283 2074 ad
2325 2015 2472 2076 deos
2513 2015 2692 2074 falsos
2719 2014 3139 2094 transfugiunt,
3163 2015 3224 2076 id
3244 2027 3364 2094 est,

430 2093 543 2154 toti
596 2092 799 2170 pietati
853 2096 909 2154 &
964 2091 1235 2171 religioni
1288 2092 1652 2154 renunciant.
1714 2096 1947 2155 Durum
2001 2095 2248 2154 fortasse
2302 2105 2685 2172 praeceptum
2726 2093 2893 2154 illum
2935 2095 3050 2156 Dei
3088 2101 3125 2156 a
3167 2095 3364 2158 multis

436 2172 897 2235 existimabitur:
940 2173 1049 2234 sed
1088 2183 1286 2235 tamen
1326 2173 1441 2235 Dei
1479 2185 1863 2252 praeceptum
1904 2172 2043 2251 fuit,
2087 2173 2190 2252 qui
2218 2185 2309 2235 est
2344 2173 2707 2236 iustissimus.
2748 2177 2820 2234 In
2840 2175 2960 2236 hoc
2979 2187 3176 2237 autem
3199 2195 3360 2252 prae·

435 2264 637 2334 cepto,
684 2255 765 2314 ad
806 2255 1358 2332 recognoscendam
1398 2253 1677 2316 iustitiam
1719 2254 1846 2316 eius
1886 2258 2053 2331 (nam
2095 2254 2262 2315 mixti
2302 2254 2533 2334 generis
2573 2258 2685 2330 est)
2727 2255 2952 2316 morale
2967 2301 2985 2334 ,
3025 2259 3061 2316 a
3103 2256 3361 2317 iudiciali

432 2336 488 2393 &
527 2331 908 2394 ceremoniali
948 2337 1223 2394 accurate
1264 2331 1542 2412 distingui
1582 2353 1827 2396 necesse
1865 2345 1971 2395 est.
2015 2335 2247 2395 Morale
2288 2349 2410 2415 est3
2431 2333 2698 2413 quisquis
2719 2333 2912 2395 sciens
2933 2336 3196 2414 prudens
3213 2355 3358 2398 vero

433 2416 569 2475 Deo
610 2417 665 2477 δι
706 2412 891 2475 cultui
928 2414 1052 2476 eius
1091 2413 1401 2475 renunciat
1440 2414 1741 2495 vniuerse,
1782 2418 1838 2477 δι
1877 2414 1956 2475 ad
1997 2416 2174 2476 falsos
2215 2417 2380 2477 Deos
2421 2413 2762 2494 transfugit,
2803 2433 2926 2476 non
2959 2435 3088 2477 esse
3122 2415 3363 2478 audien-

434 2490 579 2556 dum
600 2540 621 2573 ,
672 2514 743 2555 ac
784 2512 861 2554 ne
900 2494 1211 2556 ferendum
1252 2494 1497 2571 quidem
1536 2496 1597 2557 in
1637 2496 1865 2573 populo
1904 2494 2040 2557 Dei.
2103 2496 2385 2557 Iudiciale
2424 2506 2543 2574 est,
2587 2508 2778 2557 morte
2817 2497 3198 2574 plectendum
3237 2517 3366 2559 esse

435 2576 561 2636 siue
620 2574 959 2653 hominem,
1020 2572 1147 2636 siue
1205 2574 1516 2636 hominum
1567 2587 1839 2647 coetum,
1880 2594 2060 2654 quem
2100 2576 2401 2637 ciuitatem
2441 2577 2826 2653 appellamus.
2887 2578 3364 2639 Fundamentum

432 2660 577 2717 vere
636 2654 925 2716 iudicialis
978 2654 1150 2717 huius
1200 2654 1447 2716 instituti
1485 2654 1883 2717 ceremoniale
1921 2664 2028 2717 est.
2092 2656 2278 2733 Quod
2321 2658 2548 2717 morale
2589 2666 2705 2733 est,
2747 2668 3054 2733 permanet
3094 2656 3364 2719 immuta-

431 2738 499 2813 (f.
547 2736 863 2814 153o)bile.
904 2735 1186 2797 Iudiciale
1224 2734 1713 2813 quandoquidem
1754 2736 2146 2797 fundamento
2187 2735 2570 2797 ceremoniali
2609 2734 2844 2813 nititur,
2884 2754 3008 2797 non
3039 2736 3180 2798 iuris
3199 2756 3360 2799 com·

431 2817 627 2877 munis
664 2814 1008 2894 simpliciter
1022 2862 1041 2893 ,
1081 2816 1189 2877 sed
1228 2815 1594 2894 particularis
1633 2826 1751 2877 est:
1797 2834 2186 2895 quaecunque
2223 2822 2368 2879 vero
2409 2819 2571 2895 leges
2605 2814 2978 2907 particularis
3018 2829 3155 2878 sunt
3195 2818 3361 2897 iuris,

431 2914 643 2959 omnes
682 2897 857 2957 fuisse
898 2896 1211 2957 mutabiles
1250 2906 1387 2957 ante
1428 2896 1761 2957 docuimus
1804 2900 1945 2958 Non
1985 2897 2162 2976 igitur
2191 2898 2342 2957 haec
2371 2907 2658 2957 sententia
2679 2895 2888 2957 mortis
2909 2896 2994 2957 sic
3013 2897 3362 2977 accipienda

433 2986 552 3055 est,
605 2986 669 3037 vt
709 2976 759 3035 si
798 2974 859 3035 in
899 2974 1179 3037 seductos
1216 2975 1491 3038 homines
1530 2976 1828 3054 quoslibet
1868 2978 1927 3037 in
1968 2996 2150 3039 omne
2189 2988 2424 3055 tempus
2463 2987 2616 3038 esset
2662 2975 2981 3054 imperata:
3023 2981 3160 3038 cum
3199 2998 3360 3039 cere·

432 3056 635 3117 monia
650 3101 668 3134 .,
718 3059 900 3133 (quae
952 3057 1399 3117 fundamentum
1451 3067 1540 3118 est
1580 3056 1756 3132 illius)
1798 3058 2090 3118 rationem
2133 3062 2221 3133 (vt
2263 3066 2562 3117 nonerunt
2605 3060 2838 3135 omnes)
2877 3058 3095 3118 habeat
3133 3070 3362 3137 tempo-

434 3135 647 3197 rariam
712 3146 892 3214 atque
952 3137 1317 3197 mutabilem.
1378 3137 1543 3213 Quid
1596 3156 1739 3216 ergo
1755 3183 1773 3214 ‚
1826 3136 2041 3199 dixerit
2099 3136 2390 3215 quispiam
2409 3182 2424 3213 ‚
2463 3147 2552 3197 est
2589 3135 3004 3198 ceremoniae?
3043 3156 3258 3217 nempe
3299 3138 3361 3199 in

432 3216 732 3295 personis,
773 3227 1073 3295 tempore,
1114 3218 1253 3277 loco
1292 3226 1383 3277 est
1425 3216 1793 3285 ceremonia.
1832 3234 1988 3294 quae
2030 3220 2252 3278 factum
2293 3226 2618 3295 aggrauet:
2647 3218 2958 3295 Personis,
2997 3218 3136 3295 quia
3155 3220 3362 3280 Iudaei

432 3308 599 3357 erant
638 3296 733 3357 vel
774 3296 1101 3375 Israelitae,
1144 3314 1299 3375 quos
1336 3299 1501 3359 Deus
1540 3295 1842 3359 beneficiis
1882 3296 2278 3376 singularibus
2310 3296 2422 3357 sibi
2467 3295 2893 3377 vindicauerat,
2933 3302 2988 3359 δι
3027 3310 3280 3359 assertos
3301 3299 3359 3359 in

432 3375 761 3437 libertatem
802 3376 1271 3438 sanctificauerat
1312 3396 1384 3437 ex
1425 3376 1705 3438 omnibus
1747 3376 2013 3457 populis,
2055 3388 2118 3437 vt
2157 3380 2414 3456 populus
2453 3375 2634 3455 ipsius
2655 3388 2877 3438 essent:
2903 3388 3200 3458 tempore,
3223 3378 3362 3457 quia

432 3474 637 3517 recens
676 3466 801 3516 erat
838 3455 1265 3517 beneficiorum
1305 3456 1421 3517 Dei
1460 3456 1795 3519 recordatio
1810 3502 1829 3537 ,
1870 3459 1926 3517 δι
1969 3456 2280 3535 multiplex
2319 3476 2596 3535 praesens
2627 3456 2976 3535 significatio
2992 3503 3010 3537 .,
3031 3478 3360 3519 sacramen·

432 3546 628 3597 torum
670 3536 936 3597 omnium
977 3554 1131 3613 quae
1174 3538 1340 3597 Deus
1368 3539 1499 3615 lege
1518 3536 1839 3615 indixerat,
1861 3546 2040 3617 atque
2060 3536 2236 3598 etiam
2258 3536 2616 3616 aspectabile
2635 3540 2975 3613 symbolum
2991 3537 3357 3617 praesentiae

428 3614 610 3677 illius:
650 3617 823 3692 loc0‚
862 3616 1001 3693 quia
1040 3616 1203 3695 regia
1244 3616 1343 3677 illa
1382 3618 1774 3679 Cenahanaea
1814 3630 1939 3679 erat
1983 3630 2284 3694 tamquam
2325 3616 2693 3677 domicilium
2734 3618 2876 3695 Dei,
2917 3621 3038 3695 quo
3071 3618 3361 3679 Israelitas

430 3696 689 3773 gratiose
730 3698 889 3757 velut
930 3696 1194 3775 hospites
1234 3696 1631 3759 intromiserat
1670 3700 1866 3777 Deus,
1904 3709 1973 3759 vt
2011 3699 2120 3758 toti
2161 3698 2220 3757 in
2261 3716 2336 3757 eo
2377 3695 2716 3775 domicilio,
2755 3696 2879 3758 siue
2921 3698 3178 3777 hospitio
3218 3718 3354 3777 pen-

430 3777 641 3837 derent
680 3776 1035 3837 auctoritate
1075 3776 1325 3855 hospitis
1365 3778 1519 3839 illius
1557 3779 1699 3856 Dei,
1743 3780 1819 3839 ad
1862 3796 2042 3857 quem
2085 3777 2174 3837 ius
2216 3776 2472 3855 pertinet
2509 3796 2630 3838 non
2667 3779 2862 3838 solum
2880 3778 3100 3855 vbique
3117 3824 3134 3849 ,
3157 3780 3360 3841 verum

429 3856 606 3915 etiam
668 3855 1037 3935 singulariter
1102 3856 1160 3915 in
1220 3857 1405 3918 domo
1460 3877 1567 3919 sua
1618 3858 1849 3919 ferendi
1887 3862 2050 3936 leges
2091 3858 2376 3918 arbitratu
2417 3874 2541 3918 sua.
2605 3858 2759 3917 Nam
2801 3858 2879 3917 ab
2919 3858 3092 3919 huius
3131 3859 3360 3937 legibus

432 3934 771 4013 quicunque
814 3936 1156 4014 discedunt,
1207 3936 1399 3997 vbiuis
1448 3940 1720 3999 locorum
1758 3938 1909 4013 sint,
1952 3937 2036 3998 rei
2077 3948 2212 3997 sunt
2249 3956 2454 3997 coram
2495 3936 2656 4015 ipso:
2721 3938 2838 3999 Sed
2877 3936 2916 4013 ij
2963 3938 3217 4000 maxime
3255 3938 3358 4000 im-

434 4014 669 4094 pietatis
710 4014 793 4075 rei
831 4013 1073 4076 dicendi
1112 4025 1279 4094 sunt,
1322 4017 1425 4093 qui
1466 4018 1527 4077 in
1568 4020 1755 4079 domo
1802 4018 1986 4097 ipsius
2025 4036 2228 4078 coram
2269 4017 2434 4095 ipsO‚
2453 4022 2490 4077 a
2511 4036 2633 4094 quo
2655 4017 2908 4097 gratiose
2930 4019 3162 4098 excepti
3180 4030 3360 4097 atque

438 4094 632 4155 ornati
672 4106 838 4176 sunt,
881 4096 1107 4175 legibus
1146 4094 1327 4175 ipsius
1370 4098 1734 4159 obnituntur.
1776 4092 1982 4176 Quid?
2025 4106 2224 4159 nonne
2266 4100 2552 4177 futurum,
2587 4100 2641 4159 δι
2679 4098 3097 4179 homicidium,
3119 4101 3175 4159 δι
3195 4100 3360 4161 adul·

3143 4183 3354 4245 terium
