<?xml version="1.0" encoding="UTF-8"?>
<!DOCTYPE html PUBLIC "-//W3C//DTD XHTML 1.0 Transitional//EN"
    "http://www.w3.org/TR/xhtml1/DTD/xhtml1-transitional.dtd">
<html xmlns="http://www.w3.org/1999/xhtml" xml:lang="en" lang="en">
 <head>
  <title>
</title>
<meta http-equiv="Content-Type" content="text/html;charset=utf-8" />
  <meta name='ocr-system' content='tesseract 3.04.00' />
  <meta name='ocr-capabilities' content='ocr_page ocr_carea ocr_par ocr_line ocrx_word'/>
</head>
<body>
  <div class='ocr_page' id='page_1' title='image "./dfranciscijunii00junigoog_0505.png"; bbox 0 0 3923 4875; ppageno 0'>
   <div class='ocr_carea' id='block_1_1' title="bbox 1392 370 3290 463">
    <p class='ocr_par' dir='ltr' id='par_1_1' title="bbox 1392 370 3290 463">
     <span class='ocr_line' id='line_1_1' title="bbox 1392 370 3290 463; baseline 0.002 -20"><span class='ocrx_word' id='word_1_1' title='bbox 1392 370 1835 444; x_wconf 55' lang='lat' dir='ltr'><strong>&#39;aiannici</strong></span> <span class='ocrx_word' id='word_1_2' title='bbox 1896 400 2108 444; x_wconf 72' lang='lat' dir='ltr'>PARS</span> <span class='ocrx_word' id='word_1_3' title='bbox 2171 402 2253 445; x_wconf 87' lang='lat'><strong>11.</strong></span> <span class='ocrx_word' id='word_1_4' title='bbox 3177 400 3290 463; x_wconf 84' lang='lat'><strong>477</strong></span> 
     </span>
    </p>
   </div>
   <div class='ocr_carea' id='block_1_2' title="bbox 360 560 3310 4555">
    <p class='ocr_par' dir='ltr' id='par_1_2' title="bbox 360 560 3306 1765">
     <span class='ocr_line' id='line_1_2' title="bbox 366 560 3299 646; baseline 0.001 -24"><span class='ocrx_word' id='word_1_5' title='bbox 366 560 488 622; x_wconf 88' lang='lat' dir='ltr'><strong>sibi</strong></span> <span class='ocrx_word' id='word_1_6' title='bbox 529 560 797 623; x_wconf 81' lang='lat' dir='ltr'><strong>adiunxit</strong></span> <span class='ocrx_word' id='word_1_7' title='bbox 836 562 1131 641; x_wconf 85' lang='lat' dir='ltr'><strong>Christus,</strong></span> <span class='ocrx_word' id='word_1_8' title='bbox 1174 565 1231 624; x_wconf 85' lang='lat'>&amp;</span> <span class='ocrx_word' id='word_1_9' title='bbox 1270 564 1506 625; x_wconf 78' lang='lat' dir='ltr'><strong>fratrem</strong></span> <span class='ocrx_word' id='word_1_10' title='bbox 1540 561 1733 625; x_wconf 84' lang='lat' dir='ltr'><strong>effecit</strong></span> <span class='ocrx_word' id='word_1_11' title='bbox 1750 560 1878 625; x_wconf 76' lang='lat' dir='ltr'><strong>tibi.</strong></span> <span class='ocrx_word' id='word_1_12' title='bbox 1898 562 1961 625; x_wconf 90' lang='lat' dir='ltr'><strong>Si</strong></span> <span class='ocrx_word' id='word_1_13' title='bbox 1982 564 2400 627; x_wconf 79' lang='lat' dir='ltr'><strong>fraternitatem</strong></span> <span class='ocrx_word' id='word_1_14' title='bbox 2423 564 2678 646; x_wconf 87' lang='lat' dir='ltr'><strong>rumpis,</strong></span> <span class='ocrx_word' id='word_1_15' title='bbox 2711 567 3018 645; x_wconf 86' lang='lat' dir='ltr'><strong>deintegro</strong></span> <span class='ocrx_word' id='word_1_16' title='bbox 3037 576 3299 627; x_wconf 85' lang='lat' dir='ltr'><strong>nectam:</strong></span> 
     </span>
     <span class='ocr_line' id='line_1_3' title="bbox 376 640 3304 726; baseline 0.001 -23"><span class='ocrx_word' id='word_1_17' title='bbox 376 640 429 703; x_wconf 89' lang='lat' dir='ltr'><strong>si</strong></span> <span class='ocrx_word' id='word_1_18' title='bbox 468 642 715 724; x_wconf 87' lang='lat' dir='ltr'><strong>dissuis,</strong></span> <span class='ocrx_word' id='word_1_19' title='bbox 784 642 947 704; x_wconf 83' lang='lat' dir='ltr'>dabo</span> <span class='ocrx_word' id='word_1_20' title='bbox 989 660 1235 721; x_wconf 81' lang='lat' dir='ltr'>operam</span> <span class='ocrx_word' id='word_1_21' title='bbox 1276 654 1343 705; x_wconf 77' lang='lat' dir='ltr'><strong>vt</strong></span> <span class='ocrx_word' id='word_1_22' title='bbox 1384 644 1721 705; x_wconf 81' lang='lat' dir='ltr'><strong>resarciam:</strong></span> <span class='ocrx_word' id='word_1_23' title='bbox 1782 644 1832 704; x_wconf 91' lang='lat' dir='ltr'><strong>si</strong></span> <span class='ocrx_word' id='word_1_24' title='bbox 1870 644 2085 706; x_wconf 88' lang='lat' dir='ltr'><strong>euertis</strong></span> <span class='ocrx_word' id='word_1_25' title='bbox 2106 690 2124 723; x_wconf 91' lang='lat'><strong>,</strong></span> <span class='ocrx_word' id='word_1_26' title='bbox 2181 644 2401 725; x_wconf 81' lang='lat' dir='ltr'><strong>erigam</strong></span> <span class='ocrx_word' id='word_1_27' title='bbox 2441 646 2673 708; x_wconf 59' lang='lat' dir='ltr'><strong>denua:</strong></span> <span class='ocrx_word' id='word_1_28' title='bbox 2715 646 2764 707; x_wconf 90' lang='lat' dir='ltr'><strong>si</strong></span> <span class='ocrx_word' id='word_1_29' title='bbox 2801 664 3014 726; x_wconf 87' lang='lat' dir='ltr'><strong>negas,</strong></span> <span class='ocrx_word' id='word_1_30' title='bbox 3051 648 3304 707; x_wconf 75' lang='lat' dir='ltr'><strong>affirmat</strong></span> 
     </span>
     <span class='ocr_line' id='line_1_4' title="bbox 375 722 3306 803; baseline 0.001 -20"><span class='ocrx_word' id='word_1_31' title='bbox 375 722 683 801; x_wconf 85' lang='lat' dir='ltr'><strong>Christus,</strong></span> <span class='ocrx_word' id='word_1_32' title='bbox 745 726 804 784; x_wconf 75' lang='grc' dir='ltr'><strong>δι</strong></span> <span class='ocrx_word' id='word_1_33' title='bbox 863 741 979 802; x_wconf 87' lang='lat' dir='ltr'><strong>ego</strong></span> <span class='ocrx_word' id='word_1_34' title='bbox 1038 740 1177 783; x_wconf 90' lang='lat' dir='ltr'><strong>cum</strong></span> <span class='ocrx_word' id='word_1_35' title='bbox 1239 722 1509 785; x_wconf 81' lang='lat' dir='ltr'><strong>Christo:</strong></span> <span class='ocrx_word' id='word_1_36' title='bbox 1570 723 1619 785; x_wconf 88' lang='lat' dir='ltr'><strong>si</strong></span> <span class='ocrx_word' id='word_1_37' title='bbox 1680 723 1885 787; x_wconf 85' lang='lat' dir='ltr'><strong>audire</strong></span> <span class='ocrx_word' id='word_1_38' title='bbox 1938 744 2064 785; x_wconf 90' lang='lat' dir='ltr'><strong>non</strong></span> <span class='ocrx_word' id='word_1_39' title='bbox 2119 724 2241 803; x_wconf 82' lang='lat' dir='ltr'><strong>vis,</strong></span> <span class='ocrx_word' id='word_1_40' title='bbox 2303 726 2551 789; x_wconf 88' lang='lat' dir='ltr'><strong>audiunt</strong></span> <span class='ocrx_word' id='word_1_41' title='bbox 2593 738 2790 788; x_wconf 88' lang='lat' dir='ltr'><strong>tamen</strong></span> <span class='ocrx_word' id='word_1_42' title='bbox 2831 727 3010 803; x_wconf 87' lang='lat' dir='ltr'><strong>boni,</strong></span> <span class='ocrx_word' id='word_1_43' title='bbox 3047 730 3102 787; x_wconf 74' lang='grc' dir='ltr'><strong>δι</strong></span> <span class='ocrx_word' id='word_1_44' title='bbox 3123 724 3306 787; x_wconf 74' lang='lat' dir='ltr'><strong>audit</strong></span> 
     </span>
     <span class='ocr_line' id='line_1_5' title="bbox 374 801 3306 883; baseline 0.001 -20"><span class='ocrx_word' id='word_1_45' title='bbox 374 801 679 863; x_wconf 87' lang='lat' dir='ltr'><strong>Dominus</strong></span> <span class='ocrx_word' id='word_1_46' title='bbox 692 847 711 877; x_wconf 83' lang='lat'><strong>,</strong></span> <span class='ocrx_word' id='word_1_47' title='bbox 771 822 979 864; x_wconf 88' lang='lat' dir='ltr'><strong>coram</strong></span> <span class='ocrx_word' id='word_1_48' title='bbox 1040 820 1165 880; x_wconf 89' lang='lat' dir='ltr'><strong>quo</strong></span> <span class='ocrx_word' id='word_1_49' title='bbox 1218 802 1457 865; x_wconf 86' lang='lat' dir='ltr'><strong>miseret</strong></span> <span class='ocrx_word' id='word_1_50' title='bbox 1514 824 1613 865; x_wconf 89' lang='lat' dir='ltr'><strong>me</strong></span> <span class='ocrx_word' id='word_1_51' title='bbox 1650 823 1725 865; x_wconf 79' lang='lat' dir='ltr'><strong>ex</strong></span> <span class='ocrx_word' id='word_1_52' title='bbox 1764 804 1968 866; x_wconf 86' lang='lat' dir='ltr'><strong>animo</strong></span> <span class='ocrx_word' id='word_1_53' title='bbox 1997 806 2382 883; x_wconf 82' lang='lat' dir='ltr'><strong>impotentiae</strong></span> <span class='ocrx_word' id='word_1_54' title='bbox 2419 818 2574 868; x_wconf 87' lang='lat' dir='ltr'><strong>tuae.</strong></span> <span class='ocrx_word' id='word_1_55' title='bbox 2653 805 3062 868; x_wconf 79' lang='lat' dir='ltr'><strong>Misericordia</strong></span> <span class='ocrx_word' id='word_1_56' title='bbox 3092 806 3306 867; x_wconf 86' lang='lat' dir='ltr'><strong>ductus</strong></span> 
     </span>
     <span class='ocr_line' id='line_1_6' title="bbox 370 881 3300 965; baseline 0.002 -22"><span class='ocrx_word' id='word_1_57' title='bbox 370 884 559 943; x_wconf 77' lang='lat' dir='ltr'><strong>feram</strong></span> <span class='ocrx_word' id='word_1_58' title='bbox 602 881 891 961; x_wconf 89' lang='lat' dir='ltr'><strong>quicquid</strong></span> <span class='ocrx_word' id='word_1_59' title='bbox 931 900 1058 945; x_wconf 90' lang='lat' dir='ltr'><strong>non</strong></span> <span class='ocrx_word' id='word_1_60' title='bbox 1096 892 1313 961; x_wconf 86' lang='lat' dir='ltr'><strong>potero</strong></span> <span class='ocrx_word' id='word_1_61' title='bbox 1354 882 1680 963; x_wconf 78' lang='lat' dir='ltr'><strong>corrigere:</strong></span> <span class='ocrx_word' id='word_1_62' title='bbox 1720 886 1825 945; x_wconf 91' lang='lat' dir='ltr'><strong>sed</strong></span> <span class='ocrx_word' id='word_1_63' title='bbox 1864 886 2056 946; x_wconf 78' lang='lat' dir='ltr'><strong>ferens</strong></span> <span class='ocrx_word' id='word_1_64' title='bbox 2095 896 2314 965; x_wconf 81' lang='lat' dir='ltr'><strong>tamen,</strong></span> <span class='ocrx_word' id='word_1_65' title='bbox 2355 888 2503 948; x_wconf 89' lang='lat' dir='ltr'><strong>haec</strong></span> <span class='ocrx_word' id='word_1_66' title='bbox 2541 886 2666 950; x_wconf 89' lang='lat' dir='ltr'><strong>duo</strong></span> <span class='ocrx_word' id='word_1_67' title='bbox 2703 888 3041 949; x_wconf 84' lang='lat' dir='ltr'><strong>obseruabo</strong></span> <span class='ocrx_word' id='word_1_68' title='bbox 3079 887 3300 948; x_wconf 88' lang='lat' dir='ltr'><strong>studio-</strong></span> 
     </span>
     <span class='ocr_line' id='line_1_7' title="bbox 370 962 3302 1043; baseline 0.001 -19"><span class='ocrx_word' id='word_1_69' title='bbox 370 962 639 1024; x_wconf 76' lang='lat' dir='ltr'><strong>sissime:</strong></span> <span class='ocrx_word' id='word_1_70' title='bbox 714 965 955 1042; x_wconf 81' lang='lat' dir='ltr'><strong>vnum,</strong></span> <span class='ocrx_word' id='word_1_71' title='bbox 1008 972 1073 1023; x_wconf 85' lang='lat' dir='ltr'><strong>vt</strong></span> <span class='ocrx_word' id='word_1_72' title='bbox 1110 974 1453 1027; x_wconf 86' lang='lat' dir='ltr'><strong>constanter</strong></span> <span class='ocrx_word' id='word_1_73' title='bbox 1481 973 1789 1043; x_wconf 82' lang='lat' dir='ltr'><strong>expectem</strong></span> <span class='ocrx_word' id='word_1_74' title='bbox 1826 967 1863 1023; x_wconf 77' lang='lat' dir='ltr'><strong>a</strong></span> <span class='ocrx_word' id='word_1_75' title='bbox 1899 964 2170 1027; x_wconf 87' lang='lat' dir='ltr'><strong>Domino</strong></span> <span class='ocrx_word' id='word_1_76' title='bbox 2210 966 2576 1029; x_wconf 88' lang='lat' dir='ltr'><strong>curationem</strong></span> <span class='ocrx_word' id='word_1_77' title='bbox 2611 968 2977 1029; x_wconf 75' lang='lat' dir='ltr'><strong>miserandae</strong></span> <span class='ocrx_word' id='word_1_78' title='bbox 3015 966 3180 1028; x_wconf 89' lang='lat' dir='ltr'><strong>istius</strong></span> <span class='ocrx_word' id='word_1_79' title='bbox 3218 966 3302 1027; x_wconf 90' lang='lat' dir='ltr'><strong>in·</strong></span> 
     </span>
     <span class='ocr_line' id='line_1_8' title="bbox 365 1041 3302 1123; baseline 0.002 -21"><span class='ocrx_word' id='word_1_80' title='bbox 365 1041 665 1103; x_wconf 88' lang='lat' dir='ltr'><strong>firmitatis</strong></span> <span class='ocrx_word' id='word_1_81' title='bbox 706 1054 875 1104; x_wconf 88' lang='lat' dir='ltr'><strong>tuae:</strong></span> <span class='ocrx_word' id='word_1_82' title='bbox 922 1044 1195 1105; x_wconf 85' lang='lat' dir='ltr'><strong>Alterum</strong></span> <span class='ocrx_word' id='word_1_83' title='bbox 1208 1088 1227 1121; x_wconf 92' lang='lat'><strong>,</strong></span> <span class='ocrx_word' id='word_1_84' title='bbox 1280 1054 1344 1105; x_wconf 81' lang='lat' dir='ltr'><strong>vt</strong></span> <span class='ocrx_word' id='word_1_85' title='bbox 1396 1044 1521 1123; x_wconf 89' lang='lat' dir='ltr'><strong>ipse</strong></span> <span class='ocrx_word' id='word_1_86' title='bbox 1571 1060 1811 1123; x_wconf 88' lang='lat' dir='ltr'><strong>quoque</strong></span> <span class='ocrx_word' id='word_1_87' title='bbox 1850 1043 2031 1106; x_wconf 88' lang='lat' dir='ltr'><strong>iustas</strong></span> <span class='ocrx_word' id='word_1_88' title='bbox 2069 1046 2416 1108; x_wconf 80' lang='lat' dir='ltr'><strong>occasiones</strong></span> <span class='ocrx_word' id='word_1_89' title='bbox 2453 1048 2768 1109; x_wconf 89' lang='lat' dir='ltr'><strong>obseruem</strong></span> <span class='ocrx_word' id='word_1_90' title='bbox 2805 1046 3128 1109; x_wconf 87' lang='lat' dir='ltr'><strong>adiuuandi</strong></span> <span class='ocrx_word' id='word_1_91' title='bbox 3165 1048 3302 1108; x_wconf 87' lang='lat' dir='ltr'><strong>cba-</strong></span> 
     </span>
     <span class='ocr_line' id='line_1_9' title="bbox 365 1122 3302 1205; baseline 0.002 -22"><span class='ocrx_word' id='word_1_92' title='bbox 365 1122 543 1184; x_wconf 87' lang='lat' dir='ltr'><strong>ritate</strong></span> <span class='ocrx_word' id='word_1_93' title='bbox 586 1125 645 1184; x_wconf 85' lang='lat'>&amp;</span> <span class='ocrx_word' id='word_1_94' title='bbox 686 1122 1011 1203; x_wconf 81' lang='lat' dir='ltr'><strong>surrigendi</strong></span> <span class='ocrx_word' id='word_1_95' title='bbox 1048 1122 1169 1203; x_wconf 87' lang='lat' dir='ltr'><strong>tui,</strong></span> <span class='ocrx_word' id='word_1_96' title='bbox 1219 1122 1269 1185; x_wconf 89' lang='lat' dir='ltr'><strong>si</strong></span> <span class='ocrx_word' id='word_1_97' title='bbox 1311 1126 1465 1186; x_wconf 75' lang='lat' dir='ltr'><strong>forte</strong></span> <span class='ocrx_word' id='word_1_98' title='bbox 1505 1124 1669 1186; x_wconf 90' lang='lat' dir='ltr'><strong>Deus</strong></span> <span class='ocrx_word' id='word_1_99' title='bbox 1708 1124 1823 1185; x_wconf 87' lang='lat' dir='ltr'><strong>hac</strong></span> <span class='ocrx_word' id='word_1_100' title='bbox 1864 1144 1998 1187; x_wconf 87' lang='lat' dir='ltr'><strong>mea</strong></span> <span class='ocrx_word' id='word_1_101' title='bbox 2029 1144 2214 1205; x_wconf 83' lang='lat' dir='ltr'><strong>opera</strong></span> <span class='ocrx_word' id='word_1_102' title='bbox 2250 1128 2330 1187; x_wconf 86' lang='lat' dir='ltr'><strong>ad</strong></span> <span class='ocrx_word' id='word_1_103' title='bbox 2375 1128 2620 1189; x_wconf 88' lang='lat' dir='ltr'><strong>salutem</strong></span> <span class='ocrx_word' id='word_1_104' title='bbox 2659 1138 2822 1189; x_wconf 87' lang='lat' dir='ltr'><strong>tuam</strong></span> <span class='ocrx_word' id='word_1_105' title='bbox 2860 1126 3180 1205; x_wconf 89' lang='lat' dir='ltr'><strong>aliquando</strong></span> <span class='ocrx_word' id='word_1_106' title='bbox 3217 1126 3302 1189; x_wconf 83' lang='lat' dir='ltr'><strong>vti</strong></span> 
     </span>
     <span class='ocr_line' id='line_1_10' title="bbox 362 1201 3298 1299; baseline 0.002 -36"><span class='ocrx_word' id='word_1_107' title='bbox 362 1201 643 1265; x_wconf 84' lang='lat' dir='ltr'><strong>voluerit.</strong></span> <span class='ocrx_word' id='word_1_108' title='bbox 684 1203 809 1265; x_wconf 89' lang='lat' dir='ltr'><strong>Cur</strong></span> <span class='ocrx_word' id='word_1_109' title='bbox 846 1202 1007 1265; x_wconf 89' lang='lat' dir='ltr'><strong>enim</strong></span> <span class='ocrx_word' id='word_1_110' title='bbox 1048 1205 1427 1282; x_wconf 89' lang='lat' dir='ltr'><strong>perturbatos</strong></span> <span class='ocrx_word' id='word_1_111' title='bbox 1465 1204 1665 1265; x_wconf 89' lang='lat' dir='ltr'><strong>animo</strong></span> <span class='ocrx_word' id='word_1_112' title='bbox 1679 1246 1699 1283; x_wconf 95' lang='lat'><strong>,</strong></span> <span class='ocrx_word' id='word_1_113' title='bbox 1735 1206 1833 1265; x_wconf 84' lang='lat' dir='ltr'><strong>vel</strong></span> <span class='ocrx_word' id='word_1_114' title='bbox 1870 1205 1931 1266; x_wconf 91' lang='lat' dir='ltr'><strong>in</strong></span> <span class='ocrx_word' id='word_1_115' title='bbox 1973 1222 2154 1267; x_wconf 86' lang='lat' dir='ltr'><strong>causa</strong></span> <span class='ocrx_word' id='word_1_116' title='bbox 2185 1205 2487 1299; x_wconf 79' lang='lat' dir='ltr'><strong>religionis</strong></span> <span class='ocrx_word' id='word_1_117' title='bbox 2500 1251 2519 1286; x_wconf 93' lang='lat'><strong>,</strong></span> <span class='ocrx_word' id='word_1_118' title='bbox 2557 1226 2681 1269; x_wconf 87' lang='lat' dir='ltr'><strong>non</strong></span> <span class='ocrx_word' id='word_1_119' title='bbox 2723 1210 2980 1269; x_wconf 82' lang='lat' dir='ltr'><strong>feramus</strong></span> <span class='ocrx_word' id='word_1_120' title='bbox 3017 1210 3206 1299; x_wconf 77' lang='lat' dir='ltr'><strong>aeque</strong></span> <span class='ocrx_word' id='word_1_121' title='bbox 3224 1226 3298 1268; x_wconf 88' lang='lat' dir='ltr'><strong>ac</strong></span> 
     </span>
     <span class='ocr_line' id='line_1_11' title="bbox 362 1282 3304 1364; baseline 0.001 -20"><span class='ocrx_word' id='word_1_122' title='bbox 362 1282 609 1344; x_wconf 81' lang='lat' dir='ltr'><strong>ferimus</strong></span> <span class='ocrx_word' id='word_1_123' title='bbox 646 1302 751 1345; x_wconf 90' lang='lat' dir='ltr'><strong>eos</strong></span> <span class='ocrx_word' id='word_1_124' title='bbox 789 1300 945 1362; x_wconf 85' lang='lat' dir='ltr'><strong>quos</strong></span> <span class='ocrx_word' id='word_1_125' title='bbox 985 1282 1104 1358; x_wconf 82' lang='lat' dir='ltr'><strong>ira,</strong></span> <span class='ocrx_word' id='word_1_126' title='bbox 1146 1284 1385 1364; x_wconf 89' lang='lat' dir='ltr'><strong>odium,</strong></span> <span class='ocrx_word' id='word_1_127' title='bbox 1436 1288 1493 1346; x_wconf 76' lang='grc' dir='ltr'><strong>δι</strong></span> <span class='ocrx_word' id='word_1_128' title='bbox 1554 1284 1767 1346; x_wconf 83' lang='lat' dir='ltr'><strong>similia</strong></span> <span class='ocrx_word' id='word_1_129' title='bbox 1812 1284 1889 1347; x_wconf 88' lang='lat' dir='ltr'><strong>de</strong></span> <span class='ocrx_word' id='word_1_130' title='bbox 1928 1296 2084 1347; x_wconf 84' lang='lat' dir='ltr'><strong>statu</strong></span> <span class='ocrx_word' id='word_1_131' title='bbox 2123 1296 2340 1347; x_wconf 90' lang='lat' dir='ltr'><strong>mentis</strong></span> <span class='ocrx_word' id='word_1_132' title='bbox 2379 1286 2796 1351; x_wconf 81' lang='lat' dir='ltr'><strong>demouerint?</strong></span> <span class='ocrx_word' id='word_1_133' title='bbox 2855 1290 3029 1349; x_wconf 89' lang='lat' dir='ltr'><strong>Haec</strong></span> <span class='ocrx_word' id='word_1_134' title='bbox 3067 1306 3118 1349; x_wconf 86' lang='lat' dir='ltr'><strong>si</strong></span> <span class='ocrx_word' id='word_1_135' title='bbox 3151 1286 3304 1348; x_wconf 86' lang='lat' dir='ltr'><strong>inter</strong></span> 
     </span>
     <span class='ocr_line' id='line_1_12' title="bbox 360 1364 3302 1447; baseline 0.002 -24"><span class='ocrx_word' id='word_1_136' title='bbox 360 1365 571 1425; x_wconf 81' lang='lat' dir='ltr'><strong>fratres</strong></span> <span class='ocrx_word' id='word_1_137' title='bbox 610 1374 963 1442; x_wconf 86' lang='lat' dir='ltr'><strong>nascantur,</strong></span> <span class='ocrx_word' id='word_1_138' title='bbox 1018 1364 1401 1427; x_wconf 77' lang='lat' dir='ltr'><strong>nihilominus</strong></span> <span class='ocrx_word' id='word_1_139' title='bbox 1440 1366 1649 1425; x_wconf 85' lang='lat' dir='ltr'><strong>fratres</strong></span> <span class='ocrx_word' id='word_1_140' title='bbox 1687 1374 1851 1443; x_wconf 87' lang='lat' dir='ltr'><strong>sunt,</strong></span> <span class='ocrx_word' id='word_1_141' title='bbox 1890 1384 2005 1427; x_wconf 87' lang='lat' dir='ltr'><strong>nec</strong></span> <span class='ocrx_word' id='word_1_142' title='bbox 2045 1385 2176 1427; x_wconf 88' lang='lat' dir='ltr'><strong>esse</strong></span> <span class='ocrx_word' id='word_1_143' title='bbox 2215 1366 2515 1429; x_wconf 88' lang='lat' dir='ltr'><strong>desinunt.</strong></span> <span class='ocrx_word' id='word_1_144' title='bbox 2575 1368 2784 1446; x_wconf 74' lang='lat' dir='ltr'><strong>Inique</strong></span> <span class='ocrx_word' id='word_1_145' title='bbox 2817 1386 2962 1447; x_wconf 87' lang='lat' dir='ltr'><strong>ergo</strong></span> <span class='ocrx_word' id='word_1_146' title='bbox 2999 1369 3218 1445; x_wconf 84' lang='lat' dir='ltr'><strong>fecero,</strong></span> <span class='ocrx_word' id='word_1_147' title='bbox 3252 1365 3302 1428; x_wconf 89' lang='lat' dir='ltr'><strong>si</strong></span> 
     </span>
     <span class='ocr_line' id='line_1_13' title="bbox 364 1445 3296 1535; baseline 0.001 -30"><span class='ocrx_word' id='word_1_148' title='bbox 364 1447 681 1535; x_wconf 73' lang='lat' dir='ltr'><strong>propterea</strong></span> <span class='ocrx_word' id='word_1_149' title='bbox 722 1445 891 1523; x_wconf 82' lang='lat' dir='ltr'><strong>quod</strong></span> <span class='ocrx_word' id='word_1_150' title='bbox 930 1446 1170 1505; x_wconf 85' lang='lat' dir='ltr'><strong>fratrem</strong></span> <span class='ocrx_word' id='word_1_151' title='bbox 1211 1456 1270 1507; x_wconf 91' lang='lat' dir='ltr'><strong>te</strong></span> <span class='ocrx_word' id='word_1_152' title='bbox 1310 1463 1439 1506; x_wconf 87' lang='lat' dir='ltr'><strong>esse</strong></span> <span class='ocrx_word' id='word_1_153' title='bbox 1477 1463 1691 1523; x_wconf 84' lang='lat' dir='ltr'><strong>negas,</strong></span> <span class='ocrx_word' id='word_1_154' title='bbox 1730 1455 1834 1505; x_wconf 88' lang='lat' dir='ltr'><strong>aut</strong></span> <span class='ocrx_word' id='word_1_155' title='bbox 1872 1464 2054 1525; x_wconf 87' lang='lat' dir='ltr'><strong>negas</strong></span> <span class='ocrx_word' id='word_1_156' title='bbox 2093 1446 2360 1508; x_wconf 84' lang='lat' dir='ltr'><strong>officium</strong></span> <span class='ocrx_word' id='word_1_157' title='bbox 2403 1448 2619 1522; x_wconf 79' lang='lat' dir='ltr'><strong>fratris,</strong></span> <span class='ocrx_word' id='word_1_158' title='bbox 2671 1466 2788 1527; x_wconf 86' lang='lat' dir='ltr'><strong>ego</strong></span> <span class='ocrx_word' id='word_1_159' title='bbox 2827 1447 2891 1509; x_wconf 91' lang='lat' dir='ltr'><strong>in</strong></span> <span class='ocrx_word' id='word_1_160' title='bbox 2909 1446 3070 1509; x_wconf 89' lang='lat' dir='ltr'><strong>idem</strong></span> <span class='ocrx_word' id='word_1_161' title='bbox 3089 1446 3296 1508; x_wconf 83' lang='lat' dir='ltr'><strong>vitium</strong></span> 
     </span>
     <span class='ocr_line' id='line_1_14' title="bbox 360 1523 3302 1607; baseline 0.001 -24"><span class='ocrx_word' id='word_1_162' title='bbox 360 1523 661 1602; x_wconf 77' lang='lat' dir='ltr'><strong>incidero,</strong></span> <span class='ocrx_word' id='word_1_163' title='bbox 702 1525 849 1586; x_wconf 90' lang='lat' dir='ltr'><strong>nolo</strong></span> <span class='ocrx_word' id='word_1_164' title='bbox 888 1526 1204 1587; x_wconf 86' lang='lat' dir='ltr'><strong>malefacto</strong></span> <span class='ocrx_word' id='word_1_165' title='bbox 1246 1543 1385 1586; x_wconf 90' lang='lat' dir='ltr'><strong>meo</strong></span> <span class='ocrx_word' id='word_1_166' title='bbox 1426 1527 1801 1587; x_wconf 83' lang='lat' dir='ltr'><strong>accumulare</strong></span> <span class='ocrx_word' id='word_1_167' title='bbox 1842 1524 2234 1605; x_wconf 83' lang='lat' dir='ltr'><strong>insipientiam</strong></span> <span class='ocrx_word' id='word_1_168' title='bbox 2275 1536 2468 1589; x_wconf 88' lang='lat' dir='ltr'><strong>tuam:</strong></span> <span class='ocrx_word' id='word_1_169' title='bbox 2511 1528 2619 1589; x_wconf 87' lang='lat' dir='ltr'><strong>sed</strong></span> <span class='ocrx_word' id='word_1_170' title='bbox 2657 1526 2980 1607; x_wconf 83' lang='lat' dir='ltr'><strong>sapientiae</strong></span> <span class='ocrx_word' id='word_1_171' title='bbox 3018 1526 3302 1605; x_wconf 86' lang='lat' dir='ltr'><strong>quicquid</strong></span> 
     </span>
     <span class='ocr_line' id='line_1_15' title="bbox 360 1602 3301 1686; baseline 0.001 -21"><span class='ocrx_word' id='word_1_172' title='bbox 360 1602 571 1683; x_wconf 89' lang='lat' dir='ltr'><strong>accepi</strong></span> <span class='ocrx_word' id='word_1_173' title='bbox 612 1607 651 1665; x_wconf 75' lang='lat' dir='ltr'><strong>a</strong></span> <span class='ocrx_word' id='word_1_174' title='bbox 690 1604 989 1683; x_wconf 86' lang='lat' dir='ltr'><strong>Domino,</strong></span> <span class='ocrx_word' id='word_1_175' title='bbox 1030 1604 1092 1666; x_wconf 91' lang='lat' dir='ltr'><strong>id</strong></span> <span class='ocrx_word' id='word_1_176' title='bbox 1131 1604 1425 1685; x_wconf 89' lang='lat' dir='ltr'><strong>integrum</strong></span> <span class='ocrx_word' id='word_1_177' title='bbox 1466 1622 1849 1681; x_wconf 87' lang='lat' dir='ltr'><strong>conseruare,</strong></span> <span class='ocrx_word' id='word_1_178' title='bbox 1888 1607 1945 1666; x_wconf 75' lang='grc' dir='ltr'><strong>δι</strong></span> <span class='ocrx_word' id='word_1_179' title='bbox 1986 1624 2061 1667; x_wconf 86' lang='lat' dir='ltr'><strong>ex</strong></span> <span class='ocrx_word' id='word_1_180' title='bbox 2100 1607 2304 1669; x_wconf 85' lang='lat' dir='ltr'><strong>officio</strong></span> <span class='ocrx_word' id='word_1_181' title='bbox 2337 1607 2764 1670; x_wconf 89' lang='lat' dir='ltr'><strong>restitutionem</strong></span> <span class='ocrx_word' id='word_1_182' title='bbox 2785 1618 2949 1669; x_wconf 89' lang='lat' dir='ltr'><strong>tuam</strong></span> <span class='ocrx_word' id='word_1_183' title='bbox 2964 1623 3301 1686; x_wconf 88' lang='lat' dir='ltr'><strong>procurare,</strong></span> 
     </span>
     <span class='ocr_line' id='line_1_16' title="bbox 368 1684 2934 1765; baseline 0.002 -20"><span class='ocrx_word' id='word_1_184' title='bbox 368 1693 473 1745; x_wconf 89' lang='lat' dir='ltr'><strong>aut</strong></span> <span class='ocrx_word' id='word_1_185' title='bbox 512 1688 705 1765; x_wconf 77' lang='lat' dir='ltr'><strong>certe,</strong></span> <span class='ocrx_word' id='word_1_186' title='bbox 744 1685 796 1746; x_wconf 89' lang='lat' dir='ltr'><strong>si</strong></span> <span class='ocrx_word' id='word_1_187' title='bbox 832 1684 979 1746; x_wconf 84' lang='lat' dir='ltr'><strong>nihil</strong></span> <span class='ocrx_word' id='word_1_188' title='bbox 1019 1684 1183 1747; x_wconf 88' lang='lat' dir='ltr'><strong>aliud</strong></span> <span class='ocrx_word' id='word_1_189' title='bbox 1196 1730 1215 1765; x_wconf 88' lang='lat'><strong>,</strong></span> <span class='ocrx_word' id='word_1_190' title='bbox 1256 1704 1461 1747; x_wconf 85' lang='lat' dir='ltr'><strong>coram</strong></span> <span class='ocrx_word' id='word_1_191' title='bbox 1502 1686 1637 1747; x_wconf 89' lang='lat' dir='ltr'><strong>Deo</strong></span> <span class='ocrx_word' id='word_1_192' title='bbox 1678 1685 2138 1764; x_wconf 75' lang='lat' dir='ltr'><strong>hominibusque</strong></span> <span class='ocrx_word' id='word_1_193' title='bbox 2174 1687 2375 1749; x_wconf 87' lang='lat' dir='ltr'><strong>testari</strong></span> <span class='ocrx_word' id='word_1_194' title='bbox 2413 1688 2675 1750; x_wconf 87' lang='lat' dir='ltr'><strong>officium</strong></span> <span class='ocrx_word' id='word_1_195' title='bbox 2715 1705 2934 1750; x_wconf 89' lang='lat' dir='ltr'><strong>meum.</strong></span> 
     </span>
    </p>

    <p class='ocr_par' dir='ltr' id='par_1_3' title="bbox 362 1764 3310 2952">
     <span class='ocr_line' id='line_1_17' title="bbox 446 1764 3302 1844; baseline 0.001 -18"><span class='ocrx_word' id='word_1_196' title='bbox 446 1766 559 1826; x_wconf 89' lang='lat' dir='ltr'><strong>Est</strong></span> <span class='ocrx_word' id='word_1_197' title='bbox 610 1776 810 1827; x_wconf 84' lang='lat' dir='ltr'><strong>autem</strong></span> <span class='ocrx_word' id='word_1_198' title='bbox 864 1764 1131 1827; x_wconf 85' lang='lat' dir='ltr'><strong>officium</strong></span> <span class='ocrx_word' id='word_1_199' title='bbox 1184 1766 1305 1826; x_wconf 89' lang='lat' dir='ltr'><strong>hoc</strong></span> <span class='ocrx_word' id='word_1_200' title='bbox 1354 1766 1433 1827; x_wconf 87' lang='lat' dir='ltr'><strong>ad</strong></span> <span class='ocrx_word' id='word_1_201' title='bbox 1477 1766 1643 1843; x_wconf 85' lang='lat' dir='ltr'><strong>quod</strong></span> <span class='ocrx_word' id='word_1_202' title='bbox 1684 1767 2105 1844; x_wconf 85' lang='lat' dir='ltr'><strong>praestandum</strong></span> <span class='ocrx_word' id='word_1_203' title='bbox 2145 1766 2414 1829; x_wconf 85' lang='lat' dir='ltr'><strong>obstricti</strong></span> <span class='ocrx_word' id='word_1_204' title='bbox 2453 1784 2656 1829; x_wconf 88' lang='lat' dir='ltr'><strong>sumus</strong></span> <span class='ocrx_word' id='word_1_205' title='bbox 2671 1814 2688 1844; x_wconf 89' lang='lat'><strong>,</strong></span> <span class='ocrx_word' id='word_1_206' title='bbox 2727 1786 2850 1830; x_wconf 90' lang='lat' dir='ltr'><strong>non</strong></span> <span class='ocrx_word' id='word_1_207' title='bbox 2890 1768 3084 1829; x_wconf 76' lang='lat' dir='ltr'><strong>solum</strong></span> <span class='ocrx_word' id='word_1_208' title='bbox 3125 1766 3184 1827; x_wconf 89' lang='lat' dir='ltr'><strong>in</strong></span> <span class='ocrx_word' id='word_1_209' title='bbox 3223 1785 3302 1829; x_wconf 90' lang='lat' dir='ltr'><strong>eo</strong></span> 
     </span>
     <span class='ocr_line' id='line_1_18' title="bbox 364 1844 3304 1927; baseline 0.001 -22"><span class='ocrx_word' id='word_1_210' title='bbox 364 1844 629 1923; x_wconf 89' lang='lat' dir='ltr'><strong>positum</strong></span> <span class='ocrx_word' id='word_1_211' title='bbox 643 1889 662 1924; x_wconf 92' lang='lat'><strong>,</strong></span> <span class='ocrx_word' id='word_1_212' title='bbox 704 1845 928 1923; x_wconf 80' lang='lat' dir='ltr'><strong>nequid</strong></span> <span class='ocrx_word' id='word_1_213' title='bbox 969 1844 1251 1907; x_wconf 80' lang='lat' dir='ltr'><strong>faciamus</strong></span> <span class='ocrx_word' id='word_1_214' title='bbox 1292 1845 1465 1925; x_wconf 81' lang='lat' dir='ltr'><strong>mali3</strong></span> <span class='ocrx_word' id='word_1_215' title='bbox 1508 1844 1893 1908; x_wconf 85' lang='lat' dir='ltr'><strong>verumetiam</strong></span> <span class='ocrx_word' id='word_1_216' title='bbox 1934 1846 1998 1908; x_wconf 87' lang='lat' dir='ltr'><strong>in</strong></span> <span class='ocrx_word' id='word_1_217' title='bbox 2037 1864 2116 1908; x_wconf 92' lang='lat' dir='ltr'><strong>eo</strong></span> <span class='ocrx_word' id='word_1_218' title='bbox 2153 1847 2410 1909; x_wconf 74' lang='lat' dir='ltr'><strong>maxime</strong></span> <span class='ocrx_word' id='word_1_219' title='bbox 2424 1893 2443 1925; x_wconf 96' lang='lat'><strong>,</strong></span> <span class='ocrx_word' id='word_1_220' title='bbox 2495 1858 2560 1909; x_wconf 86' lang='lat' dir='ltr'><strong>vt</strong></span> <span class='ocrx_word' id='word_1_221' title='bbox 2595 1848 3070 1927; x_wconf 89' lang='lat' dir='ltr'><strong>quibuscumque</strong></span> <span class='ocrx_word' id='word_1_222' title='bbox 3108 1846 3304 1909; x_wconf 91' lang='lat' dir='ltr'><strong>modis</strong></span> 
     </span>
     <span class='ocr_line' id='line_1_19' title="bbox 366 1924 3302 2017; baseline 0 -30"><span class='ocrx_word' id='word_1_223' title='bbox 366 1942 686 2017; x_wconf 86' lang='lat' dir='ltr'><strong>possumus</strong></span> <span class='ocrx_word' id='word_1_224' title='bbox 700 1971 717 2004; x_wconf 91' lang='lat'><strong>,</strong></span> <span class='ocrx_word' id='word_1_225' title='bbox 762 1926 861 2003; x_wconf 87' lang='lat' dir='ltr'><strong>alij</strong></span> <span class='ocrx_word' id='word_1_226' title='bbox 904 1924 1035 1987; x_wconf 87' lang='lat' dir='ltr'><strong>aliis</strong></span> <span class='ocrx_word' id='word_1_227' title='bbox 1072 1926 1513 1988; x_wconf 84' lang='lat' dir='ltr'><strong>benefaciamus</strong></span> <span class='ocrx_word' id='word_1_228' title='bbox 1550 1926 1612 1987; x_wconf 89' lang='lat' dir='ltr'><strong>in</strong></span> <span class='ocrx_word' id='word_1_229' title='bbox 1651 1926 1952 1989; x_wconf 89' lang='lat' dir='ltr'><strong>Domino:</strong></span> <span class='ocrx_word' id='word_1_230' title='bbox 1995 1928 2163 2005; x_wconf 90' lang='lat' dir='ltr'><strong>quod</strong></span> <span class='ocrx_word' id='word_1_231' title='bbox 2203 1928 2467 1989; x_wconf 85' lang='lat' dir='ltr'><strong>officium</strong></span> <span class='ocrx_word' id='word_1_232' title='bbox 2507 1928 2570 1989; x_wconf 88' lang='lat' dir='ltr'><strong>in</strong></span> <span class='ocrx_word' id='word_1_233' title='bbox 2609 1929 2888 2007; x_wconf 83' lang='lat' dir='ltr'><strong>symbolo</strong></span> <span class='ocrx_word' id='word_1_234' title='bbox 2907 1927 3046 1989; x_wconf 88' lang='lat' dir='ltr'><strong>fidei</strong></span> <span class='ocrx_word' id='word_1_235' title='bbox 3063 1938 3302 1989; x_wconf 88' lang='lat' dir='ltr'><strong>nostrae</strong></span> 
     </span>
     <span class='ocr_line' id='line_1_20' title="bbox 368 2003 3305 2088; baseline 0.001 -21"><span class='ocrx_word' id='word_1_236' title='bbox 368 2003 669 2067; x_wconf 72' lang='lat' dir='ltr'><strong>innuimus</strong></span> <span class='ocrx_word' id='word_1_237' title='bbox 682 2052 701 2085; x_wconf 87' lang='lat'><strong>,</strong></span> <span class='ocrx_word' id='word_1_238' title='bbox 753 2004 1023 2067; x_wconf 88' lang='lat' dir='ltr'><strong>dicentes</strong></span> <span class='ocrx_word' id='word_1_239' title='bbox 1076 2024 1193 2069; x_wconf 90' lang='lat' dir='ltr'><strong>nos</strong></span> <span class='ocrx_word' id='word_1_240' title='bbox 1240 2006 1485 2069; x_wconf 87' lang='lat' dir='ltr'><strong>credere</strong></span> <span class='ocrx_word' id='word_1_241' title='bbox 1534 2006 2024 2068; x_wconf 84' lang='lat' dir='ltr'><strong>communionem</strong></span> <span class='ocrx_word' id='word_1_242' title='bbox 2067 2017 2425 2069; x_wconf 88' lang='lat' dir='ltr'><strong>sanctorum.</strong></span> <span class='ocrx_word' id='word_1_243' title='bbox 2487 2010 2632 2069; x_wconf 86' lang='lat' dir='ltr'><strong>Hoc</strong></span> <span class='ocrx_word' id='word_1_244' title='bbox 2671 2011 2710 2069; x_wconf 76' lang='lat' dir='ltr'><strong>a</strong></span> <span class='ocrx_word' id='word_1_245' title='bbox 2747 2010 3044 2088; x_wconf 86' lang='lat' dir='ltr'><strong>Propheta</strong></span> <span class='ocrx_word' id='word_1_246' title='bbox 3081 2010 3305 2087; x_wconf 87' lang='lat' dir='ltr'><strong>(quem-</strong></span> 
     </span>
     <span class='ocr_line' id='line_1_21' title="bbox 367 2084 3310 2167; baseline 0.001 -20"><span class='ocrx_word' id='word_1_247' title='bbox 367 2086 699 2148; x_wconf 85' lang='lat' dir='ltr'><strong>admodum</strong></span> <span class='ocrx_word' id='word_1_248' title='bbox 738 2089 877 2148; x_wconf 76' lang='lat' dir='ltr'><strong>ante</strong></span> <span class='ocrx_word' id='word_1_249' title='bbox 916 2084 1385 2166; x_wconf 80' lang='lat' dir='ltr'><strong>perstrinximus)</strong></span> <span class='ocrx_word' id='word_1_250' title='bbox 1424 2086 1730 2148; x_wconf 78' lang='lat' dir='ltr'><strong>locutione</strong></span> <span class='ocrx_word' id='word_1_251' title='bbox 1770 2088 2094 2149; x_wconf 87' lang='lat' dir='ltr'><strong>commoda</strong></span> <span class='ocrx_word' id='word_1_252' title='bbox 2133 2088 2502 2167; x_wconf 82' lang='lat' dir='ltr'><strong>designatur,</strong></span> <span class='ocrx_word' id='word_1_253' title='bbox 2566 2090 2732 2167; x_wconf 78' lang='lat' dir='ltr'><strong>quod</strong></span> <span class='ocrx_word' id='word_1_254' title='bbox 2760 2088 3009 2165; x_wconf 71' lang='lat' dir='ltr'><strong>fratres</strong></span> <span class='ocrx_word' id='word_1_255' title='bbox 3047 2090 3310 2149; x_wconf 79' lang='lat' dir='ltr'><strong>habitent</strong></span> 
     </span>
     <span class='ocr_line' id='line_1_22' title="bbox 367 2166 3302 2247; baseline 0.001 -21"><span class='ocrx_word' id='word_1_256' title='bbox 367 2169 539 2227; x_wconf 72' lang='lat' dir='ltr'><strong>eticm</strong></span> <span class='ocrx_word' id='word_1_257' title='bbox 592 2170 745 2229; x_wconf 64' lang='lat' dir='ltr'><strong>vna:</strong></span> <span class='ocrx_word' id='word_1_258' title='bbox 798 2177 902 2228; x_wconf 90' lang='lat' dir='ltr'><strong>aut</strong></span> <span class='ocrx_word' id='word_1_259' title='bbox 939 2166 1015 2243; x_wconf 89' lang='lat' dir='ltr'><strong>(si</strong></span> <span class='ocrx_word' id='word_1_260' title='bbox 1053 2166 1136 2228; x_wconf 88' lang='lat' dir='ltr'><strong>ita</strong></span> <span class='ocrx_word' id='word_1_261' title='bbox 1173 2168 1371 2245; x_wconf 88' lang='lat' dir='ltr'><strong>placet</strong></span> <span class='ocrx_word' id='word_1_262' title='bbox 1408 2172 1661 2239; x_wconf 80' lang='lat' dir='ltr'><strong>vertere)</strong></span> <span class='ocrx_word' id='word_1_263' title='bbox 1700 2170 2052 2229; x_wconf 77' lang='lat' dir='ltr'><strong>consideant.</strong></span> <span class='ocrx_word' id='word_1_264' title='bbox 2088 2168 2286 2229; x_wconf 88' lang='lat' dir='ltr'><strong>Huius</strong></span> <span class='ocrx_word' id='word_1_265' title='bbox 2325 2177 2523 2230; x_wconf 88' lang='lat' dir='ltr'><strong>autem</strong></span> <span class='ocrx_word' id='word_1_266' title='bbox 2561 2166 3028 2247; x_wconf 85' lang='lat' dir='ltr'><strong>communionis,</strong></span> <span class='ocrx_word' id='word_1_267' title='bbox 3067 2168 3146 2230; x_wconf 90' lang='lat' dir='ltr'><strong>de</strong></span> <span class='ocrx_word' id='word_1_268' title='bbox 3184 2185 3302 2247; x_wconf 92' lang='lat' dir='ltr'><strong>qua</strong></span> 
     </span>
     <span class='ocr_line' id='line_1_23' title="bbox 370 2244 3301 2339; baseline 0 -31"><span class='ocrx_word' id='word_1_269' title='bbox 370 2246 669 2339; x_wconf 85' lang='lat' dir='ltr'><strong>Propheta</strong></span> <span class='ocrx_word' id='word_1_270' title='bbox 720 2246 841 2309; x_wconf 90' lang='lat' dir='ltr'><strong>hoc</strong></span> <span class='ocrx_word' id='word_1_271' title='bbox 888 2247 1031 2308; x_wconf 91' lang='lat' dir='ltr'><strong>loco</strong></span> <span class='ocrx_word' id='word_1_272' title='bbox 1073 2244 1321 2308; x_wconf 86' lang='lat' dir='ltr'><strong>instituit</strong></span> <span class='ocrx_word' id='word_1_273' title='bbox 1360 2264 1567 2327; x_wconf 87' lang='lat' dir='ltr'><strong>agere,</strong></span> <span class='ocrx_word' id='word_1_274' title='bbox 1626 2246 1779 2308; x_wconf 86' lang='lat' dir='ltr'><strong>ratio</strong></span> <span class='ocrx_word' id='word_1_275' title='bbox 1818 2247 2306 2310; x_wconf 75' lang='lat' dir='ltr'><strong>commodissime</strong></span> <span class='ocrx_word' id='word_1_276' title='bbox 2345 2252 2411 2325; x_wconf 84' lang='lat' dir='ltr'><strong>(f.</strong></span> <span class='ocrx_word' id='word_1_277' title='bbox 2455 2252 2594 2327; x_wconf 87' lang='lat'><strong>747)</strong></span> <span class='ocrx_word' id='word_1_278' title='bbox 2635 2261 2890 2328; x_wconf 90' lang='lat' dir='ltr'><strong>quatuor</strong></span> <span class='ocrx_word' id='word_1_279' title='bbox 2926 2247 3178 2310; x_wconf 83' lang='lat' dir='ltr'><strong>vocibus</strong></span> <span class='ocrx_word' id='word_1_280' title='bbox 3205 2268 3301 2311; x_wconf 83' lang='lat' dir='ltr'><strong>ex-</strong></span> 
     </span>
     <span class='ocr_line' id='line_1_24' title="bbox 362 2326 3300 2409; baseline 0.001 -22"><span class='ocrx_word' id='word_1_281' title='bbox 362 2336 639 2405; x_wconf 80' lang='lat' dir='ltr'><strong>ponitur:</strong></span> <span class='ocrx_word' id='word_1_282' title='bbox 682 2337 863 2405; x_wconf 88' lang='lat' dir='ltr'><strong>prout</strong></span> <span class='ocrx_word' id='word_1_283' title='bbox 902 2336 1157 2405; x_wconf 88' lang='lat' dir='ltr'><strong>quatuor</strong></span> <span class='ocrx_word' id='word_1_284' title='bbox 1199 2335 1337 2389; x_wconf 83' lang='lat' dir='ltr'><strong>sunt</strong></span> <span class='ocrx_word' id='word_1_285' title='bbox 1374 2326 1571 2406; x_wconf 85' lang='lat' dir='ltr'><strong>capita</strong></span> <span class='ocrx_word' id='word_1_286' title='bbox 1608 2327 1687 2388; x_wconf 90' lang='lat' dir='ltr'><strong>ad</strong></span> <span class='ocrx_word' id='word_1_287' title='bbox 1720 2326 1933 2388; x_wconf 88' lang='lat' dir='ltr'><strong>iustam</strong></span> <span class='ocrx_word' id='word_1_288' title='bbox 1965 2328 2406 2391; x_wconf 87' lang='lat' dir='ltr'><strong>communionis</strong></span> <span class='ocrx_word' id='word_1_289' title='bbox 2437 2328 2611 2391; x_wconf 87' lang='lat' dir='ltr'><strong>huius</strong></span> <span class='ocrx_word' id='word_1_290' title='bbox 2639 2328 3084 2409; x_wconf 83' lang='lat' dir='ltr'><strong>intelligentiam</strong></span> <span class='ocrx_word' id='word_1_291' title='bbox 3101 2348 3300 2390; x_wconf 88' lang='lat' dir='ltr'><strong>neces·</strong></span> 
     </span>
     <span class='ocr_line' id='line_1_25' title="bbox 366 2406 3302 2490; baseline 0 -20"><span class='ocrx_word' id='word_1_292' title='bbox 366 2406 535 2470; x_wconf 88' lang='lat' dir='ltr'><strong>saria.</strong></span> <span class='ocrx_word' id='word_1_293' title='bbox 619 2426 761 2470; x_wconf 90' lang='lat' dir='ltr'><strong>nam</strong></span> <span class='ocrx_word' id='word_1_294' title='bbox 826 2407 1083 2487; x_wconf 76' lang='lat' dir='ltr'><strong>primum</strong></span> <span class='ocrx_word' id='word_1_295' title='bbox 1124 2406 1473 2470; x_wconf 88' lang='lat' dir='ltr'><strong>communio</strong></span> <span class='ocrx_word' id='word_1_296' title='bbox 1513 2407 1655 2470; x_wconf 89' lang='lat' dir='ltr'><strong>iuris</strong></span> <span class='ocrx_word' id='word_1_297' title='bbox 1693 2417 1783 2470; x_wconf 88' lang='lat' dir='ltr'><strong>est</strong></span> <span class='ocrx_word' id='word_1_298' title='bbox 1823 2424 1943 2486; x_wconf 90' lang='lat' dir='ltr'><strong>qua</strong></span> <span class='ocrx_word' id='word_1_299' title='bbox 1967 2407 2215 2487; x_wconf 75' lang='lat' dir='ltr'><strong>fratres</strong></span> <span class='ocrx_word' id='word_1_300' title='bbox 2247 2426 2469 2490; x_wconf 88' lang='lat' dir='ltr'><strong>sumus,</strong></span> <span class='ocrx_word' id='word_1_301' title='bbox 2508 2410 2698 2472; x_wconf 87' lang='lat' dir='ltr'><strong>Patris</strong></span> <span class='ocrx_word' id='word_1_302' title='bbox 2735 2408 3000 2472; x_wconf 88' lang='lat' dir='ltr'><strong>eiusdem</strong></span> <span class='ocrx_word' id='word_1_303' title='bbox 3042 2407 3143 2487; x_wconf 88' lang='lat' dir='ltr'><strong>filij</strong></span> <span class='ocrx_word' id='word_1_304' title='bbox 3175 2418 3302 2470; x_wconf 87' lang='lat' dir='ltr'><strong>tum</strong></span> 
     </span>
     <span class='ocr_line' id='line_1_26' title="bbox 372 2487 3304 2570; baseline 0 -20"><span class='ocrx_word' id='word_1_305' title='bbox 372 2487 719 2550; x_wconf 89' lang='lat' dir='ltr'><strong>communio</strong></span> <span class='ocrx_word' id='word_1_306' title='bbox 756 2488 1062 2550; x_wconf 85' lang='lat' dir='ltr'><strong>actionum</strong></span> <span class='ocrx_word' id='word_1_307' title='bbox 1104 2497 1285 2567; x_wconf 88' lang='lat' dir='ltr'><strong>atque</strong></span> <span class='ocrx_word' id='word_1_308' title='bbox 1324 2490 1625 2551; x_wconf 89' lang='lat' dir='ltr'><strong>bonorum</strong></span> <span class='ocrx_word' id='word_1_309' title='bbox 1667 2499 1785 2564; x_wconf 87' lang='lat' dir='ltr'><strong>est,</strong></span> <span class='ocrx_word' id='word_1_310' title='bbox 1838 2505 1959 2566; x_wconf 86' lang='lat' dir='ltr'><strong>qua</strong></span> <span class='ocrx_word' id='word_1_311' title='bbox 1995 2491 2266 2550; x_wconf 80' lang='lat' dir='ltr'><strong>habitare</strong></span> <span class='ocrx_word' id='word_1_312' title='bbox 2301 2489 2576 2552; x_wconf 87' lang='lat' dir='ltr'><strong>dicimur.</strong></span> <span class='ocrx_word' id='word_1_313' title='bbox 2616 2493 2920 2570; x_wconf 75' lang='lat' dir='ltr'><strong>praeterea</strong></span> <span class='ocrx_word' id='word_1_314' title='bbox 2957 2489 3304 2552; x_wconf 84' lang='lat' dir='ltr'><strong>communio</strong></span> 
     </span>
     <span class='ocr_line' id='line_1_27' title="bbox 364 2565 3304 2650; baseline 0 -20"><span class='ocrx_word' id='word_1_315' title='bbox 364 2567 637 2648; x_wconf 73' lang='lat' dir='ltr'><strong>principii</strong></span> <span class='ocrx_word' id='word_1_316' title='bbox 681 2571 739 2630; x_wconf 77' lang='grc' dir='ltr'><strong>δι</strong></span> <span class='ocrx_word' id='word_1_317' title='bbox 878 2569 899 2630; x_wconf 87' lang='lat' dir='ltr'><strong>i</strong></span> <span class='ocrx_word' id='word_1_318' title='bbox 934 2567 1123 2629; x_wconf 89' lang='lat' dir='ltr'><strong>diuini</strong></span> <span class='ocrx_word' id='word_1_319' title='bbox 1162 2578 1253 2632; x_wconf 90' lang='lat' dir='ltr'><strong>est</strong></span> <span class='ocrx_word' id='word_1_320' title='bbox 1272 2615 1288 2643; x_wconf 90' lang='lat'>‚</span> <span class='ocrx_word' id='word_1_321' title='bbox 1344 2585 1467 2646; x_wconf 90' lang='lat' dir='ltr'><strong>qua</strong></span> <span class='ocrx_word' id='word_1_322' title='bbox 1506 2571 1678 2631; x_wconf 81' lang='lat' dir='ltr'><strong>etiam</strong></span> <span class='ocrx_word' id='word_1_323' title='bbox 1718 2565 1974 2630; x_wconf 89' lang='lat' dir='ltr'><strong>dicimur</strong></span> <span class='ocrx_word' id='word_1_324' title='bbox 2014 2568 2284 2632; x_wconf 84' lang='lat' dir='ltr'><strong>habitare</strong></span> <span class='ocrx_word' id='word_1_325' title='bbox 2321 2570 2418 2647; x_wconf 86' lang='lat' dir='ltr'><strong>alij</strong></span> <span class='ocrx_word' id='word_1_326' title='bbox 2462 2587 2602 2631; x_wconf 87' lang='lat' dir='ltr'><strong>cuin</strong></span> <span class='ocrx_word' id='word_1_327' title='bbox 2643 2570 2800 2646; x_wconf 73' lang='lat' dir='ltr'><strong>aliis,</strong></span> <span class='ocrx_word' id='word_1_328' title='bbox 2859 2583 3002 2650; x_wconf 86' lang='lat' dir='ltr'><strong>puta</strong></span> <span class='ocrx_word' id='word_1_329' title='bbox 3039 2581 3104 2631; x_wconf 88' lang='lat' dir='ltr'><strong>vt</strong></span> <span class='ocrx_word' id='word_1_330' title='bbox 3143 2589 3304 2631; x_wconf 87' lang='lat' dir='ltr'><strong>com·</strong></span> 
     </span>
     <span class='ocr_line' id='line_1_28' title="bbox 366 2647 3305 2728; baseline 0 -19"><span class='ocrx_word' id='word_1_331' title='bbox 366 2647 712 2711; x_wconf 88' lang='lat' dir='ltr'><strong>munionem</strong></span> <span class='ocrx_word' id='word_1_332' title='bbox 752 2649 833 2710; x_wconf 87' lang='lat' dir='ltr'><strong>ha</strong></span> <span class='ocrx_word' id='word_1_333' title='bbox 910 2663 1045 2710; x_wconf 87' lang='lat' dir='ltr'><strong>mus</strong></span> <span class='ocrx_word' id='word_1_334' title='bbox 1082 2663 1224 2710; x_wconf 87' lang='lat' dir='ltr'><strong>cum</strong></span> <span class='ocrx_word' id='word_1_335' title='bbox 1259 2647 1499 2710; x_wconf 88' lang='lat' dir='ltr'><strong>Christo</strong></span> <span class='ocrx_word' id='word_1_336' title='bbox 1541 2649 1621 2712; x_wconf 90' lang='lat' dir='ltr'><strong>de</strong></span> <span class='ocrx_word' id='word_1_337' title='bbox 1657 2666 1778 2727; x_wconf 86' lang='lat' dir='ltr'><strong>qua</strong></span> <span class='ocrx_word' id='word_1_338' title='bbox 1814 2649 1876 2710; x_wconf 90' lang='lat' dir='ltr'><strong>in</strong></span> <span class='ocrx_word' id='word_1_339' title='bbox 1921 2651 2162 2712; x_wconf 86' lang='lat' dir='ltr'><strong>Psalmo</strong></span> <span class='ocrx_word' id='word_1_340' title='bbox 2211 2669 2342 2728; x_wconf 82' lang='lat'><strong>¹32·</strong></span> <span class='ocrx_word' id='word_1_341' title='bbox 2385 2661 2586 2712; x_wconf 87' lang='lat' dir='ltr'><strong>actum</strong></span> <span class='ocrx_word' id='word_1_342' title='bbox 2621 2661 2729 2712; x_wconf 87' lang='lat' dir='ltr'><strong>est.</strong></span> <span class='ocrx_word' id='word_1_343' title='bbox 2761 2653 3072 2712; x_wconf 82' lang='lat' dir='ltr'><strong>Postremo</strong></span> <span class='ocrx_word' id='word_1_344' title='bbox 3093 2652 3305 2710; x_wconf 85' lang='lat' dir='ltr'><strong>harum</strong></span> 
     </span>
     <span class='ocr_line' id='line_1_29' title="bbox 367 2727 3305 2809; baseline 0.001 -20"><span class='ocrx_word' id='word_1_345' title='bbox 367 2745 564 2789; x_wconf 88' lang='lat' dir='ltr'><strong>rerum</strong></span> <span class='ocrx_word' id='word_1_346' title='bbox 604 2727 877 2791; x_wconf 86' lang='lat' dir='ltr'><strong>omnium</strong></span> <span class='ocrx_word' id='word_1_347' title='bbox 912 2729 1131 2790; x_wconf 88' lang='lat' dir='ltr'><strong>modus</strong></span> <span class='ocrx_word' id='word_1_348' title='bbox 1172 2728 1507 2791; x_wconf 89' lang='lat' dir='ltr'><strong>communis</strong></span> <span class='ocrx_word' id='word_1_349' title='bbox 1545 2741 1636 2791; x_wconf 84' lang='lat' dir='ltr'><strong>est</strong></span> <span class='ocrx_word' id='word_1_350' title='bbox 1670 2731 1827 2800; x_wconf 80' lang='lat' dir='ltr'><strong>vnio,</strong></span> <span class='ocrx_word' id='word_1_351' title='bbox 1865 2745 2047 2807; x_wconf 88' lang='lat' dir='ltr'><strong>quarn</strong></span> <span class='ocrx_word' id='word_1_352' title='bbox 2088 2731 2378 2793; x_wconf 87' lang='lat' dir='ltr'><strong>habemus</strong></span> <span class='ocrx_word' id='word_1_353' title='bbox 2418 2730 2644 2792; x_wconf 86' lang='lat' dir='ltr'><strong>vnitate</strong></span> <span class='ocrx_word' id='word_1_354' title='bbox 2689 2729 2926 2809; x_wconf 88' lang='lat' dir='ltr'><strong>spiritus</strong></span> <span class='ocrx_word' id='word_1_355' title='bbox 2963 2729 3024 2791; x_wconf 87' lang='lat' dir='ltr'><strong>in</strong></span> <span class='ocrx_word' id='word_1_356' title='bbox 3063 2729 3305 2792; x_wconf 89' lang='lat' dir='ltr'><strong>Christo</strong></span> 
     </span>
     <span class='ocr_line' id='line_1_30' title="bbox 363 2807 3304 2949; baseline 0 -79"><span class='ocrx_word' id='word_1_357' title='bbox 363 2811 513 2949; x_wconf 53' lang='lat' dir='ltr'><strong>Ie‘siu.</strong></span> <span class='ocrx_word' id='word_1_358' title='bbox 575 2811 669 2870; x_wconf 84' lang='lat' dir='ltr'><strong>Ac</strong></span> <span class='ocrx_word' id='word_1_359' title='bbox 726 2807 805 2872; x_wconf 88' lang='lat' dir='ltr'><strong>de</strong></span> <span class='ocrx_word' id='word_1_360' title='bbox 852 2827 929 2871; x_wconf 89' lang='lat' dir='ltr'><strong>eo</strong></span> <span class='ocrx_word' id='word_1_361' title='bbox 970 2807 1213 2887; x_wconf 89' lang='lat' dir='ltr'><strong>quidem</strong></span> <span class='ocrx_word' id='word_1_362' title='bbox 1268 2809 1436 2886; x_wconf 81' lang='lat' dir='ltr'><strong>quod</strong></span> <span class='ocrx_word' id='word_1_363' title='bbox 1482 2811 1690 2872; x_wconf 79' lang='lat' dir='ltr'><strong>fratres</strong></span> <span class='ocrx_word' id='word_1_364' title='bbox 1736 2824 1975 2889; x_wconf 85' lang='lat' dir='ltr'><strong>sumus,</strong></span> <span class='ocrx_word' id='word_1_365' title='bbox 2034 2809 2176 2872; x_wconf 87' lang='lat' dir='ltr'><strong>satis</strong></span> <span class='ocrx_word' id='word_1_366' title='bbox 2226 2815 2366 2872; x_wconf 78' lang='lat' dir='ltr'><strong>ante</strong></span> <span class='ocrx_word' id='word_1_367' title='bbox 2422 2809 2676 2872; x_wconf 90' lang='lat' dir='ltr'><strong>dictum:</strong></span> <span class='ocrx_word' id='word_1_368' title='bbox 2717 2813 2814 2872; x_wconf 90' lang='lat' dir='ltr'><strong>De</strong></span> <span class='ocrx_word' id='word_1_369' title='bbox 2851 2811 3118 2872; x_wconf 89' lang='lat' dir='ltr'><strong>secundo</strong></span> <span class='ocrx_word' id='word_1_370' title='bbox 3157 2827 3304 2888; x_wconf 87' lang='lat' dir='ltr'><strong>ergo</strong></span> 
     </span>
     <span class='ocr_line' id='line_1_31' title="bbox 366 2905 693 2952; baseline 0.003 -2"><span class='ocrx_word' id='word_1_371' title='bbox 366 2907 425 2950; x_wconf 83' lang='lat' dir='ltr'><strong>vi</strong></span> <span class='ocrx_word' id='word_1_372' title='bbox 466 2905 693 2952; x_wconf 88' lang='lat' dir='ltr'><strong>eamus.</strong></span> 
     </span>
    </p>

    <p class='ocr_par' dir='ltr' id='par_1_4' title="bbox 370 2969 3303 4494">
     <span class='ocr_line' id='line_1_32' title="bbox 444 2969 3303 3050; baseline 0 -20"><span class='ocrx_word' id='word_1_373' title='bbox 444 2970 801 3032; x_wconf 81' lang='lat' dir='ltr'><strong>Sanctorum</strong></span> <span class='ocrx_word' id='word_1_374' title='bbox 862 2971 1109 3031; x_wconf 72' lang='lat' dir='ltr'><strong>fratrum</strong></span> <span class='ocrx_word' id='word_1_375' title='bbox 1168 2969 1435 3047; x_wconf 79' lang='lat' dir='ltr'><strong>actiones</strong></span> <span class='ocrx_word' id='word_1_376' title='bbox 1494 2970 1555 3030; x_wconf 88' lang='lat' dir='ltr'><strong>in</strong></span> <span class='ocrx_word' id='word_1_377' title='bbox 1616 2969 2044 3032; x_wconf 85' lang='lat' dir='ltr'><strong>communione</strong></span> <span class='ocrx_word' id='word_1_378' title='bbox 2106 2970 2372 3050; x_wconf 86' lang='lat' dir='ltr'><strong>ipsorum</strong></span> <span class='ocrx_word' id='word_1_379' title='bbox 2413 2969 2829 3032; x_wconf 87' lang='lat' dir='ltr'><strong>describuntur</strong></span> <span class='ocrx_word' id='word_1_380' title='bbox 2865 2971 3178 3032; x_wconf 78' lang='lat' dir='ltr'><strong>habitandi</strong></span> <span class='ocrx_word' id='word_1_381' title='bbox 3207 2969 3303 3031; x_wconf 86' lang='lat' dir='ltr'><strong>vel</strong></span> 
     </span>
     <span class='ocr_line' id='line_1_33' title="bbox 371 3048 3301 3144; baseline 0 -34"><span class='ocrx_word' id='word_1_382' title='bbox 371 3052 704 3112; x_wconf 80' lang='lat' dir='ltr'><strong>considendi</strong></span> <span class='ocrx_word' id='word_1_383' title='bbox 740 3051 948 3114; x_wconf 85' lang='lat' dir='ltr'><strong>verbo.</strong></span> <span class='ocrx_word' id='word_1_384' title='bbox 988 3051 1273 3112; x_wconf 82' lang='lat' dir='ltr'><strong>Naturale</strong></span> <span class='ocrx_word' id='word_1_385' title='bbox 1312 3049 1573 3112; x_wconf 87' lang='lat' dir='ltr'><strong>studium</strong></span> <span class='ocrx_word' id='word_1_386' title='bbox 1604 3048 1751 3110; x_wconf 86' lang='lat' dir='ltr'><strong>illud</strong></span> <span class='ocrx_word' id='word_1_387' title='bbox 1788 3059 1909 3128; x_wconf 89' lang='lat' dir='ltr'><strong>est,</strong></span> <span class='ocrx_word' id='word_1_388' title='bbox 1948 3060 2015 3111; x_wconf 85' lang='lat' dir='ltr'><strong>vt</strong></span> <span class='ocrx_word' id='word_1_389' title='bbox 2053 3051 2235 3144; x_wconf 82' lang='lat' dir='ltr'><strong>vulgo</strong></span> <span class='ocrx_word' id='word_1_390' title='bbox 2273 3050 2524 3130; x_wconf 86' lang='lat' dir='ltr'><strong>dicitur,</strong></span> <span class='ocrx_word' id='word_1_391' title='bbox 2563 3051 2728 3128; x_wconf 73' lang='lat' dir='ltr'><strong>quOd</strong></span> <span class='ocrx_word' id='word_1_392' title='bbox 2763 3049 2982 3112; x_wconf 84' lang='lat' dir='ltr'><strong>similes</strong></span> <span class='ocrx_word' id='word_1_393' title='bbox 3014 3048 3301 3112; x_wconf 83' lang='lat' dir='ltr'><strong>similibus</strong></span> 
     </span>
     <span class='ocr_line' id='line_1_34' title="bbox 370 3127 3298 3210; baseline -0 -20"><span class='ocrx_word' id='word_1_394' title='bbox 370 3128 539 3191; x_wconf 78' lang='lat' dir='ltr'><strong>facile</strong></span> <span class='ocrx_word' id='word_1_395' title='bbox 606 3141 1037 3210; x_wconf 83' lang='lat' dir='ltr'><strong>aggregantur:</strong></span> <span class='ocrx_word' id='word_1_396' title='bbox 1097 3141 1162 3192; x_wconf 86' lang='lat' dir='ltr'><strong>vt</strong></span> <span class='ocrx_word' id='word_1_397' title='bbox 1200 3131 1411 3192; x_wconf 69' lang='lat' dir='ltr'><strong>contra</strong></span> <span class='ocrx_word' id='word_1_398' title='bbox 1444 3129 1549 3210; x_wconf 91' lang='lat' dir='ltr'><strong>qui</strong></span> <span class='ocrx_word' id='word_1_399' title='bbox 1586 3129 1835 3192; x_wconf 89' lang='lat' dir='ltr'><strong>instituti</strong></span> <span class='ocrx_word' id='word_1_400' title='bbox 1876 3131 2082 3191; x_wconf 90' lang='lat' dir='ltr'><strong>colunt</strong></span> <span class='ocrx_word' id='word_1_401' title='bbox 2120 3130 2683 3209; x_wconf 77' lang='lat' dir='ltr'><strong>dissimilitudinem,</strong></span> <span class='ocrx_word' id='word_1_402' title='bbox 2741 3149 2838 3192; x_wconf 86' lang='lat' dir='ltr'><strong>res</strong></span> <span class='ocrx_word' id='word_1_403' title='bbox 2874 3145 3008 3192; x_wconf 87' lang='lat' dir='ltr'><strong>suas</strong></span> <span class='ocrx_word' id='word_1_404' title='bbox 3053 3127 3298 3192; x_wconf 87' lang='lat' dir='ltr'><strong>seorsim</strong></span> 
     </span>
     <span class='ocr_line' id='line_1_35' title="bbox 370 3209 3300 3305; baseline 0 -35"><span class='ocrx_word' id='word_1_405' title='bbox 370 3209 609 3302; x_wconf 50' lang='lat' dir='ltr'><strong>habere·</strong></span> <span class='ocrx_word' id='word_1_406' title='bbox 628 3213 843 3304; x_wconf 74' lang='lat' dir='ltr'><strong>solent.</strong></span> <span class='ocrx_word' id='word_1_407' title='bbox 902 3212 1213 3304; x_wconf 69' lang='lat' dir='ltr'><strong>Praeterea</strong></span> <span class='ocrx_word' id='word_1_408' title='bbox 1251 3213 1310 3272; x_wconf 76' lang='grc' dir='ltr'><strong>δε</strong></span> <span class='ocrx_word' id='word_1_409' title='bbox 1327 3210 1473 3304; x_wconf 40' lang='lat' dir='ltr'><strong>‘ho-c</strong></span> <span class='ocrx_word' id='word_1_410' title='bbox 1508 3211 1777 3271; x_wconf 89' lang='lat' dir='ltr'><strong>naturale</strong></span> <span class='ocrx_word' id='word_1_411' title='bbox 1807 3220 1935 3304; x_wconf 73' lang='lat' dir='ltr'><strong>est,</strong></span> <span class='ocrx_word' id='word_1_412' title='bbox 1979 3219 2040 3271; x_wconf 86' lang='lat' dir='ltr'><strong>vt</strong></span> <span class='ocrx_word' id='word_1_413' title='bbox 2077 3210 2294 3304; x_wconf 73' lang='lat' dir='ltr'><strong>quibus</strong></span> <span class='ocrx_word' id='word_1_414' title='bbox 2329 3221 2418 3273; x_wconf 90' lang='lat' dir='ltr'><strong>est</strong></span> <span class='ocrx_word' id='word_1_415' title='bbox 2457 3211 2872 3304; x_wconf 80' lang='lat' dir='ltr'><strong>conuenientia</strong></span> <span class='ocrx_word' id='word_1_416' title='bbox 2892 3209 2966 3305; x_wconf 74' lang='lat' dir='ltr'><strong>⁸in</strong></span> <span class='ocrx_word' id='word_1_417' title='bbox 3005 3211 3160 3272; x_wconf 84' lang='lat' dir='ltr'><strong>vitae</strong></span> <span class='ocrx_word' id='word_1_418' title='bbox 3201 3229 3300 3289; x_wconf 86' lang='lat' dir='ltr'><strong>ge-</strong></span> 
     </span>
     <span class='ocr_line' id='line_1_36' title="bbox 370 3291 3299 3466; baseline -0.002 -35"><span class='ocrx_word' id='word_1_419' title='bbox 370 3309 541 3432; x_wconf 60' lang='lat' dir='ltr'><strong>Ti..</strong></span> <span class='ocrx_word' id='word_1_420' title='bbox 567 3291 687 3431; x_wconf 54' lang='grc' dir='ltr'><strong>,Ἓξ</strong></span> <span class='ocrx_word' id='word_1_421' title='bbox 724 3301 1047 3466; x_wconf 53' lang='lat' dir='ltr'><strong>assur.</strong></span> <span class='ocrx_word' id='word_1_422' title='bbox 1065 3291 1561 3442; x_wconf 47' lang='lat' dir='ltr'><strong>ware:</strong></span> <span class='ocrx_word' id='word_1_423' title='bbox 1593 3291 2070 3448; x_wconf 51' lang='lat' dir='ltr'><strong>&amp;affixa</strong></span> <span class='ocrx_word' id='word_1_424' title='bbox 2079 3293 3006 3450; x_wconf 40' lang='lat' dir='ltr'><strong>marsinam&amp;</strong></span> <span class='ocrx_word' id='word_1_425' title='bbox 3041 3299 3299 3447; x_wconf 59' lang='lat' dir='ltr'><strong>m:</strong></span> 
     </span>
     <span class='ocr_line' id='line_1_37' title="bbox 370 3447 3301 3543; baseline -0 -32"><span class='ocrx_word' id='word_1_426' title='bbox 370 3451 425 3510; x_wconf 77' lang='grc' dir='ltr'><strong>δι</strong></span> <span class='ocrx_word' id='word_1_427' title='bbox 462 3451 803 3512; x_wconf 84' lang='lat' dir='ltr'><strong>commodis</strong></span> <span class='ocrx_word' id='word_1_428' title='bbox 840 3467 996 3530; x_wconf 83' lang='lat' dir='ltr'><strong>quae</strong></span> <span class='ocrx_word' id='word_1_429' title='bbox 1034 3451 1114 3512; x_wconf 82' lang='lat' dir='ltr'><strong>ad</strong></span> <span class='ocrx_word' id='word_1_430' title='bbox 1146 3451 1414 3514; x_wconf 88' lang='lat' dir='ltr'><strong>actiones</strong></span> <span class='ocrx_word' id='word_1_431' title='bbox 1446 3459 1583 3512; x_wconf 82' lang='lat' dir='ltr'><strong>sunt</strong></span> <span class='ocrx_word' id='word_1_432' title='bbox 1620 3465 1803 3543; x_wconf 80' lang='lat' dir='ltr'><strong>opus,</strong></span> <span class='ocrx_word' id='word_1_433' title='bbox 1844 3450 2024 3512; x_wconf 86' lang='lat' dir='ltr'><strong>etiam</strong></span> <span class='ocrx_word' id='word_1_434' title='bbox 2065 3452 2526 3514; x_wconf 89' lang='lat' dir='ltr'><strong>communicent.</strong></span> <span class='ocrx_word' id='word_1_435' title='bbox 2565 3451 2848 3529; x_wconf 86' lang='lat' dir='ltr'><strong>Denique</strong></span> <span class='ocrx_word' id='word_1_436' title='bbox 2887 3461 2950 3512; x_wconf 80' lang='lat' dir='ltr'><strong>vt</strong></span> <span class='ocrx_word' id='word_1_437' title='bbox 2986 3449 3049 3512; x_wconf 89' lang='lat' dir='ltr'><strong>hi</strong></span> <span class='ocrx_word' id='word_1_438' title='bbox 3069 3447 3301 3528; x_wconf 88' lang='lat' dir='ltr'><strong>conspi-</strong></span> 
     </span>
     <span class='ocr_line' id='line_1_38' title="bbox 372 3528 3302 3610; baseline -0.001 -18"><span class='ocrx_word' id='word_1_439' title='bbox 372 3540 503 3592; x_wconf 87' lang='lat' dir='ltr'><strong>rant</strong></span> <span class='ocrx_word' id='word_1_440' title='bbox 539 3528 781 3610; x_wconf 88' lang='lat' dir='ltr'><strong>animis,</strong></span> <span class='ocrx_word' id='word_1_441' title='bbox 824 3530 909 3592; x_wconf 88' lang='lat' dir='ltr'><strong>ita</strong></span> <span class='ocrx_word' id='word_1_442' title='bbox 952 3550 1135 3610; x_wconf 89' lang='lat' dir='ltr'><strong>opere</strong></span> <span class='ocrx_word' id='word_1_443' title='bbox 1174 3531 1569 3594; x_wconf 83' lang='lat' dir='ltr'><strong>collaborant.</strong></span> <span class='ocrx_word' id='word_1_444' title='bbox 1610 3530 1813 3592; x_wconf 86' lang='lat' dir='ltr'><strong>Sicubi</strong></span> <span class='ocrx_word' id='word_1_445' title='bbox 1844 3542 2047 3592; x_wconf 86' lang='lat' dir='ltr'><strong>antem</strong></span> <span class='ocrx_word' id='word_1_446' title='bbox 2087 3530 2238 3592; x_wconf 90' lang='lat' dir='ltr'><strong>haec</strong></span> <span class='ocrx_word' id='word_1_447' title='bbox 2275 3532 2426 3593; x_wconf 87' lang='lat' dir='ltr'><strong>ratio</strong></span> <span class='ocrx_word' id='word_1_448' title='bbox 2463 3531 2978 3610; x_wconf 87' lang='lat' dir='ltr'><strong>animaduertitur,</strong></span> <span class='ocrx_word' id='word_1_449' title='bbox 3007 3531 3070 3591; x_wconf 92' lang='lat' dir='ltr'><strong>id</strong></span> <span class='ocrx_word' id='word_1_450' title='bbox 3101 3539 3302 3609; x_wconf 89' lang='lat' dir='ltr'><strong>potest</strong></span> 
     </span>
     <span class='ocr_line' id='line_1_39' title="bbox 371 3609 3298 3692; baseline 0 -21"><span class='ocrx_word' id='word_1_451' title='bbox 371 3610 492 3671; x_wconf 85' lang='lat' dir='ltr'><strong>fieri</strong></span> <span class='ocrx_word' id='word_1_452' title='bbox 538 3609 601 3671; x_wconf 89' lang='lat' dir='ltr'><strong>in</strong></span> <span class='ocrx_word' id='word_1_453' title='bbox 670 3609 743 3672; x_wconf 80' lang='lat' dir='ltr'><strong>iis</strong></span> <span class='ocrx_word' id='word_1_454' title='bbox 814 3610 919 3689; x_wconf 90' lang='lat' dir='ltr'><strong>qui</strong></span> <span class='ocrx_word' id='word_1_455' title='bbox 970 3611 1280 3673; x_wconf 90' lang='lat' dir='ltr'><strong>communi</strong></span> <span class='ocrx_word' id='word_1_456' title='bbox 1348 3609 1657 3673; x_wconf 88' lang='lat' dir='ltr'><strong>domicilio</strong></span> <span class='ocrx_word' id='word_1_457' title='bbox 1672 3656 1691 3690; x_wconf 86' lang='lat'><strong>,</strong></span> <span class='ocrx_word' id='word_1_458' title='bbox 1750 3609 2058 3672; x_wconf 90' lang='lat' dir='ltr'><strong>communi</strong></span> <span class='ocrx_word' id='word_1_459' title='bbox 2097 3612 2511 3690; x_wconf 79' lang='lat' dir='ltr'><strong>patrefamilias</strong></span> <span class='ocrx_word' id='word_1_460' title='bbox 2525 3657 2544 3692; x_wconf 93' lang='lat'><strong>,</strong></span> <span class='ocrx_word' id='word_1_461' title='bbox 2597 3613 2656 3674; x_wconf 69' lang='lat' dir='ltr'><strong>az</strong></span> <span class='ocrx_word' id='word_1_462' title='bbox 2695 3613 3000 3674; x_wconf 89' lang='lat' dir='ltr'><strong>communi</strong></span> <span class='ocrx_word' id='word_1_463' title='bbox 3032 3609 3298 3672; x_wconf 90' lang='lat' dir='ltr'><strong>instituto</strong></span> 
     </span>
     <span class='ocr_line' id='line_1_40' title="bbox 370 3690 3298 3772; baseline 0 -20"><span class='ocrx_word' id='word_1_464' title='bbox 370 3691 610 3752; x_wconf 86' lang='lat' dir='ltr'><strong>viuunt:</strong></span> <span class='ocrx_word' id='word_1_465' title='bbox 672 3690 857 3769; x_wconf 88' lang='lat' dir='ltr'><strong>idque</strong></span> <span class='ocrx_word' id='word_1_466' title='bbox 916 3691 1173 3754; x_wconf 77' lang='lat' dir='ltr'><strong>maxime</strong></span> <span class='ocrx_word' id='word_1_467' title='bbox 1223 3691 1287 3752; x_wconf 92' lang='lat' dir='ltr'><strong>in</strong></span> <span class='ocrx_word' id='word_1_468' title='bbox 1324 3690 1395 3754; x_wconf 86' lang='lat' dir='ltr'><strong>iis</strong></span> <span class='ocrx_word' id='word_1_469' title='bbox 1434 3690 1535 3770; x_wconf 85' lang='lat' dir='ltr'><strong>qui</strong></span> <span class='ocrx_word' id='word_1_470' title='bbox 1572 3693 1781 3752; x_wconf 84' lang='lat' dir='ltr'><strong>fratres</strong></span> <span class='ocrx_word' id='word_1_471' title='bbox 1820 3701 1988 3769; x_wconf 88' lang='lat' dir='ltr'><strong>sunt,</strong></span> <span class='ocrx_word' id='word_1_472' title='bbox 2027 3701 2204 3770; x_wconf 88' lang='lat' dir='ltr'><strong>prout</strong></span> <span class='ocrx_word' id='word_1_473' title='bbox 2240 3693 2360 3754; x_wconf 89' lang='lat' dir='ltr'><strong>hoc</strong></span> <span class='ocrx_word' id='word_1_474' title='bbox 2397 3692 2536 3754; x_wconf 92' lang='lat' dir='ltr'><strong>loco</strong></span> <span class='ocrx_word' id='word_1_475' title='bbox 2576 3693 2961 3772; x_wconf 82' lang='lat' dir='ltr'><strong>appellamur.</strong></span> <span class='ocrx_word' id='word_1_476' title='bbox 3019 3693 3098 3752; x_wconf 92' lang='lat' dir='ltr'><strong>Et</strong></span> <span class='ocrx_word' id='word_1_477' title='bbox 3137 3693 3298 3752; x_wconf 77' lang='lat' dir='ltr'><strong>certe</strong></span> 
     </span>
     <span class='ocr_line' id='line_1_41' title="bbox 374 3769 3302 3852; baseline 0 -20"><span class='ocrx_word' id='word_1_478' title='bbox 374 3769 707 3833; x_wconf 87' lang='lat' dir='ltr'><strong>communis</strong></span> <span class='ocrx_word' id='word_1_479' title='bbox 748 3781 839 3832; x_wconf 84' lang='lat' dir='ltr'><strong>est</strong></span> <span class='ocrx_word' id='word_1_480' title='bbox 876 3771 1054 3833; x_wconf 89' lang='lat' dir='ltr'><strong>nobis</strong></span> <span class='ocrx_word' id='word_1_481' title='bbox 1094 3771 1373 3834; x_wconf 89' lang='lat' dir='ltr'><strong>omnibus</strong></span> <span class='ocrx_word' id='word_1_482' title='bbox 1409 3773 1618 3852; x_wconf 86' lang='lat' dir='ltr'><strong>Pater,</strong></span> <span class='ocrx_word' id='word_1_483' title='bbox 1679 3773 1875 3832; x_wconf 90' lang='lat' dir='ltr'><strong>Deus:</strong></span> <span class='ocrx_word' id='word_1_484' title='bbox 1918 3771 2254 3833; x_wconf 88' lang='lat' dir='ltr'><strong>communis</strong></span> <span class='ocrx_word' id='word_1_485' title='bbox 2291 3771 2582 3834; x_wconf 85' lang='lat' dir='ltr'><strong>habitatio</strong></span> <span class='ocrx_word' id='word_1_486' title='bbox 2597 3819 2614 3850; x_wconf 83' lang='lat'><strong>,</strong></span> <span class='ocrx_word' id='word_1_487' title='bbox 2660 3771 2926 3834; x_wconf 67' lang='lat' dir='ltr'><strong>Ecclesia</strong></span> <span class='ocrx_word' id='word_1_488' title='bbox 2961 3771 3105 3850; x_wconf 92' lang='lat' dir='ltr'><strong>Dei,</strong></span> <span class='ocrx_word' id='word_1_489' title='bbox 3145 3787 3302 3849; x_wconf 87' lang='lat' dir='ltr'><strong>quae</strong></span> 
     </span>
     <span class='ocr_line' id='line_1_42' title="bbox 370 3849 3298 3932; baseline 0 -20"><span class='ocrx_word' id='word_1_490' title='bbox 370 3850 577 3912; x_wconf 86' lang='lat' dir='ltr'><strong>eadem</strong></span> <span class='ocrx_word' id='word_1_491' title='bbox 628 3859 721 3914; x_wconf 89' lang='lat' dir='ltr'><strong>est</strong></span> <span class='ocrx_word' id='word_1_492' title='bbox 779 3850 1069 3914; x_wconf 84' lang='lat' dir='ltr'><strong>habitatio</strong></span> <span class='ocrx_word' id='word_1_493' title='bbox 1108 3851 1327 3913; x_wconf 89' lang='lat' dir='ltr'><strong>summi</strong></span> <span class='ocrx_word' id='word_1_494' title='bbox 1364 3849 1519 3912; x_wconf 90' lang='lat' dir='ltr'><strong>illius</strong></span> <span class='ocrx_word' id='word_1_495' title='bbox 1556 3851 1990 3930; x_wconf 82' lang='lat' dir='ltr'><strong>patrisfamilias</strong></span> <span class='ocrx_word' id='word_1_496' title='bbox 2005 3896 2024 3930; x_wconf 93' lang='lat'><strong>,</strong></span> <span class='ocrx_word' id='word_1_497' title='bbox 2081 3855 2120 3912; x_wconf 76' lang='lat' dir='ltr'><strong>a</strong></span> <span class='ocrx_word' id='word_1_498' title='bbox 2167 3857 2290 3930; x_wconf 82' lang='lat' dir='ltr'><strong>quo</strong></span> <span class='ocrx_word' id='word_1_499' title='bbox 2331 3852 2524 3915; x_wconf 87' lang='lat' dir='ltr'><strong>omnis</strong></span> <span class='ocrx_word' id='word_1_500' title='bbox 2563 3851 2804 3932; x_wconf 85' lang='lat' dir='ltr'><strong>agnatio</strong></span> <span class='ocrx_word' id='word_1_501' title='bbox 2842 3856 2934 3928; x_wconf 79' lang='lat' dir='ltr'><strong>(vt</strong></span> <span class='ocrx_word' id='word_1_502' title='bbox 2971 3853 3298 3929; x_wconf 87' lang='lat' dir='ltr'><strong>Apostolus</strong></span> 
     </span>
     <span class='ocr_line' id='line_1_43' title="bbox 370 3929 3299 4012; baseline -0 -21"><span class='ocrx_word' id='word_1_503' title='bbox 370 3930 557 4009; x_wconf 90' lang='lat' dir='ltr'><strong>inquit</strong></span> <span class='ocrx_word' id='word_1_504' title='bbox 608 3931 830 4010; x_wconf 77' lang='lat' dir='ltr'><strong>Ephes.</strong></span> <span class='ocrx_word' id='word_1_505' title='bbox 896 3951 951 4008; x_wconf 86' lang='lat'><strong>3.</strong></span> <span class='ocrx_word' id='word_1_506' title='bbox 1019 3935 1137 4010; x_wconf 81' lang='lat'><strong>15.)</strong></span> <span class='ocrx_word' id='word_1_507' title='bbox 1200 3929 1543 3992; x_wconf 86' lang='lat' dir='ltr'><strong>nominatur</strong></span> <span class='ocrx_word' id='word_1_508' title='bbox 1580 3931 1642 3992; x_wconf 85' lang='lat' dir='ltr'><strong>in</strong></span> <span class='ocrx_word' id='word_1_509' title='bbox 1680 3933 1849 3993; x_wconf 87' lang='lat' dir='ltr'><strong>caelo</strong></span> <span class='ocrx_word' id='word_1_510' title='bbox 1888 3932 1945 3991; x_wconf 83' lang='lat'>&amp;</span> <span class='ocrx_word' id='word_1_511' title='bbox 1985 3940 2165 3992; x_wconf 78' lang='lat' dir='ltr'><strong>terra:</strong></span> <span class='ocrx_word' id='word_1_512' title='bbox 2219 3931 2547 3994; x_wconf 88' lang='lat' dir='ltr'><strong>institutum</strong></span> <span class='ocrx_word' id='word_1_513' title='bbox 2577 3937 2624 3993; x_wconf 56' lang='lat' dir='ltr'><strong>⁴a</strong></span> <span class='ocrx_word' id='word_1_514' title='bbox 2663 3930 3082 4012; x_wconf 84' lang='lat' dir='ltr'><strong>patrefamilias</strong></span> <span class='ocrx_word' id='word_1_515' title='bbox 3113 3949 3299 3991; x_wconf 86' lang='lat' dir='ltr'><strong>vnum</strong></span> 
     </span>
     <span class='ocr_line' id='line_1_44' title="bbox 370 4010 3298 4104; baseline 0 -32"><span class='ocrx_word' id='word_1_516' title='bbox 370 4029 495 4072; x_wconf 88' lang='lat' dir='ltr'><strong>esse</strong></span> <span class='ocrx_word' id='word_1_517' title='bbox 534 4014 591 4074; x_wconf 77' lang='grc' dir='ltr'><strong>δι</strong></span> <span class='ocrx_word' id='word_1_518' title='bbox 630 4021 775 4104; x_wconf 85' lang='lat' dir='ltr'><strong>typo</strong></span> <span class='ocrx_word' id='word_1_519' title='bbox 816 4014 873 4074; x_wconf 77' lang='grc' dir='ltr'><strong>δι</strong></span> <span class='ocrx_word' id='word_1_520' title='bbox 914 4012 1101 4073; x_wconf 88' lang='lat' dir='ltr'><strong>modo</strong></span> <span class='ocrx_word' id='word_1_521' title='bbox 1138 4029 1319 4074; x_wconf 91' lang='lat' dir='ltr'><strong>nemo</strong></span> <span class='ocrx_word' id='word_1_522' title='bbox 1334 4055 1353 4091; x_wconf 91' lang='lat'><strong>,</strong></span> <span class='ocrx_word' id='word_1_523' title='bbox 1394 4010 1498 4089; x_wconf 91' lang='lat' dir='ltr'><strong>qui</strong></span> <span class='ocrx_word' id='word_1_524' title='bbox 1536 4011 1779 4090; x_wconf 88' lang='lat' dir='ltr'><strong>quidem</strong></span> <span class='ocrx_word' id='word_1_525' title='bbox 1820 4010 2190 4074; x_wconf 86' lang='lat' dir='ltr'><strong>Christianus</strong></span> <span class='ocrx_word' id='word_1_526' title='bbox 2229 4013 2304 4074; x_wconf 91' lang='lat' dir='ltr'><strong>sit</strong></span> <span class='ocrx_word' id='word_1_527' title='bbox 2321 4058 2338 4091; x_wconf 89' lang='lat'><strong>,</strong></span> <span class='ocrx_word' id='word_1_528' title='bbox 2377 4022 2574 4090; x_wconf 90' lang='lat' dir='ltr'><strong>potest</strong></span> <span class='ocrx_word' id='word_1_529' title='bbox 2611 4012 2884 4090; x_wconf 89' lang='lat' dir='ltr'><strong>ignorare</strong></span> <span class='ocrx_word' id='word_1_530' title='bbox 2899 4057 2918 4092; x_wconf 86' lang='lat'><strong>,</strong></span> <span class='ocrx_word' id='word_1_531' title='bbox 2957 4013 3096 4072; x_wconf 74' lang='lat' dir='ltr'><strong>cum</strong></span> <span class='ocrx_word' id='word_1_532' title='bbox 3115 4029 3298 4072; x_wconf 84' lang='lat' dir='ltr'><strong>vnum</strong></span> 
     </span>
     <span class='ocr_line' id='line_1_45' title="bbox 372 4089 3296 4172; baseline 0 -20"><span class='ocrx_word' id='word_1_533' title='bbox 372 4101 579 4171; x_wconf 89' lang='lat' dir='ltr'><strong>caput,</strong></span> <span class='ocrx_word' id='word_1_534' title='bbox 618 4089 1008 4170; x_wconf 79' lang='lat' dir='ltr'><strong>spiritumque</strong></span> <span class='ocrx_word' id='word_1_535' title='bbox 1042 4107 1227 4152; x_wconf 85' lang='lat' dir='ltr'><strong>vnum</strong></span> <span class='ocrx_word' id='word_1_536' title='bbox 1270 4091 1499 4152; x_wconf 88' lang='lat' dir='ltr'><strong>dederit</strong></span> <span class='ocrx_word' id='word_1_537' title='bbox 1530 4090 1671 4170; x_wconf 90' lang='lat' dir='ltr'><strong>suis,</strong></span> <span class='ocrx_word' id='word_1_538' title='bbox 1708 4103 1775 4152; x_wconf 89' lang='lat' dir='ltr'><strong>vt</strong></span> <span class='ocrx_word' id='word_1_539' title='bbox 1812 4091 1917 4170; x_wconf 89' lang='lat' dir='ltr'><strong>qui</strong></span> <span class='ocrx_word' id='word_1_540' title='bbox 1954 4110 2021 4153; x_wconf 90' lang='lat' dir='ltr'><strong>re</strong></span> <span class='ocrx_word' id='word_1_541' title='bbox 2041 4109 2221 4152; x_wconf 81' lang='lat' dir='ltr'><strong>vnum</strong></span> <span class='ocrx_word' id='word_1_542' title='bbox 2243 4101 2398 4172; x_wconf 88' lang='lat' dir='ltr'><strong>sunt,</strong></span> <span class='ocrx_word' id='word_1_543' title='bbox 2417 4111 2542 4154; x_wconf 88' lang='lat' dir='ltr'><strong>non</strong></span> <span class='ocrx_word' id='word_1_544' title='bbox 2561 4091 2834 4154; x_wconf 88' lang='lat' dir='ltr'><strong>dubitent</strong></span> <span class='ocrx_word' id='word_1_545' title='bbox 2853 4091 3296 4153; x_wconf 86' lang='lat' dir='ltr'><strong>communicare</strong></span> 
     </span>
     <span class='ocr_line' id='line_1_46' title="bbox 374 4169 3300 4251; baseline 0 -20"><span class='ocrx_word' id='word_1_546' title='bbox 374 4170 521 4233; x_wconf 91' lang='lat' dir='ltr'><strong>inter</strong></span> <span class='ocrx_word' id='word_1_547' title='bbox 562 4189 629 4233; x_wconf 87' lang='lat' dir='ltr'><strong>se</strong></span> <span class='ocrx_word' id='word_1_548' title='bbox 670 4170 1051 4234; x_wconf 88' lang='lat' dir='ltr'><strong>habitatione.</strong></span> <span class='ocrx_word' id='word_1_549' title='bbox 1092 4173 1279 4249; x_wconf 79' lang='lat' dir='ltr'><strong>Quod</strong></span> <span class='ocrx_word' id='word_1_550' title='bbox 1318 4169 1369 4232; x_wconf 87' lang='lat' dir='ltr'><strong>si</strong></span> <span class='ocrx_word' id='word_1_551' title='bbox 1398 4171 1530 4250; x_wconf 91' lang='lat' dir='ltr'><strong>quis</strong></span> <span class='ocrx_word' id='word_1_552' title='bbox 1560 4173 1907 4233; x_wconf 87' lang='lat' dir='ltr'><strong>Hebraeam</strong></span> <span class='ocrx_word' id='word_1_553' title='bbox 1940 4191 2154 4234; x_wconf 84' lang='lat' dir='ltr'><strong>vooein</strong></span> <span class='ocrx_word' id='word_1_554' title='bbox 2173 4171 2545 4251; x_wconf 86' lang='lat' dir='ltr'><strong>interpretari</strong></span> <span class='ocrx_word' id='word_1_555' title='bbox 2565 4172 2730 4234; x_wconf 86' lang='lat' dir='ltr'><strong>malit</strong></span> <span class='ocrx_word' id='word_1_556' title='bbox 2746 4175 3080 4233; x_wconf 81' lang='lat' dir='ltr'><strong>considendi</strong></span> <span class='ocrx_word' id='word_1_557' title='bbox 3092 4173 3300 4245; x_wconf 77' lang='lat' dir='ltr'><strong>verbo,</strong></span> 
     </span>
     <span class='ocr_line' id='line_1_47' title="bbox 376 4249 3302 4331; baseline 0 -19"><span class='ocrx_word' id='word_1_558' title='bbox 376 4249 437 4312; x_wconf 89' lang='lat' dir='ltr'><strong>id</strong></span> <span class='ocrx_word' id='word_1_559' title='bbox 474 4255 551 4314; x_wconf 81' lang='lat' dir='ltr'><strong>eo</strong></span> <span class='ocrx_word' id='word_1_560' title='bbox 591 4251 841 4331; x_wconf 86' lang='lat' dir='ltr'><strong>amplius</strong></span> <span class='ocrx_word' id='word_1_561' title='bbox 882 4251 1215 4315; x_wconf 88' lang='lat' dir='ltr'><strong>doctrinam</strong></span> <span class='ocrx_word' id='word_1_562' title='bbox 1259 4251 1420 4313; x_wconf 88' lang='lat' dir='ltr'><strong>illam</strong></span> <span class='ocrx_word' id='word_1_563' title='bbox 1460 4255 1943 4314; x_wconf 88' lang='lat' dir='ltr'><strong>confirmaturum</strong></span> <span class='ocrx_word' id='word_1_564' title='bbox 1985 4261 2074 4316; x_wconf 82' lang='lat' dir='ltr'><strong>est</strong></span> <span class='ocrx_word' id='word_1_565' title='bbox 2111 4269 2292 4329; x_wconf 86' lang='lat' dir='ltr'><strong>quam</strong></span> <span class='ocrx_word' id='word_1_566' title='bbox 2327 4253 2514 4314; x_wconf 83' lang='lat' dir='ltr'><strong>modo</strong></span> <span class='ocrx_word' id='word_1_567' title='bbox 2539 4253 2859 4314; x_wconf 88' lang='lat' dir='ltr'><strong>attulimus.</strong></span> <span class='ocrx_word' id='word_1_568' title='bbox 2878 4255 3034 4314; x_wconf 89' lang='lat' dir='ltr'><strong>Nam</strong></span> <span class='ocrx_word' id='word_1_569' title='bbox 3054 4252 3302 4313; x_wconf 88' lang='lat' dir='ltr'><strong>demon-</strong></span> 
     </span>
     <span class='ocr_line' id='line_1_48' title="bbox 382 4331 3301 4395; baseline 0 -3"><span class='ocrx_word' id='word_1_570' title='bbox 382 4341 592 4392; x_wconf 85' lang='lat' dir='ltr'><strong>stratur</strong></span> <span class='ocrx_word' id='word_1_571' title='bbox 642 4331 764 4395; x_wconf 90' lang='lat' dir='ltr'><strong>hoc</strong></span> <span class='ocrx_word' id='word_1_572' title='bbox 824 4334 1012 4395; x_wconf 84' lang='lat' dir='ltr'><strong>verbo</strong></span> <span class='ocrx_word' id='word_1_573' title='bbox 1073 4343 1203 4394; x_wconf 88' lang='lat' dir='ltr'><strong>tran</strong></span> <span class='ocrx_word' id='word_1_574' title='bbox 1246 4331 1387 4392; x_wconf 89' lang='lat' dir='ltr'><strong>uilla</strong></span> <span class='ocrx_word' id='word_1_575' title='bbox 1418 4332 1475 4391; x_wconf 75' lang='grc' dir='ltr'><strong>δι</strong></span> <span class='ocrx_word' id='word_1_576' title='bbox 1514 4333 1720 4394; x_wconf 86' lang='lat' dir='ltr'><strong>sedata</strong></span> <span class='ocrx_word' id='word_1_577' title='bbox 1758 4331 2227 4394; x_wconf 86' lang='lat' dir='ltr'><strong>Christianorum</strong></span> <span class='ocrx_word' id='word_1_578' title='bbox 2267 4333 2572 4395; x_wconf 88' lang='lat' dir='ltr'><strong>communi</strong></span> <span class='ocrx_word' id='word_1_579' title='bbox 2611 4332 2974 4395; x_wconf 86' lang='lat' dir='ltr'><strong>habitatione</strong></span> <span class='ocrx_word' id='word_1_580' title='bbox 3010 4333 3301 4394; x_wconf 83' lang='lat' dir='ltr'><strong>vtentium</strong></span> 
     </span>
     <span class='ocr_line' id='line_1_49' title="bbox 385 4411 3298 4494; baseline -0 -20"><span class='ocrx_word' id='word_1_581' title='bbox 385 4411 565 4475; x_wconf 88' lang='lat' dir='ltr'><strong>ratio:</strong></span> <span class='ocrx_word' id='word_1_582' title='bbox 601 4413 768 4491; x_wconf 84' lang='lat' dir='ltr'><strong>quod</strong></span> <span class='ocrx_word' id='word_1_583' title='bbox 807 4431 933 4475; x_wconf 87' lang='lat' dir='ltr'><strong>non</strong></span> <span class='ocrx_word' id='word_1_584' title='bbox 976 4412 1229 4476; x_wconf 88' lang='lat' dir='ltr'><strong>clamori</strong></span> <span class='ocrx_word' id='word_1_585' title='bbox 1274 4429 1373 4493; x_wconf 88' lang='lat' dir='ltr'><strong>us,</strong></span> <span class='ocrx_word' id='word_1_586' title='bbox 1412 4422 1515 4474; x_wconf 88' lang='lat' dir='ltr'><strong>aut</strong></span> <span class='ocrx_word' id='word_1_587' title='bbox 1552 4411 2062 4492; x_wconf 86' lang='lat' dir='ltr'><strong>contentionibus,</strong></span> <span class='ocrx_word' id='word_1_588' title='bbox 2101 4431 2226 4476; x_wconf 88' lang='lat' dir='ltr'><strong>non</strong></span> <span class='ocrx_word' id='word_1_589' title='bbox 2267 4412 2480 4494; x_wconf 86' lang='lat' dir='ltr'><strong>pugnis</strong></span> <span class='ocrx_word' id='word_1_590' title='bbox 2517 4424 2619 4476; x_wconf 88' lang='lat' dir='ltr'><strong>aut</strong></span> <span class='ocrx_word' id='word_1_591' title='bbox 2655 4413 2941 4476; x_wconf 79' lang='lat' dir='ltr'><strong>caedibus</strong></span> <span class='ocrx_word' id='word_1_592' title='bbox 2955 4457 2974 4493; x_wconf 91' lang='lat'><strong>,</strong></span> <span class='ocrx_word' id='word_1_593' title='bbox 3013 4431 3138 4474; x_wconf 90' lang='lat' dir='ltr'><strong>non</strong></span> <span class='ocrx_word' id='word_1_594' title='bbox 3177 4412 3298 4474; x_wconf 88' lang='lat' dir='ltr'><strong>ani·</strong></span> 
     </span>
    </p>

    <p class='ocr_par' dir='ltr' id='par_1_5' title="bbox 3062 4512 3296 4555">
     <span class='ocr_line' id='line_1_50' title="bbox 3062 4512 3296 4555; baseline 0.004 -1"><span class='ocrx_word' id='word_1_595' title='bbox 3062 4512 3296 4555; x_wconf 89' lang='lat' dir='ltr'><strong>morum</strong></span> 
     </span>
    </p>
   </div>
  </div>
 </body>
</html>
