3923 4875
375 0 539 65 quod
600 0 800 49 vocati
860 7 1091 50 sumus:
1151 7 1272 48 non
1337 1 1426 50 est
1486 8 1594 50 cur
1652 0 1768 50 alio
1809 0 2276 69 transuolemus,
2317 0 2420 68 qui
2459 0 2519 49 in
2561 8 2740 68 opere
2781 2 2986 52 nostro
3029 0 3103 68 (si
3141 0 3301 54 recte

372 67 789 145 iudicabimus)
849 71 1029 147 longe
1092 71 1225 147 plus
1287 70 1509 131 laboris
1568 69 1794 131 sensuri
1851 89 2081 150 sumus,
2134 74 2318 148 quam
2358 80 2422 131 vt
2461 70 2636 131 nobis
2674 71 2849 132 liceat
2897 71 3078 133 animi
3117 75 3303 144 nostri

372 148 648 226 explendi
688 167 868 209 causa
906 149 966 209 in
1006 149 1224 211 alienas
1270 167 1439 211 curas
1476 149 1717 212 irruere.
3040 182 3050 192 ·

452 230 663 307 Neque
722 234 867 290 vero
928 231 1045 290 hoc
1104 232 1325 290 malum
1385 247 1565 290 vnum
1626 241 1714 292 est
1750 230 1809 290 in
1852 230 2057 292 nostra
2094 229 2630 309 administratione,
2669 232 2832 307 quod
2873 231 3077 292 alienis
3118 233 3297 292 rebus

372 309 505 400 plus
562 308 702 370 satis
763 309 1162 370 attendimur:
1224 310 1329 370 sed
1388 329 1462 371 ex
1523 329 1597 370 eo
1658 311 1906 371 alterum
1968 312 2192 371 malum
2232 310 2518 372 continuo
2556 311 2848 383 nascitur,
2889 312 3054 389 quod
3094 309 3298 373 alienis

374 387 659 467 implicati
720 389 1212 467 occupationibus
1271 410 1370 450 eas
1430 392 1778 469 plerumque
1820 389 2179 469 omittimuS,
2220 410 2368 470 quas
2409 391 2583 451 etiam
2625 391 2850 469 flagitat
2887 389 3299 452 inexcusabilis

373 468 709 530 vocationis
769 481 1007 531 nostrae
1059 469 1394 531 necessitas.
1455 470 1607 548 siqui
1648 471 1708 530 in
1751 470 2021 532 Ecclesia
2052 482 2217 549 sunt,
2259 490 2411 550 quos
2451 470 2654 531 doceri
2696 474 2733 531 a
2770 470 2945 532 nobis
2986 481 3298 551 oporteat3

372 567 451 609 ne
510 568 617 626 per
674 551 970 611 somnium
1006 550 1248 628 quidem
1289 550 1465 612 nobis
1506 550 1568 610 in
1607 562 1868 612 mentem
1910 550 2072 612 venit
2112 551 2299 611 nostri
2338 550 2561 626 officij:
2604 550 2654 611 si
2694 550 2797 629 qui
2834 552 3223 630 redarguendi
3261 554 3300 611 a

373 628 616 689 veritate
657 630 962 691 doctrinae
1001 630 1385 705 abludentes3
1424 630 1474 691 si
1516 628 1618 708 qui
1658 633 1734 691 ad
1778 631 2138 709 probitatem
2179 634 2234 692 δι
2257 631 2708 691 sanctimoniam
2730 631 2882 693 vitae
2903 631 3296 722 cohortandi,

372 709 422 769 si
460 709 562 786 qui
600 713 637 770 a
676 708 785 770 viis
826 710 995 771 malis
1034 714 1089 771 &
1132 710 1392 770 distortis
1432 710 1551 772 suis
1589 711 1942 803 reuocandi,
1985 711 2032 771 si
2071 710 2173 787 qui
2212 710 2381 771 verbi
2419 710 2606 770 diuini
2636 711 3172 790 consolationibuS,
3195 711 3299 773 vbi

378 789 549 850 malis
607 789 883 868 prostrati
943 791 1167 867 iacent,
1228 790 1528 869 erigendi:
1593 791 1747 869 siqui
1806 792 2064 869 denique
2108 792 2230 851 vllo
2272 791 2459 851 modo
2497 790 2692 851 verbis
2731 791 2884 851 vitae
2924 801 3198 852 aeternae
3237 791 3297 850 in

373 869 611 931 Christo
654 869 956 931 animandi
996 869 1119 949 (hic
1162 869 1319 930 enim
1361 871 1647 949 Rhodus,
1686 870 1787 931 hic
1828 874 2030 946 saltus)
2071 869 2196 932 siue
2234 870 2539 949 priuatim,
2580 881 2644 930 vt
2677 872 2772 932 lex
2789 871 3089 932 charitatis
3107 871 3298 950 iubet3

374 950 499 1010 siue
559 950 799 1028 publice
840 961 904 1011 vt
940 953 1091 1011 ratio
1133 950 1371 1027 publica
1409 950 1703 1011 interdum
1745 953 2034 1031 postulat,
2096 960 2223 1011 tum
2260 953 2403 1012 vero
2444 969 2555 1011 nos
2592 950 2693 1011 hic
2723 971 2845 1012 non
2886 951 3198 1028 adsumus,
3239 954 3296 1010 δι

372 1034 512 1090 vere
553 1030 715 1091 aliud
753 1029 1012 1108 agimus,
1054 1047 1205 1109 quos
1246 1031 1364 1091 hoc
1404 1049 1579 1107 agere
1621 1030 1884 1109 oportuit
1922 1037 2011 1104 (vt
2047 1031 2109 1092 in
2149 1033 2328 1092 rebus
2367 1031 2548 1092 sacris
2576 1030 2720 1092 olim
2740 1033 3036 1092 clamabat
3055 1033 3299 1108 praeeo)

373 1111 429 1170 &
490 1111 611 1168 τόδ’
669 1111 831 1189 ἔργον
893 1111 971 1178 ὡς
1029 1113 1313 1191 πάρεργον
1352 1111 1751 1172 transsilimus.
1785 1110 2078 1172 Nimirum
2119 1110 2218 1171 hic
2257 1112 2481 1171 fructus
2519 1111 2672 1172 illius
2711 1113 3295 1191 πολυπραγμοσύνης,

374 1192 493 1250 hoc
556 1207 707 1268 opus
767 1189 919 1250 illius
979 1191 1400 1252 architectonis
1457 1191 1776 1269 aduersarij
1842 1191 2045 1252 salutis
2104 1201 2378 1267 nostrae,
2430 1191 2532 1269 qui
2571 1190 2962 1269 mille-opifex
3004 1209 3199 1250 rerum
3239 1193 3296 1250 &

374 1269 768 1330 mille-artifex
828 1290 939 1348 pro
1002 1288 1121 1330 vno
1176 1270 1439 1348 cogitato
1499 1273 1577 1331 ad
1617 1271 1994 1332 vocationem
2033 1283 2295 1332 nostram
2335 1270 2664 1349 pertinente
2703 1269 2962 1331 infundit
2999 1269 3183 1346 mille,
3224 1290 3297 1331 ex

374 1366 496 1427 quo
537 1368 647 1411 nos
692 1351 769 1410 ad
809 1351 969 1410 mille
1009 1349 1205 1428 potius
1246 1351 1361 1411 alia
1401 1354 1581 1428 quam
1621 1353 1701 1412 ad
1742 1353 1860 1412 hoc
1900 1351 2038 1412 ferri
2077 1350 2494 1412 animaduertit
2535 1350 2750 1430 ingenij
2790 1349 2978 1410 nostri
3017 1351 3289 1412 vanitate.

453 1432 651 1506 Atque
687 1431 907 1490 vtinam
953 1430 1010 1490 in
1054 1429 1146 1490 his
1184 1429 1401 1492 finibus
1443 1433 1583 1491 mali
1621 1433 1742 1492 hoc
1783 1442 2049 1492 nostrum
2091 1433 2313 1492 malum
2355 1430 2708 1509 subsideret,
2751 1449 2826 1491 ne
2866 1430 3106 1491 vlterius
3143 1430 3292 1491 abri-

374 1527 647 1587 peremur
685 1513 723 1569 a
762 1511 1078 1570 vocatione
1119 1521 1337 1572 nostra.
1381 1511 1807 1573 Grauissimum
1848 1513 2006 1572 enim
2044 1512 2100 1571 &
2141 1511 2612 1590 indignissimum
2653 1509 2919 1571 omnium
2961 1530 3035 1571 ex
3063 1510 3295 1589 perdito

371 1589 475 1650 illo
517 1589 781 1650 instituto
822 1590 884 1650 id
924 1590 1214 1668 consequi
1251 1593 1402 1652 solet
1449 1592 1706 1653 maximo
1748 1591 2050 1653 Ecclesiae
2089 1593 2332 1670 damn0,
2374 1591 2538 1668 quod
2578 1591 2616 1667 ij
2660 1591 2764 1668 qui
2799 1588 2990 1651 aliena
3011 1592 3294 1651 curant&

371 1670 448 1729 ad
487 1686 592 1730 sua
631 1669 744 1730 sibi
784 1669 1073 1749 imperata
1111 1669 1351 1732 minime
1391 1674 1734 1751 attendunt,
1775 1677 1849 1733 eo
1891 1673 2132 1732 tandem
2175 1671 2419 1732 veniunt
2457 1672 2806 1743 dementiae,
2847 1681 2910 1730 vt
2930 1669 3100 1730 obliti
3120 1672 3294 1748 plane

369 1749 699 1811 vocationis
739 1767 878 1811 suae
919 1769 1043 1810 non
1084 1752 1357 1811 dubitent
1398 1771 1469 1812 ea
1508 1755 1702 1813 facere
1748 1770 1901 1829 quae
1940 1751 2002 1812 in
2043 1762 2236 1814 totum
2278 1751 2575 1812 vocationi
2607 1750 2870 1828 ipsorum
2889 1751 3294 1812 aduersantur.

372 1830 536 1905 Quid
559 1829 737 1908 enim,
760 1832 1031 1909 obsecre,
1054 1830 1237 1891 facias
1258 1831 1339 1890 mi
1359 1833 1565 1910 home,
1581 1834 1683 1910 qui
1706 1831 1959 1893 forensia
1981 1851 2118 1892 cum
2138 1830 2592 1906 EcclesiasticiS,
2613 1832 2921 1909 prophana
2943 1847 3080 1890 cum
3095 1829 3293 1909 sacris,

373 1912 633 1970 humana
673 1928 807 1970 cum
864 1910 1078 1971 diuinis
1117 1912 1436 1972 conturbas
1475 1911 2029 1991 praefidentissime,
2084 1911 2195 1972 nisi
2235 1922 2299 1972 vt
2336 1912 2628 1971 inescatus
2668 1909 2890 1971 mellito
2930 1928 3165 1971 veneno
3184 1912 3293 1971 fas·

371 1989 637 2067 tidioque
668 1990 843 2050 huius
884 1990 1119 2067 mundi,
1161 2009 1337 2051 exuas
1378 2010 1573 2052 rerum
1614 2003 1949 2052 sanctarum
1984 1990 2244 2052 studium
2263 2011 2336 2052 ex
2358 1991 2798 2069 prophanatum
2820 1987 3295 2050 consuetudine?

371 2072 461 2129 Ita
501 2071 734 2130 accidet
774 2070 911 2147 tibi,
934 2072 1099 2148 quod
1122 2070 1265 2132 olim
1287 2072 1608 2148 prouerbio
1632 2072 1973 2148 dicebatur,
2014 2083 2076 2132 vt
2099 2073 2283 2133 modo
2304 2081 2567 2164 togatus,
2586 2072 2772 2132 modo
2793 2068 3063 2149 palliatus
3083 2070 3290 2129 ambu-

373 2152 485 2230 les,
537 2155 591 2211 δι
640 2161 952 2228 vtramque
992 2151 1269 2229 paginam
1310 2150 1399 2211 vir
1438 2155 1779 2233 ἑτερήμεροι·
1821 2164 2168 2230 corrumpas
2211 2150 2541 2212 vocationis
2579 2161 2717 2212 tuae
2734 2197 2754 2230 ,
2806 2149 2950 2210 dum
2987 2160 3295 2227 Vtramque

374 2228 648 2308 paginam
710 2232 915 2291 mundi
979 2231 1085 2292 tibi
1144 2231 1363 2292 videris
1423 2235 1635 2291 facere.
1699 2234 1864 2292 Deus
1903 2233 2092 2312 bone,
2135 2244 2423 2310 quantum
2464 2229 2735 2292 delirium
2779 2241 3008 2290 mentes
3046 2229 3294 2290 istorum

372 2309 684 2370 hominum
725 2320 1014 2390 occupat,
1067 2313 1169 2389 qui
1213 2329 1407 2371 rerum
1446 2312 1599 2372 adeo
1641 2314 1957 2372 multarum
2000 2332 2063 2373 se
2106 2331 2283 2391 posse
2323 2311 2635 2372 confidunt
2676 2313 2967 2388 satagere!
3034 2309 3174 2370 Non
3214 2309 3295 2370 ita

372 2390 705 2452 delirabant
763 2401 993 2453 veteres
1054 2390 1137 2452 illi
1198 2399 1410 2470 poetae
1469 2391 1530 2452 in
1592 2391 1817 2453 ratione
1881 2394 2150 2454 Deorum
2170 2409 2462 2469 suorum,
2517 2408 2671 2469 quos
2711 2402 2911 2452 tamen
2951 2389 3292 2451 hominibus

370 2474 550 2549 longe
601 2472 965 2550 potentiores
1006 2492 1134 2533 esse
1176 2474 1526 2533 fatebantur.
1583 2472 1724 2533 huic
1762 2475 2028 2550 caelum,
2068 2472 2151 2533 illi
2191 2474 2464 2548 aethera,
2504 2470 2644 2532 huic
2686 2470 3021 2532 inferiorem
3062 2477 3258 2530 aerem
3276 2515 3294 2548 ,

368 2549 451 2611 illi
510 2570 704 2628 mare,
768 2552 868 2611 vni
927 2564 1143 2614 terram
1159 2599 1176 2630 ,
1238 2553 1406 2613 alteri
1455 2553 1678 2613 inferos
1717 2553 2058 2614 tribuebant
2101 2552 2545 2631 procurandos:
2586 2550 2843 2643 denique
2883 2549 3153 2611 ordinem
3193 2548 3293 2610 ali-

372 2648 550 2708 quem
611 2631 895 2693 videbant
954 2632 1016 2693 in
1077 2632 1205 2693 Diis
1266 2633 1385 2694 suis
1445 2634 1897 2713 commentitiis,
1937 2652 2120 2713 quem
2161 2644 2257 2711 tu,
2296 2633 2514 2706 homo,
2554 2630 2614 2692 in
2657 2642 2716 2691 te
2755 2650 2887 2708 ipso
2926 2629 3131 2691 videre
3171 2647 3292 2690 non

371 2722 577 2789 potes:
640 2731 712 2771 ac
750 2712 1002 2791 proinde
1039 2713 1141 2774 vbi
1182 2713 1455 2774 ordinem
1495 2731 1618 2773 non
1658 2713 1856 2793 vides,
1910 2714 1971 2774 in
2016 2713 2313 2774 contraria
2352 2711 2574 2791 studia,
2615 2710 2963 2787 sententias,
3003 2708 3290 2771 actiones·

371 2810 516 2868 que,
578 2810 687 2869 pro
746 2812 808 2852 re
862 2805 1002 2853 nata
1050 2796 1112 2866 (f.
1174 2799 1312 2871 732)
1357 2806 1419 2854 vt
1457 2796 1687 2873 pluma,
1742 2794 1801 2854 in
1852 2796 2120 2856 diuersos
2159 2805 2370 2854 ventos
2391 2838 2409 2871 ,
2449 2795 2630 2869 quam
2673 2790 2950 2852 facillime
2989 2788 3296 2868 abriperis·

372 2873 499 2931 Nee
551 2876 694 2932 vero
748 2872 916 2933 aliter
968 2884 1163 2950 potest
1215 2874 1587 2952 contingere:
1643 2876 1780 2934 cum
1822 2875 1929 2936 tibi
1971 2875 2028 2935 in
2074 2874 2252 2935 rebus
2283 2892 2405 2933 non
2449 2884 2718 2951 constes,
2763 2870 3011 2932 omnino
3051 2887 3294 2932 necesse

372 2963 462 3012 est
499 2956 574 3013 eo
615 2952 938 3032 delabariS,
980 2965 1043 3014 vt
1082 2974 1195 3014 nec
1235 2974 1542 3031 sermone,
1584 2974 1697 3015 nec
1738 2954 2073 3016 actionibus
2113 2954 2226 3015 tuis
2268 2952 2477 3031 perdiu
2515 2951 2674 3014 idem
2714 2971 2842 3012 esse
2882 2949 3092 3030 possis.

452 3033 977 3108 Quemadmodum
1018 3045 1215 3095 autem
1255 3036 1321 3094 in
1362 3037 1535 3095 rebus
1576 3053 1743 3095 error
1783 3046 1870 3096 est
1911 3033 2192 3114 procliuis
2211 3079 2228 3109 ,
2268 3035 2369 3094 vbi
2408 3044 2529 3093 tam
2569 3030 2954 3110 multiplicem
2988 3040 3294 3109 capturam

371 3113 545 3173 vnica
605 3112 823 3191 ingenij
886 3114 1074 3175 nostri
1133 3114 1351 3175 lineola
1413 3117 1469 3175 &
1530 3114 1706 3175 vnico
1760 3115 1917 3175 iactu
1974 3135 2085 3177 nos
2134 3125 2509 3175 assecuturos
2557 3112 2945 3184 confidimus,
2988 3110 3071 3171 ita
3119 3108 3296 3171 etiam

370 3194 618 3252 alterum
672 3196 891 3253 malum
949 3194 1087 3254 huic
1127 3195 1461 3255 adnascitur
1501 3196 1863 3272 necessario,
1904 3196 2072 3273 quod
2110 3195 2327 3255 iustum
2369 3192 2615 3253 modum
2658 3211 2853 3253 rerum
2895 3194 3184 3268 peraeque
3223 3209 3296 3250 ac

372 3290 464 3332 res
518 3271 675 3348 ipsas
728 3274 1047 3350 perdimus.
1102 3277 1255 3334 Nam
1313 3293 1465 3352 quae
1520 3274 1792 3351 priuatim
1846 3277 1923 3335 ad
1979 3277 2227 3335 salutem
2269 3273 2597 3333 animarum
2639 3272 2831 3332 curari
2875 3288 3026 3349 opus
3064 3281 3185 3343 est,
3226 3290 3298 3331 ea

369 3351 605 3429 publice
658 3352 1050 3430 funditamus,
1104 3373 1259 3431 quae
1307 3354 1367 3414 in
1412 3374 1613 3414 aurem
1670 3356 2047 3429 insusurrari,
2090 3374 2162 3414 ea
2200 3372 2378 3431 super
2416 3364 2572 3412 tecta
2611 3351 3103 3431 pronunciamu53
3144 3369 3299 3427 quae

370 3433 578 3492 sedato
619 3432 853 3511 animo,
894 3453 965 3493 ea
1000 3453 1136 3494 cum
1178 3438 1440 3509 seruore3
1482 3453 1635 3512 quae
1674 3454 1810 3495 cum
1855 3434 2259 3511 vehementia,
2300 3453 2369 3494 ea
2409 3432 2654 3493 remisso
2693 3431 2926 3509 anim03
2967 3439 3119 3508 quae
3159 3447 3296 3491 cum

370 3513 523 3588 sale,
588 3531 658 3571 ea
722 3512 969 3588 insulse3
1032 3532 1186 3590 quae
1242 3532 1381 3574 cum
1441 3514 1823 3593 auctoritate,
1872 3535 1944 3575 ea
1999 3515 2197 3592 inepte
2251 3514 2327 3573 ad
2373 3512 2710 3573 Scribarum
2751 3511 2807 3570 &
2848 3510 3297 3571 Pharisaeorum

369 3592 704 3668 exemplum
746 3593 1177 3669 praedicantur.
1226 3597 1455 3671 Nempe
1495 3595 1905 3655 auctoritatem
1942 3608 2235 3665 nostram,
2275 3612 2396 3653 non
2420 3591 2993 3664 Christiquaerimus
3014 3590 3297 3669 plerique,

372 3673 427 3732 δι
480 3670 763 3747 opinione
818 3675 947 3733 freti
993 3673 1357 3734 auctoritatis
1414 3685 1650 3735 nostrae
1698 3685 2012 3751 vtramque
2052 3673 2355 3752 perdimus
2401 3671 2614 3733 miseri.
2658 3674 2734 3731 Et
2776 3671 3082 3751 miramur,
3123 3672 3298 3731 rebus

370 3749 453 3810 ita
505 3750 824 3831 stantibus,
879 3753 927 3813 si
978 3755 1226 3815 verbum
1279 3754 1393 3814 Dei
1444 3773 1651 3831 parum
1690 3757 1914 3815 fructus
1954 3754 2078 3816 edit
2117 3754 2175 3815 in
2220 3752 2502 3814 Ecclesiis
2543 3751 2890 3814 Christianis
2929 3753 3049 3812 hoc
3089 3762 3294 3841 nostro

2992 3841 3297 3908 temperer
