3923 4875
586 353 697 410 134
1528 345 1857 392 τηις-,ιε
1916 345 2562 394 τηεοιοσιοιιε.

574 509 991 587 reprobatione
1005 557 1022 588 ,
1060 528 1183 571 non
1224 510 1409 589 gratia
1449 509 1793 589 simpliciter
1806 557 1824 588 ,
1866 510 1925 570 in
1967 511 2272 572 hom-inem
2313 498 3146 592 simpliciter'consideratum3
3181 513 3492 592 inlapsum

573 593 717 650 vero
730 636 749 668 ,
787 593 844 651 δι
883 602 1261 668 peccatorem
1280 635 1299 664 ,
1336 590 1921 652 non-misericordia.
1964 594 2022 654 δι
2061 592 2212 653 haec
2251 593 2330 652 de
2363 591 2600 653 caussis,
2633 594 2760 656 Iam
2779 593 2860 652 ad
2881 591 3163 654 adiuncta
3182 594 3260 654 de
3276 593 3492 671 quibus

578 669 775 736 dicere
812 669 1229 748 proposuimus
1270 669 1425 732 thesi
1466 687 1519 763 5.

661 752 751 809 16.
832 752 1127 810 Adiuncta
1184 767 1527 811 communia
1582 761 1703 812 tam
1764 752 1965 813 electis
2023 755 2202 829 quam
2262 750 2532 830 reprobis
2594 753 2938 829 (antequam
2997 762 3099 812 aut
3151 751 3236 813 illi
3285 769 3494 830 reapse

577 831 873 890 donentur
911 830 1148 890 Christo
1192 849 1299 908 per
1336 830 1546 910 fidem,
1586 841 1689 890 aut
1726 830 1789 891 hi
1827 830 2050 892 malitia
2087 833 2143 892 δι
2181 831 2591 892 incredulitate
2631 831 2932 892 Christum
2971 834 3028 892 δι
3061 831 3350 892 beneficia
3367 831 3492 892 eius

574 914 873 986 respuant)
934 919 1069 970 sunt
1118 913 1156 969 a
1192 911 1327 971 Deo
1368 909 1597 989 optimo
1639 914 1696 972 δι
1732 911 1994 972 maximo
2033 910 2259 990 optime
2303 913 2358 970 &
2397 921 2674 989 potenter
2711 911 2931 990 creari3
2973 911 3220 990 deinde,
3260 915 3299 972 a
3336 909 3492 974 iusto

575 991 725 1050 iuste
770 989 879 1050 sini
919 989 1041 1050 labi
1078 989 1140 1050 in
1180 999 1513 1066 peccatum.

664 1087 748 1143 17.
830 1069 1074 1146 Optime
1134 1081 1407 1130 creantur
1465 1073 1504 1130 a
1565 1070 1701 1131 Deo
1752 1089 1964 1132 omnes
2003 1072 2060 1130 δι
2099 1069 2312 1148 singuli
2350 1070 2654 1142 homines,
2691 1079 2820 1130 tum
2860 1080 3150 1148 quatenus
3190 1070 3491 1131 Adamum

572 1148 701 1227 (qui
758 1149 1167 1210 consideratur
1223 1160 1289 1210 vt
1346 1168 1556 1210 omnes
1594 1150 1889 1225 homines)
1929 1149 2301 1227 immediate,
2340 1148 2402 1210 in
2441 1149 2774 1228 integritate
2788 1195 2806 1225 ,
2845 1150 2926 1210 ad
2967 1148 3284 1242 imaginem
3323 1165 3491 1212 suam

574 1227 796 1289 creauit
856 1230 1048 1308 Deus,
1119 1230 1266 1290 Gen.
1322 1249 1373 1290 1.
1422 1230 1511 1289 16.
1552 1240 1681 1289 tum
1722 1238 2012 1307 quatenus
2055 1247 2264 1298 omnes
2303 1240 2574 1306 posteros
2618 1229 2871 1309 Adami,
2911 1239 3166 1306 creatut,
3206 1239 3396 1306 creat,
3437 1233 3496 1290 δι

575 1317 875 1370 creaturus
938 1318 1027 1369 est
1076 1325 1263 1387 vsque
1300 1309 1379 1370 ad
1418 1309 1597 1369 finem
1638 1307 1877 1388 mundi,
1920 1309 2076 1370 bene
2114 1311 2172 1370 δι
2211 1308 2506 1388 inculpate
2545 1327 2654 1387 per
2693 1320 2996 1387 naturam,
3035 1327 3188 1388 quae
3227 1328 3304 1370 ex
3340 1307 3498 1370 insti-

573 1399 735 1464 tuto,
778 1389 905 1448 siue
945 1389 1066 1450 vllo
1106 1405 1217 1449 suo
1257 1387 1403 1449 vitio
1420 1432 1438 1466 ,
1480 1388 1785 1449 hominem
1825 1407 1934 1466 per
1972 1388 2277 1449 hominem
2318 1389 2524 1452 tundit.
2571 1391 2636 1465 (f.
2685 1391 2886 1466 1618.)

659 1471 749 1528 18.
827 1470 987 1530 Iuste
1048 1465 1317 1546 permissi
1372 1466 1493 1530 labi
1536 1467 1601 1528 in
1652 1479 1966 1546 peccatum
2007 1467 2311 1546 dicuntur,
2353 1479 2476 1535 tum
2517 1479 2809 1546 quatenus
2852 1469 3118 1530 Adamus
3155 1467 3494 1530 vniuersum

568 1565 755 1626 genus
793 1548 1116 1609 humanum
1156 1547 1218 1608 in
1254 1547 1473 1608 lumbis
1512 1547 1631 1608 suis
1669 1557 1934 1627 gestans,
1977 1550 2140 1608 bona
2179 1549 2481 1610 voluntate
2518 1549 2865 1626 instructus,
2899 1547 2960 1608 in
2995 1567 3060 1608 re
3079 1547 3361 1626 naturali,
3381 1546 3496 1609 sibi

568 1645 827 1705 suaeque
866 1639 1109 1688 naturae
1148 1626 1527 1688 concreditus
1540 1672 1559 1705 ,
1598 1626 1709 1690 sibi
1748 1631 1805 1688 δι
1844 1625 2097 1706 posteris
2135 1626 2255 1688 suis
2297 1629 2496 1707 lapsus
2533 1639 2642 1690 est.
2681 1631 2828 1688 Gen.
2851 1647 2908 1704 3.
2929 1631 2986 1686 6.
3029 1628 3184 1687 Tum
3203 1640 3494 1708 quatenus

570 1707 727 1768 iusto
786 1707 901 1767 Dei
960 1707 1181 1769 iudicio
1194 1753 1211 1786 ,
1262 1725 1471 1767 omnes
1522 1707 1794 1767 homines
1846 1711 1883 1768 a
1924 1707 2339 1786 peccatoribus
2380 1707 2753 1786 parentibus,
2793 1719 3170 1786 peccatores,
3209 1717 3492 1783 tanquam

572 1785 925 1865 elephantici
976 1788 1057 1847 ab
1088 1785 1485 1864 ·elephantieis
1524 1797 1876 1865 generantur
1891 1831 1909 1866 ,
1950 1789 2010 1848 ὅτ
2047 1798 2299 1865 peccato
2338 1790 2428 1864 (vt
2465 1790 2710 1861 vocant)
2754 1785 3054 1865 orginario
3093 1784 3382 1867 inquinati
3417 1788 3496 1846 ab

572 1877 771 1943 vter0,
845 1869 989 1924 Gen.
1043 1870 1101 1926 8.
1159 1887 1251 1927 21.
1310 1867 1418 1928 Ps.
1462 1882 1556 1942 51.
1604 1882 1658 1941 7.
1696 1866 1872 1928 morti
1912 1878 2186 1928 aeternae
2228 1866 2472 1944 obnoxii
2513 1877 2682 1944 sunt,
2736 1869 2910 1928 Rom.
2954 1883 3010 1944 5.
3057 1885 3147 1927 12.
3199 1885 3290 1940 14.
3333 1865 3501 1942 quod

573 1944 735 2085 enibrn
793 1944 1037 2036 quidam
1086 1964 1211 2005 non
1264 1945 1632 2026 moriuntur,
1668 1947 1789 2008 hoe
1832 1949 1899 2007 fit
1938 1948 2230 2010 beneficio
2271 1946 2604 2026 electionis,
2647 1948 2726 2008 de
2763 1964 2882 2024 qua
2922 1945 3246 2008 videndum
3283 1944 3498 2006 ordine

576 2043 657 2085 no
702 2043 753 2083 is
834 2043 903 2084 ro
948 2035 1119 2085 os1to.

661 2124 750 2182 19.
791 2044 1055 2164 pElEctio
1104 2107 1181 2166 ab
1222 2103 1499 2182 eligendo
1539 2105 1725 2184 dicta,
1766 2116 1831 2166 vt
1870 2107 2080 2187 ἐκλογή
2121 2107 2238 2171 ἀπὸ
2278 2109 2386 2166 τοῦ
2427 2107 2687 2186 ἐκλέγειν
2703 2151 2720 2176 ,
2758 2121 2912 2181 quae
2953 2107 3135 2166 verba
3173 2103 3502 2184 significant

578 2196 705 2244 tum
748 2183 997 2244 Graecis
1036 2195 1165 2244 tum
1204 2184 1427 2245 Latinis
1445 2231 1460 2258 ,
1502 2186 1597 2246 vel
1638 2204 1711 2246 ex
1751 2185 1989 2246 duobus
2027 2203 2212 2248 vnum
2229 2230 2248 2266 ,
2288 2185 2384 2246 vel
2425 2203 2500 2246 ex
2538 2185 2808 2263 pluribus
2847 2203 3029 2244 vnum
3063 2194 3165 2246 aut
3184 2184 3368 2244 multa
3389 2181 3504 2244 sibi

575 2281 851 2342 separare
864 2308 883 2337 ,
922 2262 1036 2324 sibi
1074 2282 1375 2326 assumere
1413 2267 1470 2324 &
1509 2263 1779 2326 retinere.

657 2363 749 2403 20.
832 2343 1063 2405 Electio
1102 2344 1167 2405 in
1208 2343 1527 2423 Scripturis
1569 2346 1932 2406 vocabulum
1973 2355 2064 2408 est
2103 2346 2463 2422 πολύφημον.
2504 2342 2808 2422 Significat
2847 2342 3005 2404 enim
3027 2344 3122 2402 vel
3141 2340 3500 2402 electionem

575 2424 957 2503 singularem,
1019 2442 1137 2503 qua
1193 2427 1359 2487 Deus
1416 2423 1531 2487 sibi
1588 2423 1878 2505 quosdam
1938 2424 2002 2485 in
2051 2423 2205 2487 filios
2247 2422 2542 2501 separauit
2580 2425 2659 2485 ab
2699 2433 2961 2485 aeterno.
3001 2423 3160 2502 Eph.
3209 2442 3260 2481 ι.
3302 2440 3360 2496 4.
3399 2431 3504 2481 aut

573 2504 739 2565 istius
788 2504 1095 2567 electionis
1146 2506 1225 2565 ab
1273 2515 1516 2566 aeterno
1570 2506 1795 2583 factae,
1837 2504 1898 2565 in
1938 2516 2208 2584 tempore
2249 2502 2692 2565 executionem:
2733 2505 2870 2565 Ioh.
2917 2520 3010 2583 15.
3062 2523 3155 2581 19.
3195 2503 3293 2563 vel
3331 2499 3507 2579 signi-

574 2586 715 2645 ficat
772 2582 1125 2645 electionem
1178 2603 1590 2657 communem,
1638 2602 1759 2663 qua
1798 2604 2058 2665 corpora
2093 2582 2404 2645 nationum
2445 2592 2794 2661 separantur
2831 2583 2910 2644 ab
2949 2582 3078 2643 aliis
3117 2580 3470 2659 corporibus
3483 2623 3502 2660 ,

574 2668 631 2726 δι
686 2662 1127 2725 sanctificantur
1174 2667 1215 2725 a
1253 2663 1549 2726 Domino:
1593 2666 1853 2743 quadam
1892 2662 2210 2725 vocatione
2247 2663 2588 2739 communi,
2626 2673 2908 2740 tanquam
2951 2660 3153 2722 medio
3195 2661 3274 2721 ad
3311 2658 3504 2738 singu-

574 2746 755 2805 larem
816 2744 1191 2805 vocationem
1246 2744 1527 2806 ordinato
1543 2790 1561 2819 ,
1613 2755 1677 2804 vt
1724 2744 2170 2822 praedieatione
2209 2742 2409 2822 verbi,
2453 2746 2509 2803 &
2549 2740 2967 2804 sacramentis:
3007 2743 3192 2802 Deut.
3237 2758 3290 2816 7.
3332 2742 3390 2799 8.
3429 2742 3508 2799 ἐν

580 2827 672 2884 26.
721 2826 813 2883 18.
850 2822 1139 2901 significat
1179 2833 1483 2902 praeterea
1522 2823 1734 2886 electio
1752 2870 1769 2903 ,
1808 2823 2163 2887 electionem
2202 2822 2282 2883 ad
2319 2838 2533 2883 munus
2573 2822 2822 2899 aliquod
2861 2820 2920 2881 in
2943 2818 3240 2897 Ecclesia,
3279 2820 3425 2879 Luc.
3447 2820 3505 2879 6.

582 2920 673 2982 15.
713 2905 843 2963 Act.
893 2923 943 2964 1.
989 2922 1081 2976 24.
1122 2914 1224 2963 aut
1263 2902 1491 2964 Politia.
1542 2924 1593 2965 1.
1632 2906 1850 2967 Paral.
1894 2906 1990 2963 28.
2032 2924 2091 2975 4.
2146 2903 2276 2963 Nos
2315 2902 2394 2963 de
2433 2902 2723 2963 electione
2762 2901 2824 2961 in
2865 2900 3056 2979 prima
3085 2898 3512 2977 significatione

575 3000 848 3063 agemus:
910 2982 1081 3043 tertia
1141 2985 1198 3043 δι
1258 2982 1471 3060 quarta
1487 3028 1506 3063 ,
1566 2994 1850 3060 tanquam
1911 2982 2223 3062 proposito
2285 2991 2496 3042 nostro
2549 3000 2672 3042 non
2715 2978 3210 3041 convenientibus
3249 2976 3512 3039 reiectis:

573 3062 871 3125 secundae
888 3105 906 3140 ,
946 3061 1009 3122 in
1051 3060 1446 3141 explicatione
1488 3063 1832 3125 effectorum
1874 3061 2184 3123 electionis
2221 3070 2496 3122 aeternae
2510 3106 2528 3137 ,
2569 3070 2870 3121 reseruato
2910 3062 3069 3121 loco.

654 3160 685 3199 2
699 3161 747 3203 1.
830 3140 1065 3202 Electio
1107 3142 1169 3202 in
1209 3142 1322 3201 hac
1360 3136 1798 3220 significatione
1836 3141 2032 3221 prima
2071 3150 2344 3219 accepta,
2387 3158 2450 3201 re
2489 3139 2651 3201 idem
2671 3149 2763 3201 est
2784 3156 2922 3200 cum
2942 3134 3512 3232 praedestinatione,

575 3238 713 3279 cum
755 3219 1137 3281 adiunctione
1181 3222 1553 3281 Sanctorum.
1594 3221 1643 3281 si
1681 3220 1843 3283 enim
1884 3219 2341 3299 praedestinatio
2381 3220 2629 3281 seorsim
2667 3221 2747 3280 ab
2789 3221 3081 3280 electione
3119 3226 3376 3295 ponatur
3389 3260 3407 3292 ,
3447 3233 3514 3276 re

574 3300 735 3359 idem
794 3309 884 3359 est
938 3319 1011 3359 ac
1065 3299 1311 3361 electio:
1366 3301 1423 3359 δε
1480 3312 1704 3361 contra.
1751 3300 1815 3362 Si
1854 3306 1998 3363 vero
2038 3299 2152 3362 sibi
2189 3298 2445 3361 inuicem
2487 3310 2899 3378 opponantur,
2939 3298 3168 3359 ratione
3207 3296 3508 3356 differunt:

576 3378 1036 3456 praedestinatio
1078 3378 1236 3439 enim
1277 3390 1471 3440 totum
1514 3380 1787 3441 ordinem
1830 3378 2054 3459 gratiae
2094 3382 2152 3442 δι
2191 3378 2443 3471 gloriae,
2483 3397 2666 3457 quam
2704 3396 2841 3438 cum
2882 3378 3002 3440 suis
3021 3375 3226 3439 electis
3245 3393 3508 3435 commu-

576 3458 735 3518 nicat
777 3459 939 3518 Deus
953 3502 969 3535 ,
1012 3458 1446 3537 oemplectitur.
1508 3458 1741 3521 Electio
1784 3465 1926 3521 vero
1942 3504 1961 3537 ,
2005 3469 2096 3521 est
2130 3476 2356 3537 primus
2389 3456 2668 3519 terminus
2706 3457 2931 3537 gratiae
2945 3504 2962 3537 ,
3001 3460 3058 3517 ὅτ
3099 3453 3354 3539 respicit
3371 3465 3508 3515 ‹tan-

576 3540 699 3598 tum
743 3556 1061 3615 personam
1099 3536 1161 3597 in
1202 3537 1440 3598 Christo
1454 3584 1472 3613 ,
1513 3540 1673 3599 velut
1711 3539 1773 3600 in
1814 3539 2038 3617 capite:
2063 3540 2180 3600 hoe
2201 3540 2550 3615 obseruat0,
2569 3536 3118 3615 praedestinationis
3135 3536 3508 3595 Sanctorum

578 3634 682 3678 seu
722 3616 1026 3677 electionis
1067 3616 1473 3678 definitionem
1514 3618 1821 3679 videamus
1861 3618 2166 3697 ipsissimis
2205 3616 2370 3678 Pauli
2407 3616 2604 3677 verbis
2645 3616 3022 3677 delineatam.
3051 3616 3212 3707 Eph.
3261 3634 3312 3673 1.
3354 3634 3411 3687 4.
3451 3630 3506 3691 5.

661 3717 753 3757 22.
836 3700 1307 3758 Praedestinatio
1348 3698 1697 3757 Sanctorum
1710 3744 1728 3779 ,
1769 3708 1859 3759 est
1901 3698 2206 3759 decretum
2223 3743 2240 3774 ,
2281 3714 2403 3775 quo
2444 3698 2606 3757 Deus
2647 3698 2824 3757 Pater
2862 3694 3107 3757 Domini
3144 3692 3334 3753 nostri
3374 3696 3510 3753 Iesu

579 3776 828 3855 Christi,
878 3795 989 3855 pro
1038 3775 1416 3855 beneplacito
1469 3777 1787 3839 voluntatis
1828 3794 1998 3854 suae,
2034 3778 2114 3838 ab
2155 3787 2396 3838 aeterno
2435 3794 2549 3836 nos
2587 3774 3044 3855 praedestinauit
3083 3774 3168 3848 (id
3207 3783 3296 3832 est
3333 3790 3509 3849 quos·

576 3856 715 3916 dam
755 3875 831 3915 ex
872 3854 1241 3933 hominibus)
1286 3854 1399 3917 sibi
1437 3857 1515 3916 ad
1568 3858 1877 3919 ὑιοθισιαν
1916 3856 1978 3916 in
2018 3856 2282 3934 Christ0,
2321 3856 2401 3915 ad
2440 3856 2676 3916 laudem
2717 3854 2940 3933 gloriae
2978 3852 3198 3931 gratiae
3237 3869 3398 3913 suae.

660 3954 755 4010 23.
842 3936 1101 3995 Causam
1147 3937 1489 4013 efficientem
1534 3936 1821 3996 denotant
1862 3937 2044 3997 verba
2057 3982 2075 4010 ,
2117 3938 2280 3997 Deus
2322 3937 2522 4009 Pater,
2565 3937 2674 3995 ὅτε.
2716 3936 3106 4009 Impulsiuam
3123 3975 3142 4008 ,
3182 3950 3293 4009 pro
3333 3932 3510 3992 bene-

574 4014 827 4090 placito,
868 4018 979 4074 ὅτε.
1021 4016 1099 4075 de
1136 4032 1255 4093 qua
1304 4032 1441 4075 cum
1481 4013 1799 4088 dixerimus
1839 4014 2010 4092 (nihil
2051 4026 2248 4075 autem
2293 4013 2546 4075 diximus
2588 4019 2738 4075 aare?
2779 4016 2982 4091 θέσιν,
3021 4012 3128 4071 sed
3167 4012 3360 4071 solum
3385 4014 3508 4071 κατ’

580 4094 781 4169 ἄρσιν)
822 4110 1057 4169 causas,
1099 4112 1251 4171 quae
1290 4095 1612 4155 afferuntur
1650 4093 1825 4173 aliae,
1866 4094 2096 4155 fictitias
2135 4114 2264 4155 esse
2303 4092 2840 4155 demonstrabimus
2881 4094 2937 4153 δι
2975 4093 3272 4153 tollemus.

662 4188 754 4242 24.
840 4172 1060 4233 Christi
1096 4172 1279 4251 ipsius
1322 4173 1599 4234 meritum
1639 4193 1763 4234 non
1804 4185 2002 4251 potest
2043 4173 2164 4235 dici
2202 4189 2417 4234 causa:
2449 4174 2587 4249 quia
2619 4184 2709 4235 est
2727 4170 3055 4233 remedium
3079 4169 3272 4230 morbi
3292 4168 3511 4241 nostri,

579 4251 825 4310 morbus
883 4255 1029 4311 vero
1085 4252 1297 4313 ordine
1354 4252 1655 4330 praecedit
1708 4253 2067 4315 remedium:
2107 4262 2330 4330 quanto
2371 4252 2558 4332 magis
2597 4252 2810 4315 electio
2848 4250 2996 4322 Dei,
3037 4268 3188 4328 quae
3227 4270 3340 4311 nos
3377 4258 3513 4309 ante

580 4330 856 4390 morbum
896 4329 1077 4409 vidit,
1118 4332 1173 4391 δι
1216 4332 1293 4391 ad
1337 4332 1709 4393 curationem
1749 4331 1947 4394 morbi
1987 4332 2176 4394 nostri
2217 4332 2428 4394 merito
2469 4331 2690 4394 Christi
2727 4351 2832 4391 vsa
2877 4328 3000 4392 est?
3059 4332 3118 4391 N
3119 4348 3201 4390 on
3214 4330 3515 4468 hvoluntas

3259 4426 3504 4487 ommis,
