3923 4875
600 291 709 366 156
1521 299 1845 345 'rnasss
1904 294 2556 342 THssoLootcAt.

594 485 801 525 omnes
859 462 1337 538 comprehendit,
1398 462 1536 540 quia
1590 464 1679 522 vel
1733 465 2013 523 caelestes
2052 474 2187 522 sunt
2230 462 2319 522 vel
2357 472 2658 522 terrestres
2702 463 2794 521 vel
2841 481 2912 522 ex
2959 463 3213 540 Vtrisque
3253 483 3504 540 compo—

592 545 767 621 sitae,
808 544 953 602 mari
993 541 1196 603 itidem
1238 542 1371 619 (nisi
1410 542 1619 602 diserte
1656 541 2038 620 exprimatur)
2079 545 2222 602 Pro.
2265 545 2320 600 8.
2368 544 2458 600 26.
2507 557 2598 615 27.
2647 545 2738 602 28.
2785 562 2878 618 29.
2913 543 3024 601 sub
3043 554 3229 602 terrae
3259 545 3500 604 nomine

592 623 1054 702 comprehenso,
1092 627 1196 682 Ps.
1245 625 1374 696 146.
1415 625 1471 682 6.
1514 625 1639 683 Act.
1690 642 1782 695 14.
1830 638 1917 700 15.
1963 641 2037 680 eo
2077 621 2240 698 quod
2279 639 2416 681 cum
2455 640 2526 681 ea
2564 622 2808 698 globum
2851 640 3032 681 vnum
3073 623 3301 682 efficiat.

678 722 730 778 7.
813 704 1073 780 Deinde,
1136 704 1247 762 hae
1306 701 1513 763 mundi
1570 701 1789 780 partes
1824 699 2182 763 considerari
2233 700 2410 760 etiam
2460 713 2705 778 possunt
2743 715 2806 760 vt
2847 701 3243 762 continentes:
3285 705 3340 763 &
3380 704 3500 762 hoc

598 801 771 842 sensu
824 781 1165 842 vniuersitas
1203 799 1398 842 rerum
1436 781 1716 843 diuiditur
1752 782 1813 842 in
1852 801 1947 841 res
1985 780 2352 840 continentes
2397 783 2452 840 81
2491 790 2798 840 contentas
2811 825 2828 857 ,
2869 781 2930 840 id
2971 791 3058 840 est
3071 826 3089 857 ,
3131 781 3496 842 domicilium

598 867 652 923 &
712 863 952 922 incolas
1012 860 1392 922 Domicilium
1452 863 1600 940 hoc,
1660 872 1927 940 respectu
1987 859 2105 919 loci
2163 873 2252 920 est
2309 861 2557 936 duplex,
2616 860 2855 920 inferius
2913 863 2968 920 81
3019 860 3310 938 superius:
3353 861 3499 922 illud

598 943 901 1002 elementis
954 941 1187 1002 duobus
1236 942 1515 1019 grauibus
1558 951 1747 1002 terrae
1784 944 1841 1002 &
1878 957 2098 1016 aquae,
2141 941 2194 998 81
2235 939 2352 1000 suis
2391 938 2758 1000 elementatis
2807 939 3186 1000 destinatum:
3230 941 3347 1000 hoc
3387 961 3500 1019 pro

596 1039 706 1082 suo
746 1020 858 1080 situ
898 1021 1108 1098 triplici
1148 1021 1323 1080 etiam
1362 1021 1573 1099 triplex
1612 1020 1849 1098 ponitur
1886 1019 1949 1080 in
1989 1019 2301 1096 Scriptura.
2340 1020 2390 1078 1.
2432 1020 2540 1080 Est
2579 1023 2793 1079 coelum
2833 1018 3171 1096 simpliciter
3189 1037 3466 1098 superum
3483 1065 3502 1095 ,

596 1101 761 1178 quod
819 1104 1042 1160 aerium
1102 1102 1455 1179 appellatur:
1515 1111 1721 1177 estque
1779 1109 1906 1160 tota
1965 1099 2111 1158 haec
2170 1097 2451 1176 expansio
2491 1100 2640 1159 aeris
2655 1143 2673 1174 ,
2717 1109 2894 1174 atque
2932 1098 3082 1176 ignis
3121 1100 3199 1158 ab
3239 1100 3404 1176 aquis
3443 1105 3501 1160 &

592 1190 747 1240 terra
798 1181 877 1239 ad
916 1183 1091 1240 lunae
1128 1198 1313 1258 vsque
1354 1183 1588 1241 orbem:
1630 1179 1797 1256 quod
1832 1190 1961 1239 tum
2004 1180 2296 1238 elementa
2335 1178 2447 1237 alia
2487 1179 2608 1238 duo
2647 1187 2846 1238 aerem
2886 1190 3064 1255 atque
3103 1177 3300 1270 ignem
3314 1224 3331 1254 ,
3373 1190 3498 1239 tum

597 1279 669 1320 ea
733 1277 886 1336 quae
945 1263 1077 1338 plus
1134 1259 1325 1320 ae'riae
1380 1269 1621 1320 naturae
1681 1259 1931 1334 habent,
1987 1257 2278 1329 continet,
2317 1258 2475 1317 vnde
2515 1275 2652 1318 aues
2693 1259 2960 1318 volucres
2999 1261 3144 1318 caeli
3183 1263 3221 1318 ὲ,
3261 1259 3500 1320 Christo

596 1349 897 1400 vocantur.
961 1341 1173 1399 Matth.
1215 1342 1269 1398 6.
1314 1342 1407 1400 26.
1458 1342 1662 1398 confer
1716 1356 1865 1398 cum·
1892 1339 2111 1398 GeneS.
2159 1359 2210 1397 1.
2255 1357 2346 1397 20.
2391 1339 2464 1396 Π.
2509 1341 2744 1398 coelum
2789 1338 3052 1415 superius
3091 1349 3500 1416 comparatum

593 1437 731 1478 cum
794 1419 985 1496 primo
1002 1463 1019 1492 ,
1077 1431 1165 1478 est
1217 1420 1531 1495 sydereum
1583 1419 1639 1477 81
1696 1419 2021 1478 aethereum
2081 1435 2288 1478 omnes
2349 1419 2636 1478 coelestes
2673 1419 2880 1492 orbes,
2919 1421 2976 1478 &
3015 1435 3153 1477 cum
3193 1416 3262 1477 iis
3303 1419 3500 1478 stellas

592 1499 919 1558 continens.
979 1499 1085 1558 ΙΙΙ.
1126 1499 1389 1576 coelum,
1428 1508 1515 1558 est
1553 1513 1847 1558 summum
1889 1497 2034 1556 illud
2073 1502 2423 1575 (empyreum
2465 1501 2706 1566 vocant)
2745 1499 2914 1573 quod
2953 1497 3398 1574 incorruptibile
3441 1499 3498 1556 &

529 1582 566 1628 ὓ
596 1577 901 1638 immobile
960 1591 1076 1638 est:
1137 1579 1256 1637 hoc
1295 1578 1401 1637 etsi
1442 1580 1603 1636 nulla
1648 1575 1797 1636 ratio
1840 1576 2086 1652 Physica
2125 1595 2252 1636 esse
2292 1577 2578 1652 demon(f.
2627 1579 2994 1652 1637.)stret,
3033 1577 3172 1653 quia
3213 1577 3497 1652 Physicae

589 1658 891 1718 obiectum
930 1669 1018 1716 est
1057 1675 1274 1735 corpus
1314 1660 1370 1717 &
1406 1657 1748 1716 affectiones
1786 1654 1996 1733 ipsiuS,
2039 1659 2094 1716 &
2135 1655 2472 1716 caelestium
2509 1675 2828 1734 corporum
2871 1657 3214 1732 magnitudo
3248 1675 3321 1716 ex
3355 1658 3488 1716 solo

594 1747 760 1796 motu
810 1746 1126 1813 aspectuve
1180 1735 1667 1813 deprehenditur,
1716 1735 1863 1795 illud
1902 1745 2097 1796 autem
2138 1754 2332 1813 neque
2373 1738 2552 1796 vllum
2589 1747 2815 1796 motum
2855 1735 3108 1796 vindicat
3140 1753 3334 1813 neque
3371 1733 3486 1794 sub

597 1833 831 1876 sensum
891 1814 1079 1892 cadit,
1140 1815 1245 1874 sed
1304 1815 1506 1890 νοητὸν
1562 1817 1790 1876 tantum
1831 1815 2005 1876 nobis
2045 1825 2164 1874 est:
2206 1817 2580 1875 statuendum
2622 1827 2819 1874 tamen
2863 1814 3074 1874 Diuina
3113 1814 3498 1892 Philosophia

599 1896 806 1970 docet,
866 1893 1009 1952 illud
1069 1911 1317 1966 vocans,
1380 1895 1746 1972 paradisum,
1806 1895 1998 1955 sinum
2047 1895 2354 1964 Abrahae,
2408 1896 2612 1956 sedem
2651 1896 2792 1971 Dei,
2833 1899 2945 1956 &c.
2985 1900 3190 1970 estque
3229 1895 3498 1954 omnium

598 1975 908 2034 beatorum
948 1973 1356 2040 habitaculum,
1384 1972 1444 2032 in
1486 1975 1651 2051 quod
1680 1973 1944 2035 Christus
1985 1975 2277 2052 ascendit,
2315 1977 2446 2035 Act.
2497 1995 2544 2034 1.
2595 1994 2683 2033 11.
2727 1976 2941 2050 Eplies.
2982 1995 3040 2047 4.
3082 1993 3168 2035 ιο.
3203 1977 3259 2036 81
3281 1975 3490 2033 Paulus

603 2072 667 2112 se
708 2061 941 2129 raptum
982 2070 1111 2112 esse
1147 2052 1309 2114 dicit.
1354 2071 1405 2112 2.
1452 2055 1589 2114 Cor.
1638 2074 1725 2113 12.
1772 2075 1825 2114 2.

676 2136 731 2192 8.
812 2129 1075 2191 Primum
1134 2130 1280 2192 illud
1338 2134 1569 2194 caelum
1628 2137 1853 2193 a'e'rium
1907 2154 1981 2194 ex
2020 2135 2260 2195 informi
2299 2134 2396 2193 illa
2437 2133 2679 2193 materia
2720 2135 3036 2192 formatum
3085 2151 3209 2192 esse
3249 2151 3370 2192 non
3409 2145 3498 2192 est

598 2211 862 2271 dubium.
904 2211 1243 2272 Secundum
1282 2214 1607 2272 aethereum
1646 2213 1885 2290 quidam
1926 2233 2002 2274 ex
2031 2213 2270 2290 propria
2303 2213 2546 2273 materia
2567 2213 2900 2273 immediate
2921 2216 2958 2271 a
2981 2215 3111 2272 Deo
3145 2223 3338 2272 creata
3355 2231 3498 2271 con-

597 2303 753 2351 stare
810 2301 1106 2369 asserunt,
1156 2310 1267 2352 nos
1316 2291 1464 2352 illud
1509 2315 1583 2354 ex
1621 2295 1831 2354 eadem
1872 2294 2116 2354 materia
2150 2291 2386 2354 informi
2427 2294 2784 2369 productum
2826 2311 2952 2352 esse
2991 2293 3295 2351 statuimus
3337 2290 3498 2366 (licet

592 2389 769 2448 supra
820 2369 1045 2449 reliqua
1101 2390 1355 2450 corpora
1411 2375 1590 2453 longe
1648 2375 1916 2451 excellat)
1972 2385 2150 2451 atque
2211 2373 2346 2432 hinc
2407 2382 2526 2447 est,
2567 2373 2732 2449 quod
2771 2392 2949 2431 omne
2994 2371 3214 2431 visibile
3253 2373 3490 2430 coelum

595 2450 925 2511 alterationi
963 2454 1020 2512 &
1060 2452 1369 2512 mutationi
1412 2454 1485 2513 sit
1522 2453 1876 2531 obnoxium,
1915 2456 2073 2515 iuxta
2112 2454 2254 2513 illud
2267 2499 2285 2531 ,
2323 2456 2472 2512 caeli
2505 2473 2629 2512 cum
2671 2456 2925 2513 stridore
2951 2454 3387 2529 praeteribunt,
3431 2470 3487 2512 2.

597 2533 720 2591 Pet.
764 2550 821 2607 3.
873 2550 961 2591 10.
1016 2534 1071 2593 &
1109 2534 1225 2593 erit
1259 2535 1479 2592 caelum
1522 2555 1734 2594 nouum
1775 2536 1853 2594 ὃν
1892 2544 2058 2594 terra
2097 2554 2283 2609 noua,
2335 2534 2474 2593 Esa.
2521 2548 2611 2609 15.
2659 2549 2750 2607 17.
2793 2534 2846 2591 81
2886 2533 2984 2591 66.
3030 2552 3122 2591 22.
3161 2533 3353 2607 Apoc.
3403 2532 3498 2591 21.

604 2631 654 2670 1.
693 2614 801 2670 &a
841 2608 1105 2671 Tertium
1148 2616 1287 2673 vero
1328 2613 1557 2673 caelum
1597 2611 1877 2673 sentimus
1914 2632 2039 2673 non
2079 2632 2205 2673 esse
2245 2612 2525 2672 eductum
2564 2630 2638 2671 ex
2677 2611 2918 2671 materia
2955 2609 3192 2670 informi
3229 2609 3328 2670 illa
3359 2612 3500 2669 tohu

597 2692 674 2749 ὁ*
711 2691 895 2769 holm,
933 2692 1039 2749 sed
1078 2694 1195 2750 vna
1232 2709 1371 2751 cum
1409 2692 1511 2751 illa
1550 2694 1715 2767 (duo.
1756 2712 1817 2753 n.
1860 2692 1956 2753 illa
1999 2696 2200 2754 Moses
2239 2710 2345 2769 per
2385 2710 2563 2751 voces
2602 2693 2966 2765 schamaiim,
3003 2692 3080 2749 ἐν·
3111 2691 3326 2767 Arots,
3353 2690 3500 2749 caeli

596 2773 652 2829 &
692 2779 907 2846 terrae,
958 2771 1103 2830 Gen.
1152 2790 1201 2830 1.
1252 2790 1299 2830 1.
1342 2772 1641 2852 exprimit)
1682 2772 1875 2850 primo
1915 2772 2013 2832 die
2053 2794 2124 2833 ex
2169 2770 2352 2832 nihilo
2391 2782 2684 2849 creatum3
2724 2780 2788 2829 vt
2825 2769 2938 2830 situ
2979 2773 3034 2829 &
3067 2769 3390 2829 substantia
3418 2769 3502 2828 ita

595 2851 649 2908 &
696 2849 1043 2909 omnimoda
1082 2850 1434 2927 praestantia
1472 2869 1649 2929 supra
1688 2854 1886 2913 caelos
1925 2852 2310 2929 aspectabiles
2349 2850 2570 2910 aerium
2610 2854 2665 2911 81
2701 2850 3021 2909 aetherium
3043 2848 3330 2908 eminens:
3353 2846 3466 2908 situ
3482 2894 3500 2925 ,

594 2928 731 3005 quia
782 2944 960 3005 supra
1012 2947 1116 2988 eos
1164 2932 1202 2989 a
1241 2931 1374 2989 Deo
1415 2932 1798 2992 constitutum
1838 2936 1894 2992 &
1933 2935 2282 2993 formatum:
2325 2929 2677 3007 substantia,
2718 2930 2854 3006 quia
2894 2927 3308 3005 incorporeum
3349 2928 3496 2987 nulli

601 3006 860 3096 passioni
908 3011 963 3067 &
1020 3006 1328 3069 mutationi
1368 3010 1701 3072 subiacens:
1743 3012 2088 3072 omnimoda
2127 3009 2504 3102 praestantia,
2546 3008 2685 3086 quia
2724 3007 3139 3069 lucidissimum
3155 3052 3174 3085 ,
3211 3006 3503 3068 iucundis-

600 3104 848 3164 simum,
888 3086 1374 3165 pulcherrimum,
1415 3094 1525 3150 &c.
1590 3092 1762 3151 Haec
1802 3090 1878 3151 de
1922 3090 2242 3151 domicilio.

682 3186 738 3243 9.
820 3168 1060 3226 Incolae
1098 3167 1354 3246 supremi
1394 3168 1545 3228 illius
1586 3169 1868 3245 domicilij
1910 3170 2082 3247 (tertij
2126 3170 2346 3230 scilicet
2385 3170 2554 3245 caeli)
2589 3178 2723 3227 sunt
2742 3167 2936 3245 angeli
2957 3165 3131 3227 boni:
3155 3169 3210 3225 &
3231 3166 3502 3227 homines

602 3245 827 3321 fideles,
867 3249 926 3305 a'
948 3256 1139 3307 morte
1178 3246 1406 3325 anima,
1444 3252 1482 3307 a
1516 3250 1939 3310 resurrectione
1958 3249 2156 3310 anima
2175 3251 2230 3309 &
2271 3267 2545 3326 corpore.
2573 3268 2622 3307 1.
2645 3246 2885 3326 Angeli,
2905 3248 3118 3307 horum
3137 3245 3500 3305 creationem

602 3323 870 3400 quamuis
904 3328 1105 3385 Moses
1141 3326 1262 3400 (cui
1300 3328 1612 3405 praecipue
1649 3327 1964 3388 visibilium
2005 3340 2401 3389 creaturarum
2435 3327 2642 3389 seriem
2664 3338 2963 3403 pertexere
2986 3326 3350 3403 propositum
3371 3324 3502 3399 fuit)

601 3422 723 3463 non
786 3404 1103 3483 exprimat,
1155 3416 1350 3465 tamen
1391 3406 1574 3467 creati
1613 3417 1765 3467 sunt.
1808 3412 1949 3467 Psa.
2003 3428 2130 3481 114.
2173 3429 2230 3482 4.
2277 3410 2408 3467 Cor.
2459 3429 2508 3467 1.
2553 3425 2607 3481 7.
2650 3410 2705 3467 &
2743 3409 2853 3466 sub
2893 3407 3135 3467 nomine
3176 3407 3501 3465 coelorum.

614 3486 757 3545 Gen.
808 3504 855 3543 1.
899 3504 947 3542 1.
986 3483 1227 3562 intelligi
1268 3496 1532 3562 possunt.
1590 3506 1639 3545 1.
1684 3488 1831 3547 Sunt
1868 3498 2066 3547 autem
2103 3486 2490 3561 substantiae,
2532 3485 2858 3563 spirituales
2874 3529 2891 3563 ,
2931 3484 3255 3563 simpliceS,
3295 3483 3502 3544 indiui-

605 3560 828 3639 sibileS,
870 3582 973 3639 per
1010 3583 1075 3623 se
1112 3566 1339 3623 tantum
1376 3565 1788 3646 subsistenteS,
1828 3586 2047 3645 magno
2086 3584 2366 3641 numero,
2405 3569 2573 3626 Dan.
2619 3582 2670 3640 7.
2713 3585 2803 3625 10.
2837 3567 2994 3625 Mat.
3023 3567 3116 3625 26.
3139 3580 3233 3641 53.
3263 3568 3318 3625 &
3337 3574 3500 3623 certo

604 3640 832 3702 ordine.
872 3644 1088 3719 Ephes.
1144 3662 1191 3702 1.
1238 3664 1330 3703 21.
1376 3647 1492 3703 Col.
1542 3648 1632 3705 16.
1673 3645 1863 3723 primo
1903 3646 2002 3707 die
2051 3648 2198 3709 Gen.
2247 3668 2294 3706 1.
2343 3666 2393 3706 1.
2435 3648 2511 3705 ἂν·
2553 3666 2604 3703 2.
2655 3664 2703 3703 1.
2744 3646 2872 3704 Iob.
2907 3649 3002 3720 38.
3045 3647 3102 3704 6.
3145 3660 3198 3719 7.
3249 3646 3424 3703 Ioan.
3451 3662 3502 3702 1.

610 3741 665 3796 3.
712 3722 830 3784 Col.
878 3742 901 3780 1
914 3766 927 3781 .
980 3724 1071 3783 16.
1111 3725 1148 3780 ὲ.
1186 3724 1327 3783 Deo.
1364 3744 1433 3783 ex
1472 3724 1657 3785 nihilo
1696 3727 1774 3786 ad
1812 3725 2195 3785 ministerium
2235 3724 2414 3803 ipsius
2457 3734 2704 3786 creatae.
2769 3726 2968 3815 Atque
3007 3724 3068 3784 hi
3107 3722 3344 3801 quidem
3379 3740 3502 3781 om—

605 3819 711 3860 nes
768 3800 845 3860 ab
908 3800 1074 3861 initio
1114 3802 1256 3862 boni
1323 3805 1471 3863 Gen.
1536 3824 1585 3863 1.
1626 3824 1721 3881 31.
1764 3804 2055 3882 (quamuis
2096 3804 2448 3866 mutabiliter
2487 3806 2654 3879 tales)
2704 3814 2884 3863 creati
2923 3815 3083 3864 sunt:
3125 3802 3262 3879 quia
3303 3811 3502 3861 tamen

604 3897 810 3939 eorum
858 3879 1039 3957 aliqui
1092 3880 1273 3942 libera
1323 3884 1627 3943 voluntate
1672 3901 1779 3945 sua
1816 3888 1853 3943 a
1894 3885 2135 3945 veritate
2173 3887 2228 3945 81
2269 3884 2597 3962 integritate
2612 3928 2630 3961 ,
2665 3882 2729 3943 in
2768 3901 2886 3959 qua
2922 3902 3027 3959 per
3066 3881 3426 3941 creationem
3467 3884 3504 3940 a

606 3960 740 4019 Deo
780 3970 944 4019 erant
986 3960 1318 4037 constituti,
1360 3962 1728 4023 defecerunt:
1770 3965 1943 4023 Ioan.
1988 3969 2041 4024 8.
2086 3984 2182 4037 44.
2231 3984 2278 4023 1.
2322 3965 2492 4023 Ioan.
2538 3984 2592 4041 3.
2633 3982 2690 4039 9.
2729 3962 2872 4022 hinc
2911 3972 2998 4022 est
3038 3963 3202 4038 quod
3235 3959 3328 4021 isti
3361 3962 3510 4021 mali

607 4038 1003 4127 appellantur,
1062 4042 1119 4100 &
1176 4044 1211 4101 e
1258 4042 1433 4101 coelo
1482 4041 1583 4102 illo
1632 4043 1803 4103 eiecti
1862 4054 1996 4103 sunt
2046 4042 2107 4102 in
2147 4052 2344 4103 ae‘rem
2384 4042 2798 4121 caliginosum,
2837 4051 3226 4118 aeternaeque
3265 4040 3504 4099 damna-

606 4116 751 4176 tiom
790 4116 1136 4178 adiudicati:
1176 4122 1400 4181 Matth.
1444 4138 1535 4198 25.
1576 4142 1673 4195 41.
1722 4144 1775 4183 2.
1814 4125 1982 4183 Petri
2022 4143 2075 4182 2.
2116 4143 2172 4196 4.
2215 4125 2292 4182 ὁ·
2328 4124 2465 4181 Iud.
2504 4144 2558 4183 v.
2604 4124 2660 4181 6.
2700 4122 2793 4197 alij
2831 4132 3025 4180 autem
3066 4120 3168 4197 qui
3199 4120 3260 4179 in
3280 4119 3380 4179 illa
3399 4136 3506 4178 sua

604 4195 933 4271 integritate
992 4197 1268 4275 singulari
1327 4201 1651 4261 conditoris
1701 4200 1887 4279 gratia
1922 4213 2398 4280 permanserunt,
2439 4205 2493 4261 &
2535 4200 2864 4261 confirmati
2901 4210 3065 4276 sunt,
3105 4202 3264 4259 Mat.
3307 4201 3362 4257 6.
3413 4217 3502 4258 10.

607 4276 743 4334 boni
800 4275 1164 4351 appellantur
1226 4281 1279 4337 &
1340 4280 1568 4338 tertium
1620 4281 1763 4340 illud
1804 4283 1859 4341 &
1900 4299 2191 4341 summum
2236 4283 2470 4341 coelum
2512 4280 2853 4340 inhabitant.
2916 4278 3152 4354 Reliqui
3189 4276 3504 4355 superioris

3353 4356 3504 4415 illius
