<?xml version="1.0" encoding="UTF-8"?>
<!DOCTYPE html PUBLIC "-//W3C//DTD XHTML 1.0 Transitional//EN"
    "http://www.w3.org/TR/xhtml1/DTD/xhtml1-transitional.dtd">
<html xmlns="http://www.w3.org/1999/xhtml" xml:lang="en" lang="en">
 <head>
  <title>
</title>
<meta http-equiv="Content-Type" content="text/html;charset=utf-8" />
  <meta name='ocr-system' content='tesseract 3.04.00' />
  <meta name='ocr-capabilities' content='ocr_page ocr_carea ocr_par ocr_line ocrx_word'/>
</head>
<body>
  <div class='ocr_page' id='page_1' title='image "./dfranciscijunii00junigoog_0494.png"; bbox 0 0 3923 4875; ppageno 0'>
   <div class='ocr_carea' id='block_1_1' title="bbox 696 340 2572 413">
    <p class='ocr_par' dir='ltr' id='par_1_1' title="bbox 696 340 2572 413">
     <span class='ocr_line' id='line_1_1' title="bbox 696 340 2572 413; baseline -0.001 -12"><span class='ocrx_word' id='word_1_1' title='bbox 696 340 817 413; x_wconf 74' lang='lat'>⁴⁶6</span> <span class='ocrx_word' id='word_1_2' title='bbox 1772 356 2188 401; x_wconf 67' lang='lat' dir='ltr'>trutinet</span> <span class='ocrx_word' id='word_1_3' title='bbox 2247 356 2470 401; x_wconf 62' lang='lat' dir='ltr'>rans</span> <span class='ocrx_word' id='word_1_4' title='bbox 2527 354 2572 399; x_wconf 83' lang='grc'>1.</span> 
     </span>
    </p>
   </div>
   <div class='ocr_carea' id='block_1_2' title="bbox 682 512 3799 4520">
    <p class='ocr_par' dir='ltr' id='par_1_2' title="bbox 696 512 3710 675">
     <span class='ocr_line' id='line_1_2' title="bbox 698 512 3710 596; baseline -0.002 -19"><span class='ocrx_word' id='word_1_5' title='bbox 698 516 1071 595; x_wconf 80' lang='lat' dir='ltr'>Prophetae,</span> <span class='ocrx_word' id='word_1_6' title='bbox 1108 516 1277 576; x_wconf 76' lang='lat' dir='ltr'>aliter</span> <span class='ocrx_word' id='word_1_7' title='bbox 1316 518 1617 595; x_wconf 77' lang='lat' dir='ltr'>Apostoli.</span> <span class='ocrx_word' id='word_1_8' title='bbox 1662 516 1829 577; x_wconf 85' lang='lat' dir='ltr'>aliter</span> <span class='ocrx_word' id='word_1_9' title='bbox 1866 516 2126 595; x_wconf 82' lang='lat' dir='ltr'>denique</span> <span class='ocrx_word' id='word_1_10' title='bbox 2163 518 2354 577; x_wconf 78' lang='lat' dir='ltr'>sancti</span> <span class='ocrx_word' id='word_1_11' title='bbox 2393 522 2451 578; x_wconf 64' lang='lat' dir='ltr'>Gr</span> <span class='ocrx_word' id='word_1_12' title='bbox 2493 520 2818 596; x_wconf 82' lang='lat' dir='ltr'>prudentes</span> <span class='ocrx_word' id='word_1_13' title='bbox 2857 518 2982 577; x_wconf 69' lang='grc' dir='ltr'>τ’πὶ</span> <span class='ocrx_word' id='word_1_14' title='bbox 3035 516 3228 577; x_wconf 75' lang='lat' dir='ltr'>inde</span> <span class='ocrx_word' id='word_1_15' title='bbox 3273 514 3373 573; x_wconf 80' lang='lat' dir='ltr'>ab</span> <span class='ocrx_word' id='word_1_16' title='bbox 3415 512 3574 571; x_wconf 79' lang='lat' dir='ltr'>orbe</span> <span class='ocrx_word' id='word_1_17' title='bbox 3607 530 3710 570; x_wconf 72' lang='lat' dir='ltr'>cm-</span> 
     </span>
     <span class='ocr_line' id='line_1_3' title="bbox 696 596 2100 675; baseline 0.001 -20"><span class='ocrx_word' id='word_1_18' title='bbox 696 596 827 657; x_wconf 77' lang='lat' dir='ltr'>dito</span> <span class='ocrx_word' id='word_1_19' title='bbox 866 596 1201 657; x_wconf 83' lang='lat' dir='ltr'>docuerunt</span> <span class='ocrx_word' id='word_1_20' title='bbox 1238 599 1515 675; x_wconf 80' lang='lat' dir='ltr'>exemplo</span> <span class='ocrx_word' id='word_1_21' title='bbox 1556 601 1611 658; x_wconf 85' lang='lat'>&amp;</span> <span class='ocrx_word' id='word_1_22' title='bbox 1652 616 1929 657; x_wconf 79' lang='lat' dir='ltr'>sermone</span> <span class='ocrx_word' id='word_1_23' title='bbox 1969 616 2100 657; x_wconf 81' lang='lat' dir='ltr'>suo,</span> 
     </span>
    </p>

    <p class='ocr_par' dir='ltr' id='par_1_3' title="bbox 694 672 3796 1538">
     <span class='ocr_line' id='line_1_4' title="bbox 776 672 3712 769; baseline -0.002 -34"><span class='ocrx_word' id='word_1_24' title='bbox 776 674 1099 737; x_wconf 75' lang='lat' dir='ltr'>Veritatem</span> <span class='ocrx_word' id='word_1_25' title='bbox 1136 676 1363 769; x_wconf 69' lang='lat' dir='ltr'>deseri,</span> <span class='ocrx_word' id='word_1_26' title='bbox 1402 680 1567 737; x_wconf 83' lang='lat' dir='ltr'>Deus</span> <span class='ocrx_word' id='word_1_27' title='bbox 1610 676 1807 738; x_wconf 79' lang='lat' dir='ltr'>bone?</span> <span class='ocrx_word' id='word_1_28' title='bbox 1848 698 2130 757; x_wconf 82' lang='lat' dir='ltr'>magnum</span> <span class='ocrx_word' id='word_1_29' title='bbox 2169 680 2422 739; x_wconf 81' lang='lat' dir='ltr'>crimen:</span> <span class='ocrx_word' id='word_1_30' title='bbox 2465 678 2516 737; x_wconf 87' lang='lat' dir='ltr'>si</span> <span class='ocrx_word' id='word_1_31' title='bbox 2555 680 2802 756; x_wconf 81' lang='lat' dir='ltr'>quidem</span> <span class='ocrx_word' id='word_1_32' title='bbox 2843 678 2952 737; x_wconf 78' lang='lat' dir='ltr'>hic</span> <span class='ocrx_word' id='word_1_33' title='bbox 2991 676 3306 737; x_wconf 70' lang='lat' dir='ltr'>a-imen</span> <span class='ocrx_word' id='word_1_34' title='bbox 3343 672 3712 734; x_wconf 67' lang='lat' dir='ltr'>est-Sedizz</span> 
     </span>
     <span class='ocr_line' id='line_1_5' title="bbox 698 756 3796 844; baseline -0.002 -27"><span class='ocrx_word' id='word_1_35' title='bbox 698 756 925 817; x_wconf 83' lang='lat' dir='ltr'>crimen</span> <span class='ocrx_word' id='word_1_36' title='bbox 982 776 1111 817; x_wconf 82' lang='lat' dir='ltr'>esse</span> <span class='ocrx_word' id='word_1_37' title='bbox 1170 757 1415 833; x_wconf 66' lang='lat' dir='ltr'>desinit,</span> <span class='ocrx_word' id='word_1_38' title='bbox 1474 777 1547 818; x_wconf 85' lang='lat' dir='ltr'>ex</span> <span class='ocrx_word' id='word_1_39' title='bbox 1588 778 1713 835; x_wconf 86' lang='lat' dir='ltr'>quo</span> <span class='ocrx_word' id='word_1_40' title='bbox 1752 760 1937 819; x_wconf 83' lang='lat' dir='ltr'>semel</span> <span class='ocrx_word' id='word_1_41' title='bbox 1979 770 2082 817; x_wconf 87' lang='lat' dir='ltr'>aut</span> <span class='ocrx_word' id='word_1_42' title='bbox 2120 760 2210 818; x_wconf 84' lang='lat' dir='ltr'>bis</span> <span class='ocrx_word' id='word_1_43' title='bbox 2251 759 2558 818; x_wconf 73' lang='lat' dir='ltr'>veritatem</span> <span class='ocrx_word' id='word_1_44' title='bbox 2599 760 2826 836; x_wconf 74' lang='lat' dir='ltr'>scripto</span> <span class='ocrx_word' id='word_1_45' title='bbox 2863 761 3248 835; x_wconf 58' lang='lat' dir='ltr'>prm</span> <span class='ocrx_word' id='word_1_46' title='bbox 3293 775 3408 818; x_wconf 77' lang='lat' dir='ltr'>es,</span> <span class='ocrx_word' id='word_1_47' title='bbox 3473 774 3553 813; x_wconf 74' lang='lat' dir='ltr'>ae</span> <span class='ocrx_word' id='word_1_48' title='bbox 3589 756 3716 813; x_wconf 58' lang='lat' dir='ltr'>cel:</span> <span class='ocrx_word' id='word_1_49' title='bbox 3794 828 3796 844; x_wconf 46' lang='grc' dir='ltr'>Ι</span> 
     </span>
     <span class='ocr_line' id='line_1_6' title="bbox 700 835 3716 917; baseline -0.001 -22"><span class='ocrx_word' id='word_1_50' title='bbox 700 836 941 915; x_wconf 80' lang='lat' dir='ltr'>publico</span> <span class='ocrx_word' id='word_1_51' title='bbox 1000 856 1233 915; x_wconf 78' lang='lat' dir='ltr'>semper</span> <span class='ocrx_word' id='word_1_52' title='bbox 1270 838 1661 913; x_wconf 76' lang='lat' dir='ltr'>doctrinaque</span> <span class='ocrx_word' id='word_1_53' title='bbox 1700 840 2006 899; x_wconf 82' lang='lat' dir='ltr'>communi</span> <span class='ocrx_word' id='word_1_54' title='bbox 2044 838 2106 898; x_wconf 87' lang='lat' dir='ltr'>in</span> <span class='ocrx_word' id='word_1_55' title='bbox 2149 840 2412 898; x_wconf 70' lang='lat' dir='ltr'>Ecclesia</span> <span class='ocrx_word' id='word_1_56' title='bbox 2453 850 2706 898; x_wconf 69' lang='lat' dir='ltr'>testatus</span> <span class='ocrx_word' id='word_1_57' title='bbox 2741 840 2968 917; x_wconf 69' lang='lat' dir='ltr'>palam.</span> <span class='ocrx_word' id='word_1_58' title='bbox 3043 840 3142 897; x_wconf 84' lang='lat' dir='ltr'>In</span> <span class='ocrx_word' id='word_1_59' title='bbox 3191 838 3393 896; x_wconf 62' lang='lat' dir='ltr'>lunc</span> <span class='ocrx_word' id='word_1_60' title='bbox 3439 835 3716 893; x_wconf 70' lang='lat' dir='ltr'>veritate:</span> 
     </span>
     <span class='ocr_line' id='line_1_7' title="bbox 696 914 3716 997; baseline -0.001 -22"><span class='ocrx_word' id='word_1_61' title='bbox 696 920 859 977; x_wconf 80' lang='lat' dir='ltr'>velut</span> <span class='ocrx_word' id='word_1_62' title='bbox 904 916 1149 995; x_wconf 82' lang='lat' dir='ltr'><strong>cippum</strong></span> <span class='ocrx_word' id='word_1_63' title='bbox 1208 918 1605 977; x_wconf 73' lang='lat' dir='ltr'>firmissimum</span> <span class='ocrx_word' id='word_1_64' title='bbox 1658 922 1695 977; x_wconf 72' lang='lat' dir='ltr'>a</span> <span class='ocrx_word' id='word_1_65' title='bbox 1736 920 1871 979; x_wconf 90' lang='lat' dir='ltr'>Deo</span> <span class='ocrx_word' id='word_1_66' title='bbox 1912 920 2242 997; x_wconf 87' lang='lat' dir='ltr'>plantatum</span> <span class='ocrx_word' id='word_1_67' title='bbox 2282 920 2682 979; x_wconf 84' lang='lat' dir='ltr'>instrumento</span> <span class='ocrx_word' id='word_1_68' title='bbox 2723 937 2940 977; x_wconf 80' lang='lat' dir='ltr'>manus</span> <span class='ocrx_word' id='word_1_69' title='bbox 2977 930 3200 979; x_wconf 72' lang='lat' dir='ltr'>tuae.</span> <span class='ocrx_word' id='word_1_70' title='bbox 3279 916 3448 975; x_wconf 78' lang='lat' dir='ltr'>licet</span> <span class='ocrx_word' id='word_1_71' title='bbox 3489 915 3586 973; x_wconf 73' lang='lat' dir='ltr'>vd</span> <span class='ocrx_word' id='word_1_72' title='bbox 3617 914 3716 971; x_wconf 62' lang='lat' dir='ltr'>ufi-</span> 
     </span>
     <span class='ocr_line' id='line_1_8' title="bbox 696 996 3718 1081; baseline -0.001 -24"><span class='ocrx_word' id='word_1_73' title='bbox 696 996 805 1057; x_wconf 77' lang='lat' dir='ltr'>lies</span> <span class='ocrx_word' id='word_1_74' title='bbox 844 996 1199 1057; x_wconf 79' lang='lat' dir='ltr'>aduersariis</span> <span class='ocrx_word' id='word_1_75' title='bbox 1240 996 1593 1077; x_wconf 69' lang='lat' dir='ltr'>impingere,</span> <span class='ocrx_word' id='word_1_76' title='bbox 1638 1010 1699 1059; x_wconf 88' lang='lat' dir='ltr'>te</span> <span class='ocrx_word' id='word_1_77' title='bbox 1738 1010 1931 1058; x_wconf 83' lang='lat' dir='ltr'>stante</span> <span class='ocrx_word' id='word_1_78' title='bbox 1969 1002 2026 1059; x_wconf 70' lang='grc' dir='ltr'>δε</span> <span class='ocrx_word' id='word_1_79' title='bbox 2065 1001 2452 1071; x_wconf 55' lang='lat' dir='ltr'>&amp;enimin-e</span> <span class='ocrx_word' id='word_1_80' title='bbox 2489 999 2858 1075; x_wconf 83' lang='lat' dir='ltr'>quiescente.</span> <span class='ocrx_word' id='word_1_81' title='bbox 2901 998 3424 1058; x_wconf 79' lang='lat' dir='ltr'>Antecedeme</span> <span class='ocrx_word' id='word_1_82' title='bbox 3465 997 3626 1054; x_wconf 75' lang='lat' dir='ltr'>facto</span> <span class='ocrx_word' id='word_1_83' title='bbox 3646 1014 3718 1081; x_wconf 50' lang='grc' dir='ltr'>εἴ,</span> 
     </span>
     <span class='ocr_line' id='line_1_9' title="bbox 698 1075 3714 1157; baseline -0.002 -20"><span class='ocrx_word' id='word_1_84' title='bbox 698 1076 947 1137; x_wconf 74' lang='lat' dir='ltr'>instituit</span> <span class='ocrx_word' id='word_1_85' title='bbox 985 1076 1293 1138; x_wconf 81' lang='lat' dir='ltr'>veritatem</span> <span class='ocrx_word' id='word_1_86' title='bbox 1334 1082 1387 1139; x_wconf 71' lang='grc' dir='ltr'>δι</span> <span class='ocrx_word' id='word_1_87' title='bbox 1430 1090 1739 1155; x_wconf 73' lang='lat' dir='ltr'>praesente</span> <span class='ocrx_word' id='word_1_88' title='bbox 1780 1088 2098 1144; x_wconf 77' lang='lat' dir='ltr'>monstrat,</span> <span class='ocrx_word' id='word_1_89' title='bbox 2139 1080 2190 1137; x_wconf 81' lang='lat' dir='ltr'>is</span> <span class='ocrx_word' id='word_1_90' title='bbox 2227 1079 2390 1137; x_wconf 86' lang='lat' dir='ltr'>nullo</span> <span class='ocrx_word' id='word_1_91' title='bbox 2429 1078 2562 1139; x_wconf 87' lang='lat' dir='ltr'>iure</span> <span class='ocrx_word' id='word_1_92' title='bbox 2599 1082 2814 1157; x_wconf 75' lang='lat' dir='ltr'>postea</span> <span class='ocrx_word' id='word_1_93' title='bbox 2851 1079 3198 1138; x_wconf 78' lang='lat' dir='ltr'>dicendus</span> <span class='ocrx_word' id='word_1_94' title='bbox 3249 1090 3364 1137; x_wconf 60' lang='grc' dir='ltr'>σε</span> <span class='ocrx_word' id='word_1_95' title='bbox 3411 1097 3556 1136; x_wconf 64' lang='lat' dir='ltr'>mm</span> <span class='ocrx_word' id='word_1_96' title='bbox 3575 1075 3714 1131; x_wconf 71' lang='lat' dir='ltr'>des:-</span> 
     </span>
     <span class='ocr_line' id='line_1_10' title="bbox 696 1156 3712 1236; baseline -0.002 -19"><span class='ocrx_word' id='word_1_97' title='bbox 696 1157 903 1233; x_wconf 80' lang='lat' dir='ltr'>tuisse,</span> <span class='ocrx_word' id='word_1_98' title='bbox 948 1156 995 1217; x_wconf 88' lang='lat' dir='ltr'>si</span> <span class='ocrx_word' id='word_1_99' title='bbox 1038 1158 1113 1217; x_wconf 87' lang='lat' dir='ltr'>ad</span> <span class='ocrx_word' id='word_1_100' title='bbox 1156 1158 1523 1236; x_wconf 83' lang='lat' dir='ltr'>singulorum</span> <span class='ocrx_word' id='word_1_101' title='bbox 1566 1160 1861 1219; x_wconf 68' lang='lat' dir='ltr'>clamores</span> <span class='ocrx_word' id='word_1_102' title='bbox 1899 1159 1956 1217; x_wconf 72' lang='grc' dir='ltr'>δε</span> <span class='ocrx_word' id='word_1_103' title='bbox 2001 1158 2454 1217; x_wconf 59' lang='lat' dir='ltr'>vociferationes</span> <span class='ocrx_word' id='word_1_104' title='bbox 2493 1178 2628 1219; x_wconf 70' lang='lat' dir='ltr'>sese</span> <span class='ocrx_word' id='word_1_105' title='bbox 2669 1180 2792 1219; x_wconf 87' lang='lat' dir='ltr'>non</span> <span class='ocrx_word' id='word_1_106' title='bbox 2835 1158 3188 1218; x_wconf 79' lang='lat' dir='ltr'>obiecerit.</span> <span class='ocrx_word' id='word_1_107' title='bbox 3247 1160 3712 1235; x_wconf 50' lang='lat' dir='ltr'>Ieme-posim</span> 
     </span>
     <span class='ocr_line' id='line_1_11' title="bbox 696 1236 3714 1318; baseline -0.001 -21"><span class='ocrx_word' id='word_1_108' title='bbox 696 1238 817 1298; x_wconf 85' lang='lat' dir='ltr'>hoc</span> <span class='ocrx_word' id='word_1_109' title='bbox 876 1236 1159 1297; x_wconf 88' lang='lat' dir='ltr'>iudicium</span> <span class='ocrx_word' id='word_1_110' title='bbox 1216 1250 1335 1316; x_wconf 86' lang='lat' dir='ltr'>est,</span> <span class='ocrx_word' id='word_1_111' title='bbox 1392 1238 1473 1298; x_wconf 92' lang='lat' dir='ltr'>de</span> <span class='ocrx_word' id='word_1_112' title='bbox 1530 1256 1655 1315; x_wconf 89' lang='lat' dir='ltr'>quo</span> <span class='ocrx_word' id='word_1_113' title='bbox 1716 1238 1829 1298; x_wconf 89' lang='lat' dir='ltr'>sibi</span> <span class='ocrx_word' id='word_1_114' title='bbox 1866 1238 2274 1316; x_wconf 83' lang='lat' dir='ltr'>maximopere</span> <span class='ocrx_word' id='word_1_115' title='bbox 2311 1240 2560 1299; x_wconf 81' lang='lat' dir='ltr'>Satanas</span> <span class='ocrx_word' id='word_1_116' title='bbox 2599 1243 2951 1318; x_wconf 82' lang='lat' dir='ltr'>gratulatur.</span> <span class='ocrx_word' id='word_1_117' title='bbox 2995 1238 3216 1299; x_wconf 79' lang='lat' dir='ltr'>nouit</span> <span class='ocrx_word' id='word_1_118' title='bbox 3257 1238 3460 1298; x_wconf 77' lang='lat' dir='ltr'>enim</span> <span class='ocrx_word' id='word_1_119' title='bbox 3503 1236 3714 1294; x_wconf 70' lang='lat' dir='ltr'>artifex.</span> 
     </span>
     <span class='ocr_line' id='line_1_12' title="bbox 694 1314 3708 1397; baseline -0.001 -20"><span class='ocrx_word' id='word_1_120' title='bbox 694 1316 837 1377; x_wconf 87' lang='lat' dir='ltr'>dum</span> <span class='ocrx_word' id='word_1_121' title='bbox 882 1318 959 1377; x_wconf 85' lang='lat' dir='ltr'>ad</span> <span class='ocrx_word' id='word_1_122' title='bbox 998 1320 1289 1378; x_wconf 85' lang='lat' dir='ltr'>clamores</span> <span class='ocrx_word' id='word_1_123' title='bbox 1323 1318 1379 1377; x_wconf 76' lang='grc' dir='ltr'>δι</span> <span class='ocrx_word' id='word_1_124' title='bbox 1418 1318 1835 1379; x_wconf 84' lang='lat' dir='ltr'>contentiones</span> <span class='ocrx_word' id='word_1_125' title='bbox 1872 1336 2044 1378; x_wconf 89' lang='lat' dir='ltr'>aures</span> <span class='ocrx_word' id='word_1_126' title='bbox 2081 1318 2461 1395; x_wconf 82' lang='lat' dir='ltr'>aduertimus,</span> <span class='ocrx_word' id='word_1_127' title='bbox 2501 1320 2892 1397; x_wconf 80' lang='lat' dir='ltr'>praetermitti</span> <span class='ocrx_word' id='word_1_128' title='bbox 2931 1323 2974 1379; x_wconf 73' lang='lat' dir='ltr'>a</span> <span class='ocrx_word' id='word_1_129' title='bbox 3011 1319 3234 1379; x_wconf 65' lang='lat' dir='ltr'>nobis</span> <span class='ocrx_word' id='word_1_130' title='bbox 3287 1338 3524 1378; x_wconf 72' lang='lat' dir='ltr'>veram</span> <span class='ocrx_word' id='word_1_131' title='bbox 3545 1314 3708 1375; x_wconf 61' lang='lat' dir='ltr'>affi-</span> 
     </span>
     <span class='ocr_line' id='line_1_13' title="bbox 696 1395 3708 1478; baseline -0.001 -21"><span class='ocrx_word' id='word_1_132' title='bbox 696 1396 993 1457; x_wconf 83' lang='lat' dir='ltr'>cationem</span> <span class='ocrx_word' id='word_1_133' title='bbox 1056 1414 1209 1475; x_wconf 89' lang='lat' dir='ltr'>quae</span> <span class='ocrx_word' id='word_1_134' title='bbox 1270 1408 1359 1459; x_wconf 87' lang='lat' dir='ltr'>est</span> <span class='ocrx_word' id='word_1_135' title='bbox 1420 1398 1477 1457; x_wconf 86' lang='lat' dir='ltr'>in</span> <span class='ocrx_word' id='word_1_136' title='bbox 1540 1397 1799 1459; x_wconf 85' lang='lat' dir='ltr'>Christo.</span> <span class='ocrx_word' id='word_1_137' title='bbox 1860 1400 2038 1458; x_wconf 79' lang='lat' dir='ltr'>Adeo</span> <span class='ocrx_word' id='word_1_138' title='bbox 2099 1398 2446 1458; x_wconf 78' lang='lat' dir='ltr'>veteratorie</span> <span class='ocrx_word' id='word_1_139' title='bbox 2503 1398 2604 1458; x_wconf 92' lang='lat' dir='ltr'>hic</span> <span class='ocrx_word' id='word_1_140' title='bbox 2655 1402 2936 1478; x_wconf 86' lang='lat' dir='ltr'>antiquus</span> <span class='ocrx_word' id='word_1_141' title='bbox 2979 1400 3206 1459; x_wconf 80' lang='lat' dir='ltr'>draco</span> <span class='ocrx_word' id='word_1_142' title='bbox 3257 1395 3708 1476; x_wconf 55' lang='lat' dir='ltr'>impudentiae</span> 
     </span>
     <span class='ocr_line' id='line_1_14' title="bbox 698 1476 1445 1538; baseline 0 -1"><span class='ocrx_word' id='word_1_143' title='bbox 698 1488 933 1538; x_wconf 81' lang='lat' dir='ltr'>nostrae</span> <span class='ocrx_word' id='word_1_144' title='bbox 972 1478 1141 1537; x_wconf 88' lang='lat' dir='ltr'>nouit</span> <span class='ocrx_word' id='word_1_145' title='bbox 1182 1476 1445 1538; x_wconf 86' lang='lat' dir='ltr'>illudere.</span> 
     </span>
    </p>

    <p class='ocr_par' dir='ltr' id='par_1_4' title="bbox 690 1556 3799 3296">
     <span class='ocr_line' id='line_1_15' title="bbox 778 1556 3698 1637; baseline -0.001 -20"><span class='ocrx_word' id='word_1_146' title='bbox 778 1558 965 1635; x_wconf 70' lang='lat' dir='ltr'>Qubd</span> <span class='ocrx_word' id='word_1_147' title='bbox 1028 1557 1077 1619; x_wconf 85' lang='lat' dir='ltr'>si</span> <span class='ocrx_word' id='word_1_148' title='bbox 1125 1556 1257 1635; x_wconf 82' lang='lat' dir='ltr'>quis</span> <span class='ocrx_word' id='word_1_149' title='bbox 1300 1556 1543 1635; x_wconf 77' lang='lat' dir='ltr'>dixerit,</span> <span class='ocrx_word' id='word_1_150' title='bbox 1603 1558 1715 1618; x_wconf 79' lang='lat' dir='ltr'>etsi</span> <span class='ocrx_word' id='word_1_151' title='bbox 1754 1578 1875 1619; x_wconf 89' lang='lat' dir='ltr'>non</span> <span class='ocrx_word' id='word_1_152' title='bbox 1918 1558 2181 1619; x_wconf 82' lang='lat' dir='ltr'>veritatis</span> <span class='ocrx_word' id='word_1_153' title='bbox 2220 1576 2432 1637; x_wconf 84' lang='lat' dir='ltr'>causa,</span> <span class='ocrx_word' id='word_1_154' title='bbox 2491 1576 2650 1635; x_wconf 84' lang='lat' dir='ltr'>quae</span> <span class='ocrx_word' id='word_1_155' title='bbox 2707 1576 2886 1635; x_wconf 88' lang='lat' dir='ltr'>rupes</span> <span class='ocrx_word' id='word_1_156' title='bbox 2945 1558 3238 1619; x_wconf 80' lang='lat' dir='ltr'>immota</span> <span class='ocrx_word' id='word_1_157' title='bbox 3317 1570 3466 1630; x_wconf 52' lang='lat' dir='ltr'>est,</span> <span class='ocrx_word' id='word_1_158' title='bbox 3531 1568 3698 1615; x_wconf 64' lang='lat' dir='ltr'>mna</span> 
     </span>
     <span class='ocr_line' id='line_1_16' title="bbox 693 1636 3696 1718; baseline -0.001 -21"><span class='ocrx_word' id='word_1_159' title='bbox 693 1636 943 1699; x_wconf 85' lang='lat' dir='ltr'>aliorum</span> <span class='ocrx_word' id='word_1_160' title='bbox 986 1656 1167 1699; x_wconf 85' lang='lat' dir='ltr'>causa</span> <span class='ocrx_word' id='word_1_161' title='bbox 1206 1656 1361 1715; x_wconf 84' lang='lat' dir='ltr'>quos</span> <span class='ocrx_word' id='word_1_162' title='bbox 1402 1650 1577 1699; x_wconf 84' lang='lat' dir='ltr'>vocat</span> <span class='ocrx_word' id='word_1_163' title='bbox 1614 1638 1863 1715; x_wconf 78' lang='lat' dir='ltr'>veritas,</span> <span class='ocrx_word' id='word_1_164' title='bbox 1924 1638 2274 1718; x_wconf 86' lang='lat' dir='ltr'>responderi</span> <span class='ocrx_word' id='word_1_165' title='bbox 2315 1658 2750 1717; x_wconf 88' lang='lat' dir='ltr'>nonnunquam</span> <span class='ocrx_word' id='word_1_166' title='bbox 2791 1652 3120 1717; x_wconf 75' lang='lat' dir='ltr'>oportere3</span> <span class='ocrx_word' id='word_1_167' title='bbox 3195 1639 3554 1717; x_wconf 82' lang='lat' dir='ltr'>Equidem</span> <span class='ocrx_word' id='word_1_168' title='bbox 3595 1653 3696 1693; x_wconf 72' lang='lat' dir='ltr'>nm</span> 
     </span>
     <span class='ocr_line' id='line_1_17' title="bbox 696 1714 3690 1797; baseline -0.001 -20"><span class='ocrx_word' id='word_1_169' title='bbox 696 1736 995 1796; x_wconf 88' lang='lat' dir='ltr'>negauero</span> <span class='ocrx_word' id='word_1_170' title='bbox 1054 1718 1347 1779; x_wconf 79' lang='lat' dir='ltr'>eiusmodi</span> <span class='ocrx_word' id='word_1_171' title='bbox 1406 1738 1723 1797; x_wconf 83' lang='lat' dir='ltr'>personas,</span> <span class='ocrx_word' id='word_1_172' title='bbox 1782 1737 2024 1795; x_wconf 79' lang='lat' dir='ltr'>causas,</span> <span class='ocrx_word' id='word_1_173' title='bbox 2083 1730 2384 1797; x_wconf 88' lang='lat' dir='ltr'>tempora,</span> <span class='ocrx_word' id='word_1_174' title='bbox 2439 1720 2580 1779; x_wconf 89' lang='lat' dir='ltr'>loca</span> <span class='ocrx_word' id='word_1_175' title='bbox 2639 1736 2994 1797; x_wconf 87' lang='lat' dir='ltr'>occurrere,</span> <span class='ocrx_word' id='word_1_176' title='bbox 3037 1738 3220 1797; x_wconf 85' lang='lat' dir='ltr'>quae</span> <span class='ocrx_word' id='word_1_177' title='bbox 3275 1714 3690 1795; x_wconf 59' lang='lat' dir='ltr'>responsione</span> 
     </span>
     <span class='ocr_line' id='line_1_18' title="bbox 698 1797 3686 1877; baseline -0 -20"><span class='ocrx_word' id='word_1_178' title='bbox 698 1797 1107 1859; x_wconf 81' lang='lat' dir='ltr'>necessitatem</span> <span class='ocrx_word' id='word_1_179' title='bbox 1166 1798 1443 1859; x_wconf 80' lang='lat' dir='ltr'>afferant:</span> <span class='ocrx_word' id='word_1_180' title='bbox 1505 1799 1609 1858; x_wconf 84' lang='lat' dir='ltr'>sed</span> <span class='ocrx_word' id='word_1_181' title='bbox 1650 1810 1815 1859; x_wconf 85' lang='lat' dir='ltr'>extra</span> <span class='ocrx_word' id='word_1_182' title='bbox 1852 1798 2010 1859; x_wconf 89' lang='lat' dir='ltr'>hanc</span> <span class='ocrx_word' id='word_1_183' title='bbox 2051 1798 2458 1859; x_wconf 71' lang='lat' dir='ltr'>necessitatem</span> <span class='ocrx_word' id='word_1_184' title='bbox 2499 1798 2604 1876; x_wconf 87' lang='lat' dir='ltr'>qui</span> <span class='ocrx_word' id='word_1_185' title='bbox 2643 1802 3006 1877; x_wconf 62' lang='lat' dir='ltr'>respondet,</span> <span class='ocrx_word' id='word_1_186' title='bbox 3069 1800 3550 1861; x_wconf 75' lang='lat' dir='ltr'>contentiosus</span> <span class='ocrx_word' id='word_1_187' title='bbox 3589 1808 3686 1856; x_wconf 75' lang='lat' dir='ltr'>est.</span> 
     </span>
     <span class='ocr_line' id='line_1_19' title="bbox 696 1876 3690 1958; baseline -0.002 -19"><span class='ocrx_word' id='word_1_188' title='bbox 696 1888 799 1939; x_wconf 84' lang='lat' dir='ltr'>aut</span> <span class='ocrx_word' id='word_1_189' title='bbox 840 1890 901 1938; x_wconf 84' lang='lat' dir='ltr'>vt</span> <span class='ocrx_word' id='word_1_190' title='bbox 944 1876 1229 1939; x_wconf 74' lang='lat' dir='ltr'>efficiatur</span> <span class='ocrx_word' id='word_1_191' title='bbox 1268 1878 1701 1950; x_wconf 84' lang='lat' dir='ltr'>contentiosus,</span> <span class='ocrx_word' id='word_1_192' title='bbox 1754 1878 1960 1939; x_wconf 86' lang='lat' dir='ltr'>itidem</span> <span class='ocrx_word' id='word_1_193' title='bbox 2003 1890 2192 1940; x_wconf 86' lang='lat' dir='ltr'>metus</span> <span class='ocrx_word' id='word_1_194' title='bbox 2233 1890 2340 1939; x_wconf 89' lang='lat' dir='ltr'>est.</span> <span class='ocrx_word' id='word_1_195' title='bbox 2377 1880 2534 1937; x_wconf 89' lang='lat' dir='ltr'>Nam</span> <span class='ocrx_word' id='word_1_196' title='bbox 2573 1890 2640 1939; x_wconf 84' lang='lat' dir='ltr'>vt</span> <span class='ocrx_word' id='word_1_197' title='bbox 2681 1878 2946 1939; x_wconf 88' lang='lat' dir='ltr'>breuiter</span> <span class='ocrx_word' id='word_1_198' title='bbox 2985 1880 3068 1940; x_wconf 91' lang='lat' dir='ltr'>de</span> <span class='ocrx_word' id='word_1_199' title='bbox 3107 1880 3440 1958; x_wconf 75' lang='lat' dir='ltr'>per-sonis</span> <span class='ocrx_word' id='word_1_200' title='bbox 3483 1878 3690 1937; x_wconf 67' lang='lat' dir='ltr'>dimin.</span> 
     </span>
     <span class='ocr_line' id='line_1_20' title="bbox 697 1954 3682 2037; baseline -0.001 -20"><span class='ocrx_word' id='word_1_201' title='bbox 697 1974 951 2035; x_wconf 88' lang='lat' dir='ltr'>quorum</span> <span class='ocrx_word' id='word_1_202' title='bbox 1014 1976 1195 2019; x_wconf 82' lang='lat' dir='ltr'>causa</span> <span class='ocrx_word' id='word_1_203' title='bbox 1250 1957 1477 2019; x_wconf 88' lang='lat' dir='ltr'>iudicas</span> <span class='ocrx_word' id='word_1_204' title='bbox 1536 1956 2054 2037; x_wconf 85' lang='lat' dir='ltr'>respondendum?</span> <span class='ocrx_word' id='word_1_205' title='bbox 2111 1958 2334 2037; x_wconf 88' lang='lat' dir='ltr'>aliena,</span> <span class='ocrx_word' id='word_1_206' title='bbox 2389 1978 2466 2017; x_wconf 88' lang='lat' dir='ltr'>an</span> <span class='ocrx_word' id='word_1_207' title='bbox 2529 1954 2668 2019; x_wconf 83' lang='lat' dir='ltr'>tua?</span> <span class='ocrx_word' id='word_1_208' title='bbox 2729 1960 2782 2019; x_wconf 88' lang='lat' dir='ltr'>si</span> <span class='ocrx_word' id='word_1_209' title='bbox 2817 1958 3046 2037; x_wconf 86' lang='lat' dir='ltr'>aliena,</span> <span class='ocrx_word' id='word_1_210' title='bbox 3109 1972 3350 2020; x_wconf 77' lang='lat' dir='ltr'>vti-um</span> <span class='ocrx_word' id='word_1_211' title='bbox 3409 1956 3574 2017; x_wconf 83' lang='lat' dir='ltr'>illius</span> <span class='ocrx_word' id='word_1_212' title='bbox 3603 1954 3682 2013; x_wconf 72' lang='grc' dir='ltr'>ω’</span> 
     </span>
     <span class='ocr_line' id='line_1_21' title="bbox 698 2035 3674 2117; baseline -0.001 -20"><span class='ocrx_word' id='word_1_213' title='bbox 698 2038 1165 2117; x_wconf 84' lang='lat' dir='ltr'>responsandum</span> <span class='ocrx_word' id='word_1_214' title='bbox 1207 2048 1409 2117; x_wconf 86' lang='lat' dir='ltr'>putas,</span> <span class='ocrx_word' id='word_1_215' title='bbox 1446 2058 1523 2097; x_wconf 87' lang='lat' dir='ltr'>an</span> <span class='ocrx_word' id='word_1_216' title='bbox 1564 2042 1707 2099; x_wconf 81' lang='lat' dir='ltr'>vero</span> <span class='ocrx_word' id='word_1_217' title='bbox 1748 2056 1955 2099; x_wconf 90' lang='lat' dir='ltr'>eorum</span> <span class='ocrx_word' id='word_1_218' title='bbox 1993 2040 2098 2117; x_wconf 89' lang='lat' dir='ltr'>qui</span> <span class='ocrx_word' id='word_1_219' title='bbox 2137 2038 2438 2099; x_wconf 82' lang='lat' dir='ltr'>auditores</span> <span class='ocrx_word' id='word_1_220' title='bbox 2475 2040 2534 2099; x_wconf 73' lang='grc' dir='ltr'>δι</span> <span class='ocrx_word' id='word_1_221' title='bbox 2573 2050 2939 2117; x_wconf 80' lang='lat' dir='ltr'>spectatores</span> <span class='ocrx_word' id='word_1_222' title='bbox 2979 2040 3178 2099; x_wconf 82' lang='lat' dir='ltr'>futuri</span> <span class='ocrx_word' id='word_1_223' title='bbox 3217 2042 3418 2100; x_wconf 85' lang='lat' dir='ltr'>sunt!</span> <span class='ocrx_word' id='word_1_224' title='bbox 3463 2035 3674 2096; x_wconf 64' lang='lat' dir='ltr'>Simia</span> 
     </span>
     <span class='ocr_line' id='line_1_22' title="bbox 697 2116 3674 2198; baseline -0.001 -19"><span class='ocrx_word' id='word_1_225' title='bbox 697 2134 905 2195; x_wconf 80' lang='lat' dir='ltr'>causa,</span> <span class='ocrx_word' id='word_1_226' title='bbox 966 2136 1105 2179; x_wconf 89' lang='lat' dir='ltr'>cum</span> <span class='ocrx_word' id='word_1_227' title='bbox 1145 2116 1275 2197; x_wconf 87' lang='lat' dir='ltr'>ipso</span> <span class='ocrx_word' id='word_1_228' title='bbox 1316 2118 1613 2198; x_wconf 85' lang='lat' dir='ltr'>agendum</span> <span class='ocrx_word' id='word_1_229' title='bbox 1654 2130 1779 2197; x_wconf 89' lang='lat' dir='ltr'>est,</span> <span class='ocrx_word' id='word_1_230' title='bbox 1838 2138 1961 2179; x_wconf 91' lang='lat' dir='ltr'>non</span> <span class='ocrx_word' id='word_1_231' title='bbox 2003 2136 2144 2179; x_wconf 89' lang='lat' dir='ltr'>cum</span> <span class='ocrx_word' id='word_1_232' title='bbox 2183 2118 2444 2197; x_wconf 88' lang='lat' dir='ltr'>publico.</span> <span class='ocrx_word' id='word_1_233' title='bbox 2487 2120 2548 2179; x_wconf 92' lang='lat' dir='ltr'>Si</span> <span class='ocrx_word' id='word_1_234' title='bbox 2587 2118 2844 2179; x_wconf 89' lang='lat' dir='ltr'>aliorum</span> <span class='ocrx_word' id='word_1_235' title='bbox 2887 2138 3104 2196; x_wconf 83' lang='lat' dir='ltr'>causa,</span> <span class='ocrx_word' id='word_1_236' title='bbox 3153 2132 3274 2180; x_wconf 83' lang='lat' dir='ltr'>aut</span> <span class='ocrx_word' id='word_1_237' title='bbox 3321 2136 3556 2179; x_wconf 84' lang='lat' dir='ltr'>eorum</span> <span class='ocrx_word' id='word_1_238' title='bbox 3591 2130 3674 2190; x_wconf 77' lang='lat' dir='ltr'>qm</span> 
     </span>
     <span class='ocr_line' id='line_1_23' title="bbox 696 2196 3664 2278; baseline -0.001 -21"><span class='ocrx_word' id='word_1_239' title='bbox 696 2196 841 2259; x_wconf 84' lang='lat' dir='ltr'>nihil</span> <span class='ocrx_word' id='word_1_240' title='bbox 878 2198 958 2258; x_wconf 92' lang='lat' dir='ltr'>de</span> <span class='ocrx_word' id='word_1_241' title='bbox 996 2218 1061 2259; x_wconf 91' lang='lat' dir='ltr'>re</span> <span class='ocrx_word' id='word_1_242' title='bbox 1102 2198 1463 2273; x_wconf 89' lang='lat' dir='ltr'>audiuerint,</span> <span class='ocrx_word' id='word_1_243' title='bbox 1526 2210 1627 2259; x_wconf 88' lang='lat' dir='ltr'>aut</span> <span class='ocrx_word' id='word_1_244' title='bbox 1665 2198 1769 2275; x_wconf 91' lang='lat' dir='ltr'>qui</span> <span class='ocrx_word' id='word_1_245' title='bbox 1808 2200 1887 2260; x_wconf 90' lang='lat' dir='ltr'>de</span> <span class='ocrx_word' id='word_1_246' title='bbox 1926 2218 1992 2259; x_wconf 90' lang='lat' dir='ltr'>re</span> <span class='ocrx_word' id='word_1_247' title='bbox 2027 2198 2252 2277; x_wconf 90' lang='lat' dir='ltr'>aliquid</span> <span class='ocrx_word' id='word_1_248' title='bbox 2292 2198 2686 2278; x_wconf 80' lang='lat' dir='ltr'>perceperint.</span> <span class='ocrx_word' id='word_1_249' title='bbox 2749 2198 2873 2275; x_wconf 87' lang='lat' dir='ltr'>Qui</span> <span class='ocrx_word' id='word_1_250' title='bbox 2913 2198 3066 2259; x_wconf 83' lang='lat' dir='ltr'>nihil</span> <span class='ocrx_word' id='word_1_251' title='bbox 3107 2200 3540 2275; x_wconf 64' lang='lat' dir='ltr'>audium-unt,</span> <span class='ocrx_word' id='word_1_252' title='bbox 3577 2212 3664 2254; x_wconf 78' lang='lat' dir='ltr'>eos</span> 
     </span>
     <span class='ocr_line' id='line_1_24' title="bbox 696 2274 3662 2357; baseline -0.001 -20"><span class='ocrx_word' id='word_1_253' title='bbox 696 2294 803 2339; x_wconf 88' lang='lat' dir='ltr'>cur</span> <span class='ocrx_word' id='word_1_254' title='bbox 842 2274 1230 2339; x_wconf 77' lang='lat' dir='ltr'>commones?</span> <span class='ocrx_word' id='word_1_255' title='bbox 1288 2278 1411 2355; x_wconf 87' lang='lat' dir='ltr'>Qui</span> <span class='ocrx_word' id='word_1_256' title='bbox 1450 2278 1833 2355; x_wconf 77' lang='lat' dir='ltr'>audiuerant,</span> <span class='ocrx_word' id='word_1_257' title='bbox 1874 2282 2036 2339; x_wconf 78' lang='lat' dir='ltr'>certe</span> <span class='ocrx_word' id='word_1_258' title='bbox 2077 2298 2282 2340; x_wconf 89' lang='lat' dir='ltr'>eorum</span> <span class='ocrx_word' id='word_1_259' title='bbox 2325 2297 2504 2339; x_wconf 88' lang='lat' dir='ltr'>causa</span> <span class='ocrx_word' id='word_1_260' title='bbox 2541 2290 2788 2357; x_wconf 88' lang='lat' dir='ltr'>oportet</span> <span class='ocrx_word' id='word_1_261' title='bbox 2823 2278 3054 2339; x_wconf 86' lang='lat' dir='ltr'>institui</span> <span class='ocrx_word' id='word_1_262' title='bbox 3093 2280 3454 2340; x_wconf 85' lang='lat' dir='ltr'>consilium</span> <span class='ocrx_word' id='word_1_263' title='bbox 3497 2274 3662 2347; x_wconf 71' lang='grc' dir='ltr'>ἰςωᾱ,</span> 
     </span>
     <span class='ocr_line' id='line_1_25' title="bbox 694 2356 3658 2440; baseline -0.001 -21"><span class='ocrx_word' id='word_1_264' title='bbox 694 2356 797 2437; x_wconf 88' lang='lat' dir='ltr'>qui</span> <span class='ocrx_word' id='word_1_265' title='bbox 838 2357 991 2417; x_wconf 84' lang='lat' dir='ltr'>firmi</span> <span class='ocrx_word' id='word_1_266' title='bbox 1030 2358 1091 2418; x_wconf 91' lang='lat' dir='ltr'>in</span> <span class='ocrx_word' id='word_1_267' title='bbox 1134 2357 1377 2419; x_wconf 84' lang='lat' dir='ltr'>veritate</span> <span class='ocrx_word' id='word_1_268' title='bbox 1415 2368 1576 2435; x_wconf 89' lang='lat' dir='ltr'>sunt,</span> <span class='ocrx_word' id='word_1_269' title='bbox 1618 2370 1719 2419; x_wconf 89' lang='lat' dir='ltr'>aut</span> <span class='ocrx_word' id='word_1_270' title='bbox 1760 2359 1861 2437; x_wconf 89' lang='lat' dir='ltr'>qui</span> <span class='ocrx_word' id='word_1_271' title='bbox 1904 2358 2120 2419; x_wconf 86' lang='lat' dir='ltr'>infirmi</span> <span class='ocrx_word' id='word_1_272' title='bbox 2161 2370 2330 2440; x_wconf 88' lang='lat' dir='ltr'>sunt,</span> <span class='ocrx_word' id='word_1_273' title='bbox 2369 2370 2470 2419; x_wconf 89' lang='lat' dir='ltr'>aut</span> <span class='ocrx_word' id='word_1_274' title='bbox 2511 2358 2614 2435; x_wconf 90' lang='lat' dir='ltr'>qui</span> <span class='ocrx_word' id='word_1_275' title='bbox 2653 2358 2715 2418; x_wconf 91' lang='lat' dir='ltr'>in</span> <span class='ocrx_word' id='word_1_276' title='bbox 2757 2358 3152 2419; x_wconf 81' lang='lat' dir='ltr'>mendacium</span> <span class='ocrx_word' id='word_1_277' title='bbox 3201 2358 3492 2421; x_wconf 74' lang='lat' dir='ltr'>traducti</span> <span class='ocrx_word' id='word_1_278' title='bbox 3529 2368 3658 2415; x_wconf 76' lang='lat' dir='ltr'>sum.</span> 
     </span>
     <span class='ocr_line' id='line_1_26' title="bbox 698 2436 3650 2518; baseline -0.001 -20"><span class='ocrx_word' id='word_1_279' title='bbox 698 2439 1031 2500; x_wconf 84' lang='lat' dir='ltr'>Firmorum</span> <span class='ocrx_word' id='word_1_280' title='bbox 1096 2457 1275 2499; x_wconf 86' lang='lat' dir='ltr'>causa</span> <span class='ocrx_word' id='word_1_281' title='bbox 1330 2457 1451 2500; x_wconf 86' lang='lat' dir='ltr'>non</span> <span class='ocrx_word' id='word_1_282' title='bbox 1494 2451 1730 2518; x_wconf 88' lang='lat' dir='ltr'>putem:</span> <span class='ocrx_word' id='word_1_283' title='bbox 1792 2439 1937 2517; x_wconf 90' lang='lat' dir='ltr'>quid</span> <span class='ocrx_word' id='word_1_284' title='bbox 1981 2458 2134 2518; x_wconf 91' lang='lat' dir='ltr'>opus</span> <span class='ocrx_word' id='word_1_285' title='bbox 2173 2436 2299 2500; x_wconf 86' lang='lat' dir='ltr'>est?</span> <span class='ocrx_word' id='word_1_286' title='bbox 2359 2441 2738 2500; x_wconf 87' lang='lat' dir='ltr'>Infirmorum</span> <span class='ocrx_word' id='word_1_287' title='bbox 2779 2457 2960 2500; x_wconf 88' lang='lat' dir='ltr'>causa</span> <span class='ocrx_word' id='word_1_288' title='bbox 2998 2442 3144 2517; x_wconf 90' lang='lat' dir='ltr'>plus</span> <span class='ocrx_word' id='word_1_289' title='bbox 3196 2443 3402 2502; x_wconf 85' lang='lat' dir='ltr'>babet</span> <span class='ocrx_word' id='word_1_290' title='bbox 3443 2436 3650 2517; x_wconf 83' lang='lat' dir='ltr'>specie:</span> 
     </span>
     <span class='ocr_line' id='line_1_27' title="bbox 694 2519 3648 2600; baseline -0.002 -20"><span class='ocrx_word' id='word_1_291' title='bbox 694 2519 799 2580; x_wconf 80' lang='lat' dir='ltr'>sed</span> <span class='ocrx_word' id='word_1_292' title='bbox 860 2529 1058 2580; x_wconf 81' lang='lat' dir='ltr'>tamen</span> <span class='ocrx_word' id='word_1_293' title='bbox 1118 2529 1432 2598; x_wconf 84' lang='lat' dir='ltr'>postquam</span> <span class='ocrx_word' id='word_1_294' title='bbox 1494 2538 1567 2580; x_wconf 85' lang='lat' dir='ltr'>ex</span> <span class='ocrx_word' id='word_1_295' title='bbox 1632 2519 1875 2580; x_wconf 83' lang='lat' dir='ltr'>veritate</span> <span class='ocrx_word' id='word_1_296' title='bbox 1934 2523 2150 2600; x_wconf 84' lang='lat' dir='ltr'>semel,</span> <span class='ocrx_word' id='word_1_297' title='bbox 2211 2531 2312 2580; x_wconf 89' lang='lat' dir='ltr'>aut</span> <span class='ocrx_word' id='word_1_298' title='bbox 2366 2521 2457 2580; x_wconf 88' lang='lat' dir='ltr'>bis</span> <span class='ocrx_word' id='word_1_299' title='bbox 2499 2519 2673 2580; x_wconf 90' lang='lat' dir='ltr'>fuerit</span> <span class='ocrx_word' id='word_1_300' title='bbox 2713 2519 3216 2582; x_wconf 80' lang='lat' dir='ltr'>dissentientibus</span> <span class='ocrx_word' id='word_1_301' title='bbox 3261 2522 3648 2582; x_wconf 80' lang='lat' dir='ltr'>satisfactum.</span> 
     </span>
     <span class='ocr_line' id='line_1_28' title="bbox 694 2598 3642 2678; baseline -0.001 -19"><span class='ocrx_word' id='word_1_302' title='bbox 694 2598 971 2678; x_wconf 87' lang='lat' dir='ltr'>equidem</span> <span class='ocrx_word' id='word_1_303' title='bbox 1036 2600 1223 2678; x_wconf 86' lang='lat' dir='ltr'>magis</span> <span class='ocrx_word' id='word_1_304' title='bbox 1284 2611 1580 2675; x_wconf 82' lang='lat' dir='ltr'>metuere,</span> <span class='ocrx_word' id='word_1_305' title='bbox 1644 2611 1707 2660; x_wconf 83' lang='lat' dir='ltr'>vt</span> <span class='ocrx_word' id='word_1_306' title='bbox 1750 2599 2122 2662; x_wconf 87' lang='lat' dir='ltr'>infirmentur</span> <span class='ocrx_word' id='word_1_307' title='bbox 2157 2600 2540 2660; x_wconf 86' lang='lat' dir='ltr'>contentione</span> <span class='ocrx_word' id='word_1_308' title='bbox 2579 2599 2824 2678; x_wconf 87' lang='lat' dir='ltr'>infirmi,</span> <span class='ocrx_word' id='word_1_309' title='bbox 2883 2603 3070 2677; x_wconf 75' lang='lat' dir='ltr'>quam</span> <span class='ocrx_word' id='word_1_310' title='bbox 3115 2620 3478 2678; x_wconf 85' lang='lat' dir='ltr'>sperauero</span> <span class='ocrx_word' id='word_1_311' title='bbox 3515 2600 3642 2670; x_wconf 72' lang='lat' dir='ltr'>50oe,</span> 
     </span>
     <span class='ocr_line' id='line_1_29' title="bbox 694 2677 3640 2760; baseline 0.001 -22"><span class='ocrx_word' id='word_1_312' title='bbox 694 2689 759 2738; x_wconf 83' lang='lat' dir='ltr'>vt</span> <span class='ocrx_word' id='word_1_313' title='bbox 802 2678 1230 2760; x_wconf 73' lang='lat' dir='ltr'>perscriptione</span> <span class='ocrx_word' id='word_1_314' title='bbox 1270 2697 1429 2740; x_wconf 85' lang='lat' dir='ltr'>noua</span> <span class='ocrx_word' id='word_1_315' title='bbox 1462 2681 1905 2740; x_wconf 87' lang='lat' dir='ltr'>confirmentur.</span> <span class='ocrx_word' id='word_1_316' title='bbox 1948 2681 2025 2741; x_wconf 88' lang='lat' dir='ltr'>Et</span> <span class='ocrx_word' id='word_1_317' title='bbox 2065 2679 2254 2758; x_wconf 91' lang='lat' dir='ltr'>(quod</span> <span class='ocrx_word' id='word_1_318' title='bbox 2293 2681 2528 2760; x_wconf 87' lang='lat' dir='ltr'>grauius</span> <span class='ocrx_word' id='word_1_319' title='bbox 2567 2683 2679 2756; x_wconf 90' lang='lat' dir='ltr'>est)</span> <span class='ocrx_word' id='word_1_320' title='bbox 2721 2679 3026 2758; x_wconf 77' lang='lat' dir='ltr'>multiplex</span> <span class='ocrx_word' id='word_1_321' title='bbox 3049 2681 3133 2740; x_wconf 91' lang='lat' dir='ltr'>de</span> <span class='ocrx_word' id='word_1_322' title='bbox 3151 2684 3402 2743; x_wconf 85' lang='lat' dir='ltr'>eodem</span> <span class='ocrx_word' id='word_1_323' title='bbox 3425 2677 3640 2755; x_wconf 62' lang='lat' dir='ltr'>smipfio</span> 
     </span>
     <span class='ocr_line' id='line_1_30' title="bbox 692 2757 3636 2840; baseline -0.001 -20"><span class='ocrx_word' id='word_1_324' title='bbox 692 2759 811 2820; x_wconf 89' lang='lat' dir='ltr'>hoc</span> <span class='ocrx_word' id='word_1_325' title='bbox 870 2759 1053 2820; x_wconf 86' lang='lat' dir='ltr'>habet</span> <span class='ocrx_word' id='word_1_326' title='bbox 1110 2758 1510 2838; x_wconf 83' lang='lat' dir='ltr'>incommodi,</span> <span class='ocrx_word' id='word_1_327' title='bbox 1573 2760 1737 2837; x_wconf 79' lang='lat' dir='ltr'>quod</span> <span class='ocrx_word' id='word_1_328' title='bbox 1779 2762 2130 2840; x_wconf 88' lang='lat' dir='ltr'>plerumque</span> <span class='ocrx_word' id='word_1_329' title='bbox 2170 2761 2378 2821; x_wconf 88' lang='lat' dir='ltr'>siluam</span> <span class='ocrx_word' id='word_1_330' title='bbox 2419 2760 2762 2821; x_wconf 80' lang='lat' dir='ltr'>offensionis</span> <span class='ocrx_word' id='word_1_331' title='bbox 2802 2760 3050 2820; x_wconf 82' lang='lat' dir='ltr'>infirmis</span> <span class='ocrx_word' id='word_1_332' title='bbox 3092 2773 3298 2839; x_wconf 82' lang='lat' dir='ltr'>atque</span> <span class='ocrx_word' id='word_1_333' title='bbox 3339 2757 3636 2840; x_wconf 81' lang='lat' dir='ltr'>imperitis,</span> 
     </span>
     <span class='ocr_line' id='line_1_31' title="bbox 692 2837 3632 2920; baseline -0 -20"><span class='ocrx_word' id='word_1_334' title='bbox 692 2839 1019 2900; x_wconf 75' lang='lat' dir='ltr'>calumniae</span> <span class='ocrx_word' id='word_1_335' title='bbox 1058 2843 1201 2900; x_wconf 80' lang='lat' dir='ltr'>vero</span> <span class='ocrx_word' id='word_1_336' title='bbox 1244 2839 1591 2901; x_wconf 87' lang='lat' dir='ltr'>aduersariis</span> <span class='ocrx_word' id='word_1_337' title='bbox 1636 2839 2069 2901; x_wconf 86' lang='lat' dir='ltr'>subministrat:</span> <span class='ocrx_word' id='word_1_338' title='bbox 2126 2840 2265 2919; x_wconf 90' lang='lat' dir='ltr'>quia</span> <span class='ocrx_word' id='word_1_339' title='bbox 2303 2844 2392 2918; x_wconf 87' lang='lat' dir='ltr'>(vt</span> <span class='ocrx_word' id='word_1_340' title='bbox 2432 2840 2514 2900; x_wconf 89' lang='lat' dir='ltr'>ait</span> <span class='ocrx_word' id='word_1_341' title='bbox 2554 2839 2800 2918; x_wconf 86' lang='lat' dir='ltr'>Sapiens</span> <span class='ocrx_word' id='word_1_342' title='bbox 2841 2841 3020 2901; x_wconf 87' lang='lat' dir='ltr'>Prou.</span> <span class='ocrx_word' id='word_1_343' title='bbox 3071 2861 3166 2900; x_wconf 89' lang='lat'>10.</span> <span class='ocrx_word' id='word_1_344' title='bbox 3229 2847 3362 2920; x_wconf 82' lang='lat'>14.)</span> <span class='ocrx_word' id='word_1_345' title='bbox 3403 2837 3632 2902; x_wconf 82' lang='lat' dir='ltr'>multim-</span> 
     </span>
     <span class='ocr_line' id='line_1_32' title="bbox 690 2917 3632 3000; baseline -0.002 -18"><span class='ocrx_word' id='word_1_346' title='bbox 690 2917 828 2982; x_wconf 87' lang='lat' dir='ltr'>dine</span> <span class='ocrx_word' id='word_1_347' title='bbox 868 2921 1190 2980; x_wconf 85' lang='lat' dir='ltr'>verborum</span> <span class='ocrx_word' id='word_1_348' title='bbox 1232 2939 1354 2980; x_wconf 90' lang='lat' dir='ltr'>non</span> <span class='ocrx_word' id='word_1_349' title='bbox 1396 2930 1589 2980; x_wconf 85' lang='lat' dir='ltr'>cessat</span> <span class='ocrx_word' id='word_1_350' title='bbox 1629 2919 1905 2981; x_wconf 81' lang='lat' dir='ltr'>defectio.</span> <span class='ocrx_word' id='word_1_351' title='bbox 1973 2921 2158 2998; x_wconf 79' lang='lat' dir='ltr'>Quod</span> <span class='ocrx_word' id='word_1_352' title='bbox 2197 2919 2244 2981; x_wconf 90' lang='lat' dir='ltr'>si</span> <span class='ocrx_word' id='word_1_353' title='bbox 2285 2937 2492 2982; x_wconf 89' lang='lat' dir='ltr'>eorum</span> <span class='ocrx_word' id='word_1_354' title='bbox 2535 2937 2776 2980; x_wconf 89' lang='lat' dir='ltr'>causam</span> <span class='ocrx_word' id='word_1_355' title='bbox 2817 2920 3144 2980; x_wconf 82' lang='lat' dir='ltr'>adduxeris</span> <span class='ocrx_word' id='word_1_356' title='bbox 3187 2923 3310 3000; x_wconf 90' lang='lat' dir='ltr'>qui</span> <span class='ocrx_word' id='word_1_357' title='bbox 3353 2923 3477 2983; x_wconf 86' lang='lat' dir='ltr'>iam</span> <span class='ocrx_word' id='word_1_358' title='bbox 3499 2919 3632 2979; x_wconf 74' lang='lat' dir='ltr'>malo</span> 
     </span>
     <span class='ocr_line' id='line_1_33' title="bbox 692 2997 3625 3080; baseline -0.001 -20"><span class='ocrx_word' id='word_1_359' title='bbox 692 3017 891 3060; x_wconf 90' lang='lat' dir='ltr'>errore</span> <span class='ocrx_word' id='word_1_360' title='bbox 952 2997 1354 3078; x_wconf 83' lang='lat' dir='ltr'>implicantur,</span> <span class='ocrx_word' id='word_1_361' title='bbox 1415 3000 1671 3061; x_wconf 87' lang='lat' dir='ltr'>studium</span> <span class='ocrx_word' id='word_1_362' title='bbox 1732 3001 1911 3062; x_wconf 90' lang='lat' dir='ltr'>laudo</span> <span class='ocrx_word' id='word_1_363' title='bbox 1973 3001 2078 3062; x_wconf 90' lang='lat' dir='ltr'>sed</span> <span class='ocrx_word' id='word_1_364' title='bbox 2140 3003 2414 3062; x_wconf 87' lang='lat' dir='ltr'>effectum</span> <span class='ocrx_word' id='word_1_365' title='bbox 2450 3019 2574 3061; x_wconf 90' lang='lat' dir='ltr'>non</span> <span class='ocrx_word' id='word_1_366' title='bbox 2615 2999 2810 3060; x_wconf 86' lang='lat' dir='ltr'>video.</span> <span class='ocrx_word' id='word_1_367' title='bbox 2855 3004 3066 3060; x_wconf 74' lang='lat' dir='ltr'>contra</span> <span class='ocrx_word' id='word_1_368' title='bbox 3109 3003 3288 3062; x_wconf 86' lang='lat' dir='ltr'>enirn</span> <span class='ocrx_word' id='word_1_369' title='bbox 3335 2999 3625 3080; x_wconf 73' lang='lat' dir='ltr'>plurimum</span> 
     </span>
     <span class='ocr_line' id='line_1_34' title="bbox 694 3077 3624 3172; baseline 0 -33"><span class='ocrx_word' id='word_1_370' title='bbox 694 3077 995 3158; x_wconf 83' lang='lat' dir='ltr'>vsuuenit‚</span> <span class='ocrx_word' id='word_1_371' title='bbox 1060 3087 1123 3140; x_wconf 88' lang='lat' dir='ltr'>vt</span> <span class='ocrx_word' id='word_1_372' title='bbox 1182 3097 1254 3140; x_wconf 88' lang='lat' dir='ltr'>ea</span> <span class='ocrx_word' id='word_1_373' title='bbox 1312 3079 1439 3172; x_wconf 84' lang='lat' dir='ltr'>ipsa</span> <span class='ocrx_word' id='word_1_374' title='bbox 1499 3083 1653 3140; x_wconf 89' lang='lat' dir='ltr'>mala</span> <span class='ocrx_word' id='word_1_375' title='bbox 1713 3098 1869 3158; x_wconf 89' lang='lat' dir='ltr'>quae</span> <span class='ocrx_word' id='word_1_376' title='bbox 1930 3081 2115 3143; x_wconf 80' lang='lat' dir='ltr'>modo</span> <span class='ocrx_word' id='word_1_377' title='bbox 2165 3081 2566 3158; x_wconf 83' lang='lat' dir='ltr'>ostendimus,</span> <span class='ocrx_word' id='word_1_378' title='bbox 2609 3079 2857 3140; x_wconf 86' lang='lat' dir='ltr'>miseros</span> <span class='ocrx_word' id='word_1_379' title='bbox 2911 3081 3290 3142; x_wconf 87' lang='lat' dir='ltr'>confirment</span> <span class='ocrx_word' id='word_1_380' title='bbox 3347 3083 3414 3143; x_wconf 89' lang='lat' dir='ltr'>in</span> <span class='ocrx_word' id='word_1_381' title='bbox 3469 3081 3624 3150; x_wconf 84' lang='lat' dir='ltr'>malo,</span> 
     </span>
     <span class='ocr_line' id='line_1_35' title="bbox 692 3159 3799 3296; baseline -0 -78"><span class='ocrx_word' id='word_1_382' title='bbox 692 3159 1207 3296; x_wconf 56' lang='lat' dir='ltr'>auemadmodum</span> <span class='ocrx_word' id='word_1_383' title='bbox 1270 3159 1483 3220; x_wconf 80' lang='lat' dir='ltr'>iniecta</span> <span class='ocrx_word' id='word_1_384' title='bbox 1543 3177 1698 3238; x_wconf 87' lang='lat' dir='ltr'>aqua</span> <span class='ocrx_word' id='word_1_385' title='bbox 1756 3159 1994 3222; x_wconf 82' lang='lat' dir='ltr'>fabriles</span> <span class='ocrx_word' id='word_1_386' title='bbox 2055 3163 2348 3222; x_wconf 88' lang='lat' dir='ltr'>carbones</span> <span class='ocrx_word' id='word_1_387' title='bbox 2408 3163 2606 3221; x_wconf 87' lang='lat' dir='ltr'>solent</span> <span class='ocrx_word' id='word_1_388' title='bbox 2662 3159 3059 3221; x_wconf 87' lang='lat' dir='ltr'>inardescere.</span> <span class='ocrx_word' id='word_1_389' title='bbox 3103 3163 3260 3221; x_wconf 90' lang='lat' dir='ltr'>Hoc</span> <span class='ocrx_word' id='word_1_390' title='bbox 3305 3161 3628 3240; x_wconf 78' lang='lat' dir='ltr'>quotidiam</span> <span class='ocrx_word' id='word_1_391' title='bbox 3796 3177 3799 3232; x_wconf 69' lang='grc' dir='ltr'>ι</span> 
     </span>
    </p>

    <p class='ocr_par' dir='ltr' id='par_1_5' title="bbox 686 3237 3799 3780">
     <span class='ocr_line' id='line_1_36' title="bbox 736 3237 3799 3318; baseline 0 -20"><span class='ocrx_word' id='word_1_392' title='bbox 736 3249 871 3299; x_wconf 90' lang='lat' dir='ltr'>ocet</span> <span class='ocrx_word' id='word_1_393' title='bbox 912 3238 1304 3318; x_wconf 68' lang='lat' dir='ltr'>experientiae,</span> <span class='ocrx_word' id='word_1_394' title='bbox 1364 3237 1777 3318; x_wconf 83' lang='lat' dir='ltr'>&amp;insignibus</span> <span class='ocrx_word' id='word_1_395' title='bbox 1816 3241 2052 3302; x_wconf 89' lang='lat' dir='ltr'>duobus</span> <span class='ocrx_word' id='word_1_396' title='bbox 2093 3239 2404 3318; x_wconf 77' lang='lat' dir='ltr'>exempliS‚</span> <span class='ocrx_word' id='word_1_397' title='bbox 2466 3239 2744 3300; x_wconf 86' lang='lat' dir='ltr'>nimirum</span> <span class='ocrx_word' id='word_1_398' title='bbox 2787 3257 2898 3300; x_wconf 89' lang='lat' dir='ltr'>suo</span> <span class='ocrx_word' id='word_1_399' title='bbox 2939 3243 2996 3300; x_wconf 70' lang='grc' dir='ltr'>δε</span> <span class='ocrx_word' id='word_1_400' title='bbox 3037 3241 3296 3304; x_wconf 86' lang='lat' dir='ltr'>alterius</span> <span class='ocrx_word' id='word_1_401' title='bbox 3341 3241 3621 3304; x_wconf 83' lang='lat' dir='ltr'>cuiusdam</span> <span class='ocrx_word' id='word_1_402' title='bbox 3796 3243 3799 3246; x_wconf 83' lang='grc'><strong>’</strong></span> 
     </span>
     <span class='ocr_line' id='line_1_37' title="bbox 694 3317 3622 3414; baseline 0 -38"><span class='ocrx_word' id='word_1_403' title='bbox 694 3317 1015 3396; x_wconf 86' lang='lat' dir='ltr'>Episcopi,</span> <span class='ocrx_word' id='word_1_404' title='bbox 1058 3319 1421 3398; x_wconf 82' lang='lat' dir='ltr'>Augustinus</span> <span class='ocrx_word' id='word_1_405' title='bbox 1464 3320 1525 3395; x_wconf 86' lang='lat' dir='ltr'>(f.</span> <span class='ocrx_word' id='word_1_406' title='bbox 1572 3323 1711 3396; x_wconf 87' lang='lat'><strong>738)</strong></span> <span class='ocrx_word' id='word_1_407' title='bbox 1754 3320 1980 3414; x_wconf 81' lang='lat' dir='ltr'>optime</span> <span class='ocrx_word' id='word_1_408' title='bbox 2019 3319 2476 3399; x_wconf 87' lang='lat' dir='ltr'>demonstrauit,</span> <span class='ocrx_word' id='word_1_409' title='bbox 2532 3319 2637 3400; x_wconf 91' lang='lat' dir='ltr'>qui</span> <span class='ocrx_word' id='word_1_410' title='bbox 2677 3341 2750 3379; x_wconf 86' lang='lat' dir='ltr'>ex</span> <span class='ocrx_word' id='word_1_411' title='bbox 2787 3319 3300 3406; x_wconf 61' lang='lat' dir='ltr'>Manichaeorum</span> <span class='ocrx_word' id='word_1_412' title='bbox 3349 3321 3622 3384; x_wconf 80' lang='lat' dir='ltr'>erroribus</span> 
     </span>
     <span class='ocr_line' id='line_1_38' title="bbox 692 3398 3621 3480; baseline 0.001 -24"><span class='ocrx_word' id='word_1_413' title='bbox 692 3413 812 3458; x_wconf 90' lang='lat' dir='ltr'>non</span> <span class='ocrx_word' id='word_1_414' title='bbox 864 3399 986 3458; x_wconf 84' lang='lat' dir='ltr'>vllo</span> <span class='ocrx_word' id='word_1_415' title='bbox 1039 3398 1302 3460; x_wconf 87' lang='lat' dir='ltr'>humano</span> <span class='ocrx_word' id='word_1_416' title='bbox 1357 3400 1545 3476; x_wconf 86' lang='lat' dir='ltr'>facto,</span> <span class='ocrx_word' id='word_1_417' title='bbox 1611 3399 1713 3460; x_wconf 90' lang='lat' dir='ltr'>sed</span> <span class='ocrx_word' id='word_1_418' title='bbox 1765 3401 2046 3480; x_wconf 75' lang='lat' dir='ltr'>singulari</span> <span class='ocrx_word' id='word_1_419' title='bbox 2097 3401 2210 3462; x_wconf 89' lang='lat' dir='ltr'>Dei</span> <span class='ocrx_word' id='word_1_420' title='bbox 2264 3399 2638 3476; x_wconf 88' lang='lat' dir='ltr'>testimonio,</span> <span class='ocrx_word' id='word_1_421' title='bbox 2703 3411 2986 3478; x_wconf 87' lang='lat' dir='ltr'>tanquam</span> <span class='ocrx_word' id='word_1_422' title='bbox 3041 3419 3116 3460; x_wconf 89' lang='lat' dir='ltr'>ex</span> <span class='ocrx_word' id='word_1_423' title='bbox 3159 3401 3621 3479; x_wconf 63' lang='lat' dir='ltr'>pestilentissim</span> 
     </span>
     <span class='ocr_line' id='line_1_39' title="bbox 690 3477 3620 3559; baseline 0.002 -23"><span class='ocrx_word' id='word_1_424' title='bbox 690 3477 986 3538; x_wconf 77' lang='lat' dir='ltr'>foetorum</span> <span class='ocrx_word' id='word_1_425' title='bbox 1042 3477 1273 3538; x_wconf 88' lang='lat' dir='ltr'>sentina</span> <span class='ocrx_word' id='word_1_426' title='bbox 1322 3478 1509 3556; x_wconf 87' lang='lat' dir='ltr'>erepti</span> <span class='ocrx_word' id='word_1_427' title='bbox 1562 3490 1717 3540; x_wconf 87' lang='lat' dir='ltr'>sunt.</span> <span class='ocrx_word' id='word_1_428' title='bbox 1770 3479 1903 3542; x_wconf 92' lang='lat' dir='ltr'>Lib.</span> <span class='ocrx_word' id='word_1_429' title='bbox 1945 3499 2001 3558; x_wconf 88' lang='lat'>3.</span> <span class='ocrx_word' id='word_1_430' title='bbox 2045 3481 2314 3542; x_wconf 76' lang='lat' dir='ltr'>Contess.</span> <span class='ocrx_word' id='word_1_431' title='bbox 2358 3499 2486 3559; x_wconf 86' lang='lat' dir='ltr'>cap.</span> <span class='ocrx_word' id='word_1_432' title='bbox 2529 3481 2758 3540; x_wconf 85' lang='lat' dir='ltr'>vltimo.</span> <span class='ocrx_word' id='word_1_433' title='bbox 2801 3481 3072 3542; x_wconf 86' lang='lat' dir='ltr'>Omnino</span> <span class='ocrx_word' id='word_1_434' title='bbox 3111 3495 3391 3558; x_wconf 82' lang='lat' dir='ltr'>praestat</span> <span class='ocrx_word' id='word_1_435' title='bbox 3433 3485 3496 3543; x_wconf 87' lang='lat' dir='ltr'>in</span> <span class='ocrx_word' id='word_1_436' title='bbox 3533 3483 3620 3541; x_wconf 84' lang='lat' dir='ltr'>hoc</span> 
     </span>
     <span class='ocr_line' id='line_1_40' title="bbox 690 3557 3620 3643; baseline 0.003 -25"><span class='ocrx_word' id='word_1_437' title='bbox 690 3574 909 3636; x_wconf 84' lang='lat' dir='ltr'>genere</span> <span class='ocrx_word' id='word_1_438' title='bbox 974 3557 1113 3618; x_wconf 87' lang='lat' dir='ltr'>mali</span> <span class='ocrx_word' id='word_1_439' title='bbox 1174 3557 1583 3620; x_wconf 83' lang='lat' dir='ltr'>antecedentia</span> <span class='ocrx_word' id='word_1_440' title='bbox 1644 3560 1863 3638; x_wconf 81' lang='lat' dir='ltr'>scripta</span> <span class='ocrx_word' id='word_1_441' title='bbox 1924 3563 1980 3622; x_wconf 76' lang='grc' dir='ltr'>δι</span> <span class='ocrx_word' id='word_1_442' title='bbox 2031 3561 2390 3623; x_wconf 88' lang='lat' dir='ltr'>documenta</span> <span class='ocrx_word' id='word_1_443' title='bbox 2443 3559 2766 3620; x_wconf 79' lang='lat' dir='ltr'>commode</span> <span class='ocrx_word' id='word_1_444' title='bbox 2820 3563 2878 3621; x_wconf 73' lang='grc' dir='ltr'>δι</span> <span class='ocrx_word' id='word_1_445' title='bbox 2925 3560 3096 3638; x_wconf 87' lang='lat' dir='ltr'>quasi</span> <span class='ocrx_word' id='word_1_446' title='bbox 3151 3561 3323 3622; x_wconf 89' lang='lat' dir='ltr'>aliud</span> <span class='ocrx_word' id='word_1_447' title='bbox 3381 3562 3620 3643; x_wconf 66' lang='lat' dir='ltr'>agendm</span> 
     </span>
     <span class='ocr_line' id='line_1_41' title="bbox 686 3635 3618 3722; baseline 0.002 -25"><span class='ocrx_word' id='word_1_448' title='bbox 686 3635 1017 3698; x_wconf 85' lang='lat' dir='ltr'>errantibus</span> <span class='ocrx_word' id='word_1_449' title='bbox 1058 3637 1382 3718; x_wconf 88' lang='lat' dir='ltr'>subiicere,</span> <span class='ocrx_word' id='word_1_450' title='bbox 1448 3639 1525 3698; x_wconf 83' lang='lat' dir='ltr'>ad</span> <span class='ocrx_word' id='word_1_451' title='bbox 1568 3640 1899 3701; x_wconf 80' lang='lat' dir='ltr'>testandam</span> <span class='ocrx_word' id='word_1_452' title='bbox 1940 3640 2335 3702; x_wconf 85' lang='lat' dir='ltr'>constantiam</span> <span class='ocrx_word' id='word_1_453' title='bbox 2375 3651 2639 3701; x_wconf 87' lang='lat' dir='ltr'>nostram</span> <span class='ocrx_word' id='word_1_454' title='bbox 2681 3639 2742 3700; x_wconf 91' lang='lat' dir='ltr'>in</span> <span class='ocrx_word' id='word_1_455' title='bbox 2784 3640 3062 3701; x_wconf 84' lang='lat' dir='ltr'>doctrina</span> <span class='ocrx_word' id='word_1_456' title='bbox 3105 3642 3412 3722; x_wconf 80' lang='lat' dir='ltr'>veritatis,</span> <span class='ocrx_word' id='word_1_457' title='bbox 3467 3645 3618 3722; x_wconf 65' lang='lat' dir='ltr'>quam</span> 
     </span>
     <span class='ocr_line' id='line_1_42' title="bbox 691 3717 1466 3780; baseline 0.001 -2"><span class='ocrx_word' id='word_1_458' title='bbox 691 3733 851 3778; x_wconf 83' lang='lat' dir='ltr'>noua</span> <span class='ocrx_word' id='word_1_459' title='bbox 890 3717 1074 3778; x_wconf 86' lang='lat' dir='ltr'>multa</span> <span class='ocrx_word' id='word_1_460' title='bbox 1160 3718 1466 3780; x_wconf 89' lang='lat' dir='ltr'>roducere.</span> 
     </span>
    </p>

    <p class='ocr_par' dir='ltr' id='par_1_6' title="bbox 682 3737 3618 4439">
     <span class='ocr_line' id='line_1_43' title="bbox 766 3737 3616 3892; baseline 0.001 -36"><span class='ocrx_word' id='word_1_461' title='bbox 766 3797 975 3857; x_wconf 80' lang='lat' dir='ltr'>Restat</span> <span class='ocrx_word' id='word_1_462' title='bbox 1016 3807 1078 3857; x_wconf 81' lang='lat' dir='ltr'>vt</span> <span class='ocrx_word' id='word_1_463' title='bbox 1113 3737 1270 3858; x_wconf 60' lang='lat' dir='ltr'>gicat</span> <span class='ocrx_word' id='word_1_464' title='bbox 1312 3796 1361 3858; x_wconf 89' lang='lat' dir='ltr'>is</span> <span class='ocrx_word' id='word_1_465' title='bbox 1400 3797 1503 3875; x_wconf 91' lang='lat' dir='ltr'>qui</span> <span class='ocrx_word' id='word_1_466' title='bbox 1544 3799 1864 3878; x_wconf 85' lang='lat' dir='ltr'>scripturus</span> <span class='ocrx_word' id='word_1_467' title='bbox 1904 3811 2024 3879; x_wconf 84' lang='lat' dir='ltr'>est,</span> <span class='ocrx_word' id='word_1_468' title='bbox 2066 3819 2172 3862; x_wconf 86' lang='lat' dir='ltr'>sua</span> <span class='ocrx_word' id='word_1_469' title='bbox 2211 3821 2389 3864; x_wconf 89' lang='lat' dir='ltr'>causa</span> <span class='ocrx_word' id='word_1_470' title='bbox 2428 3795 2490 3862; x_wconf 85' lang='lat' dir='ltr'>se</span> <span class='ocrx_word' id='word_1_471' title='bbox 2532 3799 2818 3892; x_wconf 83' lang='lat' dir='ltr'>scriptum</span> <span class='ocrx_word' id='word_1_472' title='bbox 2860 3801 3107 3878; x_wconf 90' lang='lat' dir='ltr'>publico</span> <span class='ocrx_word' id='word_1_473' title='bbox 3149 3802 3440 3862; x_wconf 88' lang='lat' dir='ltr'>daturum</span> <span class='ocrx_word' id='word_1_474' title='bbox 3485 3820 3616 3864; x_wconf 54' lang='lat' dir='ltr'>ase:</span> 
     </span>
     <span class='ocr_line' id='line_1_44' title="bbox 688 3878 3618 3960; baseline 0.002 -24"><span class='ocrx_word' id='word_1_475' title='bbox 688 3893 907 3954; x_wconf 87' lang='lat' dir='ltr'>nempe</span> <span class='ocrx_word' id='word_1_476' title='bbox 944 3883 1010 3936; x_wconf 79' lang='lat' dir='ltr'>vt</span> <span class='ocrx_word' id='word_1_477' title='bbox 1052 3895 1124 3937; x_wconf 88' lang='lat' dir='ltr'>ea</span> <span class='ocrx_word' id='word_1_478' title='bbox 1165 3887 1267 3938; x_wconf 83' lang='lat' dir='ltr'>aut</span> <span class='ocrx_word' id='word_1_479' title='bbox 1308 3878 1619 3956; x_wconf 88' lang='lat' dir='ltr'>defendat,</span> <span class='ocrx_word' id='word_1_480' title='bbox 1662 3891 1763 3940; x_wconf 90' lang='lat' dir='ltr'>aut</span> <span class='ocrx_word' id='word_1_481' title='bbox 1804 3879 2059 3959; x_wconf 81' lang='lat' dir='ltr'>explicet</span> <span class='ocrx_word' id='word_1_482' title='bbox 2078 3899 2231 3960; x_wconf 91' lang='lat' dir='ltr'>quae</span> <span class='ocrx_word' id='word_1_483' title='bbox 2251 3886 2388 3944; x_wconf 79' lang='lat' dir='ltr'>ante</span> <span class='ocrx_word' id='word_1_484' title='bbox 2408 3879 2733 3958; x_wconf 76' lang='lat' dir='ltr'>scripserit,</span> <span class='ocrx_word' id='word_1_485' title='bbox 2775 3890 2878 3940; x_wconf 90' lang='lat' dir='ltr'>aut</span> <span class='ocrx_word' id='word_1_486' title='bbox 2897 3881 3354 3942; x_wconf 85' lang='lat' dir='ltr'>criminationes</span> <span class='ocrx_word' id='word_1_487' title='bbox 3373 3881 3618 3943; x_wconf 71' lang='lat' dir='ltr'>obiectas</span> 
     </span>
     <span class='ocr_line' id='line_1_45' title="bbox 686 3955 3618 4039; baseline 0.002 -23"><span class='ocrx_word' id='word_1_488' title='bbox 686 3955 888 4016; x_wconf 89' lang='lat' dir='ltr'>diluat.</span> <span class='ocrx_word' id='word_1_489' title='bbox 952 3955 1135 4034; x_wconf 88' lang='lat' dir='ltr'>Atqui</span> <span class='ocrx_word' id='word_1_490' title='bbox 1190 3955 1305 4017; x_wconf 90' lang='lat' dir='ltr'>iam</span> <span class='ocrx_word' id='word_1_491' title='bbox 1362 3977 1435 4019; x_wconf 92' lang='lat' dir='ltr'>eo</span> <span class='ocrx_word' id='word_1_492' title='bbox 1476 3969 1788 4036; x_wconf 87' lang='lat' dir='ltr'>peccatum</span> <span class='ocrx_word' id='word_1_493' title='bbox 1832 3971 1950 4039; x_wconf 86' lang='lat' dir='ltr'>est,</span> <span class='ocrx_word' id='word_1_494' title='bbox 2005 3961 2053 4022; x_wconf 88' lang='lat' dir='ltr'>si</span> <span class='ocrx_word' id='word_1_495' title='bbox 2093 3961 2226 4039; x_wconf 88' lang='lat' dir='ltr'>quis</span> <span class='ocrx_word' id='word_1_496' title='bbox 2267 3981 2374 4024; x_wconf 89' lang='lat' dir='ltr'>sua</span> <span class='ocrx_word' id='word_1_497' title='bbox 2412 3979 2590 4022; x_wconf 84' lang='lat' dir='ltr'>causa</span> <span class='ocrx_word' id='word_1_498' title='bbox 2630 3961 2984 4038; x_wconf 84' lang='lat' dir='ltr'>scriptiones</span> <span class='ocrx_word' id='word_1_499' title='bbox 3025 3961 3323 4022; x_wconf 87' lang='lat' dir='ltr'>eiusmodi</span> <span class='ocrx_word' id='word_1_500' title='bbox 3361 3961 3618 4022; x_wconf 81' lang='lat' dir='ltr'>immittat</span> 
     </span>
     <span class='ocr_line' id='line_1_46' title="bbox 686 4033 3616 4133; baseline 0.002 -37"><span class='ocrx_word' id='word_1_501' title='bbox 686 4033 948 4114; x_wconf 88' lang='lat' dir='ltr'>publico.</span> <span class='ocrx_word' id='word_1_502' title='bbox 1012 4037 1314 4112; x_wconf 89' lang='lat' dir='ltr'>Quorsum</span> <span class='ocrx_word' id='word_1_503' title='bbox 1358 4036 1513 4098; x_wconf 91' lang='lat' dir='ltr'>enim</span> <span class='ocrx_word' id='word_1_504' title='bbox 1558 4038 1616 4099; x_wconf 90' lang='lat' dir='ltr'>in</span> <span class='ocrx_word' id='word_1_505' title='bbox 1660 4038 1807 4100; x_wconf 87' lang='lat' dir='ltr'>meis</span> <span class='ocrx_word' id='word_1_506' title='bbox 1848 4043 2024 4102; x_wconf 88' lang='lat' dir='ltr'>rebus</span> <span class='ocrx_word' id='word_1_507' title='bbox 2067 4041 2501 4133; x_wconf 80' lang='lat' dir='ltr'>cognoscendis</span> <span class='ocrx_word' id='word_1_508' title='bbox 2541 4039 2814 4100; x_wconf 85' lang='lat' dir='ltr'>homines</span> <span class='ocrx_word' id='word_1_509' title='bbox 2858 4038 3198 4119; x_wconf 84' lang='lat' dir='ltr'>occupem?</span> <span class='ocrx_word' id='word_1_510' title='bbox 3237 4041 3287 4102; x_wconf 87' lang='lat' dir='ltr'>si</span> <span class='ocrx_word' id='word_1_511' title='bbox 3330 4043 3616 4103; x_wconf 78' lang='lat' dir='ltr'>veritatem</span> 
     </span>
     <span class='ocr_line' id='line_1_47' title="bbox 686 4113 3615 4200; baseline 0.002 -25"><span class='ocrx_word' id='word_1_512' title='bbox 686 4115 817 4192; x_wconf 88' lang='lat' dir='ltr'>quis</span> <span class='ocrx_word' id='word_1_513' title='bbox 857 4113 1092 4194; x_wconf 86' lang='lat' dir='ltr'>scripsit</span> <span class='ocrx_word' id='word_1_514' title='bbox 1134 4119 1189 4178; x_wconf 72' lang='grc' dir='ltr'>δι</span> <span class='ocrx_word' id='word_1_515' title='bbox 1228 4115 1463 4194; x_wconf 89' lang='lat' dir='ltr'>docuit,</span> <span class='ocrx_word' id='word_1_516' title='bbox 1526 4136 1647 4178; x_wconf 90' lang='lat' dir='ltr'>non</span> <span class='ocrx_word' id='word_1_517' title='bbox 1693 4137 1830 4199; x_wconf 87' lang='lat' dir='ltr'>sua,</span> <span class='ocrx_word' id='word_1_518' title='bbox 1893 4121 2000 4182; x_wconf 90' lang='lat' dir='ltr'>sed</span> <span class='ocrx_word' id='word_1_519' title='bbox 2041 4122 2300 4184; x_wconf 80' lang='lat' dir='ltr'>veritatis</span> <span class='ocrx_word' id='word_1_520' title='bbox 2340 4141 2514 4183; x_wconf 85' lang='lat' dir='ltr'>causa</span> <span class='ocrx_word' id='word_1_521' title='bbox 2555 4120 2714 4180; x_wconf 91' lang='lat' dir='ltr'>idem</span> <span class='ocrx_word' id='word_1_522' title='bbox 2756 4120 3090 4199; x_wconf 88' lang='lat' dir='ltr'>scripturus</span> <span class='ocrx_word' id='word_1_523' title='bbox 3129 4133 3312 4200; x_wconf 87' lang='lat' dir='ltr'>atque</span> <span class='ocrx_word' id='word_1_524' title='bbox 3351 4123 3615 4182; x_wconf 71' lang='lat' dir='ltr'>docturus</span> 
     </span>
     <span class='ocr_line' id='line_1_48' title="bbox 682 4195 3608 4280; baseline 0.002 -26"><span class='ocrx_word' id='word_1_525' title='bbox 682 4205 787 4255; x_wconf 89' lang='lat' dir='ltr'>est.</span> <span class='ocrx_word' id='word_1_526' title='bbox 834 4195 975 4255; x_wconf 89' lang='lat' dir='ltr'>Hoc</span> <span class='ocrx_word' id='word_1_527' title='bbox 1020 4205 1217 4256; x_wconf 78' lang='lat' dir='ltr'>autem</span> <span class='ocrx_word' id='word_1_528' title='bbox 1262 4196 1525 4257; x_wconf 81' lang='lat' dir='ltr'>officium</span> <span class='ocrx_word' id='word_1_529' title='bbox 1568 4199 1646 4260; x_wconf 82' lang='lat' dir='ltr'>ab</span> <span class='ocrx_word' id='word_1_530' title='bbox 1687 4199 1791 4259; x_wconf 91' lang='lat' dir='ltr'>illo</span> <span class='ocrx_word' id='word_1_531' title='bbox 1834 4200 2088 4278; x_wconf 86' lang='lat' dir='ltr'>amplius</span> <span class='ocrx_word' id='word_1_532' title='bbox 2131 4221 2250 4262; x_wconf 88' lang='lat' dir='ltr'>non</span> <span class='ocrx_word' id='word_1_533' title='bbox 2295 4201 2473 4280; x_wconf 81' lang='lat' dir='ltr'>exigit</span> <span class='ocrx_word' id='word_1_534' title='bbox 2509 4202 2753 4277; x_wconf 88' lang='lat' dir='ltr'>veritas,</span> <span class='ocrx_word' id='word_1_535' title='bbox 2795 4211 2858 4260; x_wconf 83' lang='lat' dir='ltr'>vt</span> <span class='ocrx_word' id='word_1_536' title='bbox 2896 4205 3040 4262; x_wconf 79' lang='lat' dir='ltr'>ante</span> <span class='ocrx_word' id='word_1_537' title='bbox 3061 4203 3462 4276; x_wconf 87' lang='lat' dir='ltr'>ostendimus,</span> <span class='ocrx_word' id='word_1_538' title='bbox 3495 4205 3608 4261; x_wconf 77' lang='lat' dir='ltr'>eum</span> 
     </span>
     <span class='ocr_line' id='line_1_49' title="bbox 682 4275 3606 4360; baseline 0.002 -27"><span class='ocrx_word' id='word_1_539' title='bbox 682 4291 802 4334; x_wconf 84' lang='lat' dir='ltr'>vno</span> <span class='ocrx_word' id='word_1_540' title='bbox 844 4287 943 4334; x_wconf 91' lang='lat' dir='ltr'>aut</span> <span class='ocrx_word' id='word_1_541' title='bbox 984 4275 1173 4336; x_wconf 73' lang='lat' dir='ltr'>altero</span> <span class='ocrx_word' id='word_1_542' title='bbox 1218 4275 1439 4354; x_wconf 86' lang='lat' dir='ltr'>scripto</span> <span class='ocrx_word' id='word_1_543' title='bbox 1476 4278 1616 4338; x_wconf 82' lang='lat' dir='ltr'>fecit</span> <span class='ocrx_word' id='word_1_544' title='bbox 1660 4278 1819 4340; x_wconf 86' lang='lat' dir='ltr'>satis.</span> <span class='ocrx_word' id='word_1_545' title='bbox 1862 4279 2048 4356; x_wconf 76' lang='lat' dir='ltr'>Quod</span> <span class='ocrx_word' id='word_1_546' title='bbox 2089 4281 2140 4342; x_wconf 87' lang='lat' dir='ltr'>si</span> <span class='ocrx_word' id='word_1_547' title='bbox 2180 4300 2564 4360; x_wconf 88' lang='lat' dir='ltr'>personarum</span> <span class='ocrx_word' id='word_1_548' title='bbox 2607 4299 2786 4340; x_wconf 86' lang='lat' dir='ltr'>causa</span> <span class='ocrx_word' id='word_1_549' title='bbox 2827 4289 3142 4342; x_wconf 81' lang='lat' dir='ltr'>veritatem</span> <span class='ocrx_word' id='word_1_550' title='bbox 3163 4282 3384 4343; x_wconf 85' lang='lat' dir='ltr'>mentis</span> <span class='ocrx_word' id='word_1_551' title='bbox 3401 4293 3606 4342; x_wconf 77' lang='lat' dir='ltr'>nostrae</span> 
     </span>
     <span class='ocr_line' id='line_1_50' title="bbox 682 4355 3604 4439; baseline 0.003 -27"><span class='ocrx_word' id='word_1_552' title='bbox 682 4369 834 4432; x_wconf 84' lang='lat' dir='ltr'>opus</span> <span class='ocrx_word' id='word_1_553' title='bbox 888 4363 975 4413; x_wconf 90' lang='lat' dir='ltr'>est</span> <span class='ocrx_word' id='word_1_554' title='bbox 1047 4355 1323 4432; x_wconf 75' lang='lat' dir='ltr'>explicari</span> <span class='ocrx_word' id='word_1_555' title='bbox 1374 4360 1537 4434; x_wconf 87' lang='lat' dir='ltr'>(nam</span> <span class='ocrx_word' id='word_1_556' title='bbox 1578 4357 1739 4418; x_wconf 87' lang='lat' dir='ltr'>aliud</span> <span class='ocrx_word' id='word_1_557' title='bbox 1782 4369 1871 4419; x_wconf 79' lang='lat' dir='ltr'>est</span> <span class='ocrx_word' id='word_1_558' title='bbox 1910 4360 2167 4422; x_wconf 84' lang='lat' dir='ltr'>veritatis</span> <span class='ocrx_word' id='word_1_559' title='bbox 2205 4363 2262 4424; x_wconf 91' lang='lat' dir='ltr'>in</span> <span class='ocrx_word' id='word_1_560' title='bbox 2304 4381 2429 4423; x_wconf 87' lang='lat' dir='ltr'>sese</span> <span class='ocrx_word' id='word_1_561' title='bbox 2469 4360 2874 4422; x_wconf 81' lang='lat' dir='ltr'>testimonium</span> <span class='ocrx_word' id='word_1_562' title='bbox 2917 4363 3132 4439; x_wconf 86' lang='lat' dir='ltr'>edere,</span> <span class='ocrx_word' id='word_1_563' title='bbox 3191 4361 3358 4424; x_wconf 86' lang='lat' dir='ltr'>aliud</span> <span class='ocrx_word' id='word_1_564' title='bbox 3391 4364 3508 4423; x_wconf 83' lang='lat' dir='ltr'>eius</span> <span class='ocrx_word' id='word_1_565' title='bbox 3539 4361 3604 4421; x_wconf 86' lang='lat' dir='ltr'>rei</span> 
     </span>
    </p>

    <p class='ocr_par' dir='ltr' id='par_1_7' title="bbox 3449 4460 3594 4520">
     <span class='ocr_line' id='line_1_51' title="bbox 3449 4460 3594 4520; baseline 0 -20"><span class='ocrx_word' id='word_1_566' title='bbox 3449 4460 3594 4520; x_wconf 82' lang='lat' dir='ltr'>qnam</span> 
     </span>
    </p>
   </div>
   <div class='ocr_carea' id='block_1_3' title="bbox 3739 342 3804 2946">
    <p class='ocr_par' dir='ltr' id='par_1_8' title="bbox 3739 342 3804 2946">
     <span class='ocr_line' id='line_1_52' title="bbox 3739 342 3804 2946; baseline 0 -536"><span class='ocrx_word' id='word_1_567' title='bbox 3739 342 3804 2538; x_wconf 95' lang='lat' dir='ltr'>  </span> <span class='ocrx_word' id='word_1_568' title='bbox 3789 2410 3804 2946; x_wconf 95' lang='lat' dir='ltr'>  </span> 
     </span>
    </p>
   </div>
   <div class='ocr_carea' id='block_1_4' title="bbox 3772 2405 3789 2506">
    <p class='ocr_par' dir='ltr' id='par_1_9' title="bbox 3772 2405 3791 2535">
     <span class='ocr_line' id='line_1_53' title="bbox 3772 2405 3789 2506; baseline 0 29"><span class='ocrx_word' id='word_1_569' title='bbox 3772 2405 3789 2506; x_wconf 53' lang='grc' dir='ltr'>ἰ</span> 
     </span>
    </p>
   </div>
  </div>
 </body>
</html>
