3923 4875
580 281 656 381 953
1550 298 1651 359 bn
1714 315 1937 358 vnRA
1995 297 2521 360 ιιιιιοιοῦιΑ.

658 482 779 542 Hic
830 488 974 543 vero
1027 481 1293 559 quaestio
1333 479 1575 556 incidit,
1614 497 1769 558 quae
1806 477 2074 540 rudiores
2115 482 2364 540 fortasse
2402 478 2722 558 scripturae
2761 499 2961 541 sacrae
3001 501 3246 560 operam
3285 481 3494 544 dantes

578 580 962 623 commouere
1011 562 1216 642 possit.
1258 562 1412 622 Cum
1452 559 1610 621 enim
1650 559 2001 635 scripturam
2039 561 2371 638 perfectum
2410 579 2537 621 esse
2573 559 2838 621 dicamus
2879 562 3245 653 Theologiae
3285 564 3494 624 instru-

578 653 871 702 mentum·
857 687 873 718 ,
935 642 1258 732 Prophetas
1317 652 1512 701 autem
1574 643 1629 701 δι
1692 642 2020 719 Apostolos
2075 639 2374 699 interdum
2436 639 2650 700 dixisse
2715 644 2769 701 δι
2829 639 3132 718 scripsisse
3188 643 3492 706 videamus

578 723 902 798 quaedam,
944 726 980 782 a
1017 721 1264 782 veritate
1307 739 1487 814 quam
1528 722 1691 782 Deus
1735 719 1958 781 reuelat
1994 718 2412 797 discrepantia,
2457 721 2766 796 quomodo
2807 721 2933 782 fieri
2973 722 3160 798 possit
3197 733 3261 783 vt
3301 722 3494 802 Scrip-

574 812 767 862 turam
806 803 963 863 hanc
1001 803 1331 894 perfectum
1369 801 1819 861 instrumentum
1860 799 2126 860 dicamus
2165 796 2327 860 esse?
2367 799 2642 891 Exempli
2671 817 2909 860 caussa·
2951 800 3207 863 Dicebat
3227 801 3492 882 Samuel,

574 884 714 942 cum
752 883 980 944 videret
1018 881 1296 943 Eliabum
1335 883 1575 941 fratrem
1614 879 1862 942 Dauidis
1901 877 2253 956 maximum,
2294 877 2393 939 hic
2435 879 2634 956 vtique
2675 899 2880 940 coram
2918 883 3142 942 Iehoua
3161 893 3250 943 est
3269 894 3485 944 vnctus

576 960 779 1040 ipsius.
848 983 899 1022 1.
962 963 1213 1022 Samuel.
1282 964 1374 1020 16.
1436 963 1491 1020 6.
1554 959 1792 1020 dicebat
1850 961 1990 1020 item
2050 959 2289 1019 Nathan
2327 958 2482 1037 Regi
2521 958 2990 1021 aedificationem
3034 963 3248 1024 domus
3289 983 3489 1024 sacrae

575 1041 893 1132 cogitanti,
948 1041 1230 1119 quicquid
1292 1051 1379 1101 est
1439 1041 1545 1100 tibi
1604 1037 1665 1099 in
1714 1041 1915 1132 animo
1955 1041 2082 1112 fac,
2123 1057 2263 1098 nam
2303 1040 2528 1099 Iehoua
2568 1039 2734 1100 adest
2771 1039 2900 1100 tibi.
2945 1061 2998 1102 2.
3039 1043 3294 1104 Samuel.
3338 1061 3392 1118 7.
3433 1063 3490 1119 3.

543 1087 893 1182 ‘Scribebat
946 1123 1163 1183 Paulus
1203 1140 1266 1182 se
1306 1122 1709 1198 profecturum
1750 1119 1811 1180 in
1850 1118 2232 1196 Hispaniam,
2272 1121 2328 1178 δι
2369 1137 2440 1178 ea
2478 1118 2846 1196 profectione
2887 1121 2966 1180 ad
3001 1123 3314 1182 Romanos
3353 1142 3490 1182 ven-

574 1211 771 1261 turum
824 1221 971 1262 esse.
1030 1205 1201 1262 Rom.
1251 1217 1341 1278 15.
1387 1219 1482 1273 24.
1519 1201 1691 1261 Idem
1732 1199 2054 1261 Corinthiis
2095 1200 2150 1257 δι
2190 1199 2837 1260 Thessalonicensibus
2899 1201 3053 1260 Cum
3092 1221 3236 1280 ergo
3279 1204 3488 1262 falsum

573 1281 827 1342 dixerint
886 1281 1000 1361 illi,
1061 1293 1162 1342 aut
1221 1281 1396 1342 etiam
1446 1278 1783 1357 scripserint
1796 1326 1815 1361 ,
1856 1279 2167 1356 quomodo
2209 1278 2445 1355 (dixerit
2481 1279 2798 1371 quispiam)
2838 1280 3126 1360 scriptura
3163 1285 3490 1360 perfectum
3573 1347 3584 1353 ,

576 1327 1027 1423 instrumentum
1068 1360 1350 1452 appellari
1388 1370 1613 1438 potest,
1654 1359 1713 1418 in
1752 1377 1871 1436 qua
1911 1377 2196 1437 responsa
2235 1361 2290 1418 &
2331 1357 2622 1450 promissa
2654 1358 2784 1419 falsi
2803 1371 3108 1438 comperta
3127 1360 3279 1422 sint?
3317 1362 3488 1422 Istius

575 1439 737 1517 dubij
780 1442 1135 1503 solutionem
1175 1440 1283 1502 etsi
1324 1460 1397 1500 ex
1434 1439 1561 1518 ipsa
1601 1439 1967 1530 Theologiae
2004 1449 2244 1499 nostrae
2265 1437 2632 1516 definitione,
2669 1439 2862 1516 quiuis
2881 1451 3077 1531 potest
3095 1459 3487 1534 cognoscere,

573 1520 676 1597 qui
716 1521 978 1582 animum
1019 1521 1330 1600 diligenter
1370 1522 1448 1581 ad
1490 1539 1621 1580 eam
1664 1518 2006 1580 aduerterit:
2047 1529 2249 1579 tamen
2288 1537 2364 1580 ne
2406 1517 2552 1596 quid
2590 1518 2652 1578 in
2691 1538 2861 1579 mora
2893 1518 2967 1580 sit
2999 1519 3486 1612 imperitioribus,

576 1619 706 1661 eam
746 1601 949 1678 paucis
988 1603 1108 1661 hoc
1148 1601 1333 1660 modo
1374 1616 1795 1691 proponemus.
1834 1599 2018 1660 Aliud
2058 1609 2147 1658 est
2185 1597 2359 1676 igitur
2398 1616 2595 1658 rerum
2631 1598 2965 1659 diuinarum
2999 1599 3268 1681 scientia3
3296 1599 3489 1679 aliud,

573 1681 958 1742 consiliorum
1018 1684 1075 1741 δι
1115 1679 1433 1741 voluntatis
1473 1689 1575 1739 aut
1612 1678 1809 1778 iudicij
1850 1677 2094 1739 humani
2132 1677 2339 1739 nostri.
2393 1680 2464 1738 In
2505 1679 2680 1739 rebus
2720 1679 2934 1738 diuinis
2975 1699 3074 1740 eas
3113 1699 3488 1741 numeramus

574 1781 697 1822 non
737 1762 930 1820 solum
970 1777 1117 1838 quas
1154 1761 1320 1820 Deus
1361 1759 1531 1837 facit,
1572 1761 1776 1819 verum
1818 1759 1994 1819 etiam
2036 1775 2184 1835 quas
2224 1768 2466 1818 testatur
2499 1777 2773 1819 sermone
2792 1777 2934 1838 suo,
2969 1759 3093 1820 siue
3112 1779 3219 1838 per
3240 1761 3486 1821 modum

572 1839 907 1902 communis
948 1841 1143 1918 verbi,
1182 1839 1307 1900 siue
1346 1859 1454 1916 per
1492 1803 1845 1930 singularem
1888 1838 2332 1900 reuelationem.
2371 1839 2596 1898 Contra
2614 1838 2795 1898 vero
2778 1858 2839 1898 ιιι
2861 1839 3119 1899 consiliis
3143 1850 3245 1899 aut
3263 1840 3489 1900 iudiciis

571 1919 845 1980 humanis
884 1939 955 1980 ea
996 1918 1449 2010 complectimur
1487 1917 1716 2011 omnia,
1756 1936 1909 1996 quae
1949 1919 2098 1979 citra
2136 1917 2538 1979 testimonium
2579 1936 2896 1979 commune
2935 1929 3037 1979 aut
3064 1919 3356 1996 singulare
3375 1921 3490 1981 Dei

571 2001 649 2060 ab
689 1999 1031 2060 hominibus
1047 2045 1065 2078 ,
1106 1997 1375 2090 quamuis
1416 1997 1795 2060 sanctissimis
1836 1997 2324 2076 sanctissimoque
2354 1996 2631 2076 consilio,
2667 2000 3070 2077 proferuntur,
3105 2010 3205 2059 aut
3223 2001 3485 2060 humano

571 2095 929 2156 quocunque
968 2078 1209 2141 iudicio.
1247 2078 1561 2171 Eiusmodi
1599 2080 1834 2139 fuerunt
1872 2077 1972 2138 illa
2012 2078 2298 2139 Samuelis
2332 2087 2511 2154 atque
2551 2078 2836 2138 Nathanis
2875 2078 3120 2158 iudicia,
3149 2097 3333 2156 quum
3354 2082 3486 2142 Deo

571 2157 909 2220 inconsulto
970 2162 1297 2221 secundum
1337 2157 1682 2237 opinionem
1724 2176 1890 2219 suam
1932 2157 2174 2218 minime
2213 2159 2429 2218 malam
2471 2161 2679 2218 contra
2717 2168 3073 2250 statuerent,
3106 2163 3286 2236 quam
3325 2162 3488 2220 Deus

572 2251 792 2300 arcano
834 2256 942 2301 suo
984 2239 1204 2301 iudicio
1246 2239 1610 2302 definiuerat.
1650 2240 1860 2316 Neque
1899 2239 2088 2318 enim,
2129 2238 2268 2316 quia
2307 2240 2637 2316 Prophetae
2677 2248 2870 2315 erant,
2910 2238 3181 2298 homines
3223 2259 3348 2300 esse
3389 2241 3487 2300 de·

574 2317 859 2380 siuerant.
922 2321 1027 2380 sed
1089 2331 1402 2398 vtrumque
1460 2336 1648 2398 genus
1708 2317 2008 2378 actionum
2068 2319 2146 2377 ab
2187 2317 2298 2378 illis
2342 2321 2753 2379 exercebatur:
2795 2319 3118 2379 humanum
3160 2319 3486 2380 secundum

571 2410 871 2461 naturam:
914 2400 1325 2493 propheticum
1366 2405 1506 2461 vero
1547 2400 1874 2461 secundum
1915 2395 2258 2459 relationem
2296 2397 2519 2489 gratiae
2533 2446 2550 2478 ,
2582 2416 2734 2478 quae
2751 2399 2832 2459 ad
2849 2409 3119 2459 naturam
3139 2411 3486 2461 accesserat.

569 2482 769 2621 gtque
807 2483 927 2541 hoc
967 2484 1179 2541 falsum
1220 2478 1504 2541 iudicium
1544 2479 1782 2541 illorum
1824 2498 1898 2540 ex
1936 2478 2180 2539 veritate
2221 2476 2511 2556 scriptura
2547 2490 2778 2541 narrat:
2820 2481 2984 2557 quod
3023 2481 3170 2540 fides
3207 2480 3484 2541 historiae

612 2560 881 2622 esiderat.

647 2642 769 2701 Sed
825 2642 1063 2719 grauius
1124 2642 1457 2718 exemplum
1520 2638 1685 2700 Pauli
1724 2638 1955 2700 videtur
1997 2657 2157 2730 esse,
2197 2642 2510 2717 propterea
2549 2640 2715 2731 quod
2752 2658 2934 2700 nemo
2974 2638 3103 2717 pius
3141 2641 3304 2702 aliud
3345 2658 3484 2701 cum

566 2720 768 2781 animo
809 2738 918 2783 suo
958 2721 1189 2800 statuit,
1230 2724 1412 2797 quam
1454 2731 1618 2781 certo
1661 2718 1979 2780 dictamine
1998 2718 2245 2797 Spiritus
2264 2718 2454 2779 sancti
2475 2719 2837 2798 conscriptas
2857 2719 3034 2780 fuisse
3053 2723 3482 2797 Apostolorum

566 2811 907 2861 sanctorum
950 2801 1260 2879 epistolas,
1299 2818 1453 2877 quae
1491 2800 1553 2860 ιιι
1593 2818 1885 2860 canonem
1926 2798 2228 2859 Ecclesiae
2269 2798 2486 2859 Christi
2525 2801 2742 2860 relatae
2781 2810 2942 2859 sunt:
2983 2802 3040 2860 δι
3081 2810 3279 2861 tamen
3318 2800 3480 2861 aliud

566 2900 838 2942 sermone
878 2880 1261 2981 promittebat
1298 2882 1544 2959 PauluS,
1584 2878 1745 2940 aliud
1784 2878 2050 2939 instituto
2091 2878 2206 2939 Dei
2224 2890 2312 2939 est
2330 2888 2548 2939 euentu
2568 2890 3017 2958 consequutum.
3057 2882 3481 2941 Verumtamen

565 2959 616 3019 si
674 2980 799 3021 rem
858 2960 1109 3040 penitius
1166 2960 1685 3038 introspexerimus
1700 3005 1718 3040 ,
1766 2960 1932 3036 parui
1972 2958 2252 3019 interesse
2290 2957 2437 3020 illud
2477 2958 2839 3039 videbimus,
2879 2970 3073 3020 vtrum
3114 2960 3366 3021 dixerint
3405 2980 3482 3021 an

564 3038 901 3118 scripserint
968 3058 1136 3133 quae·
1181 3042 1260 3101 ad
1316 3040 1608 3101 rationem
1666 3038 1757 3101 sui
1796 3038 2097 3115 minister-ij
2139 3037 2403 3099 arbitrati
2442 3050 2580 3100 sunt
2617 3040 2926 3117 pertinere.
2991 3042 3148 3099 Nam
3192 3043 3379 3118 aeque
3419 3040 3480 3101 ιιι

565 3120 936 3182 sermonibus
996 3140 1067 3180 ac
1118 3120 1180 3180 in
1222 3120 1453 3198 scriptis
1494 3120 1763 3198 illorum,
1807 3122 1925 3196 qua
1965 3118 2206 3196 quidem
2245 3118 2632 3181 ministerium
2673 3122 3060 3198 Apostolatus
3102 3119 3212 3181 fuit
3251 3122 3328 3181 ab
3369 3120 3484 3180 illis

564 3200 936 3280 praestitum,
995 3199 1271 3262 virtutem
1332 3200 1579 3279 Spiritus
1640 3200 1751 3260 illis
1815 3198 2135 3276 praefuisse
2195 3209 2458 3279 constat,
2519 3199 2838 3277 omniaque
2897 3201 3267 3260 moderatum
3330 3220 3478 3262 esse.

560 3280 768 3355 Itaque
828 3300 905 3341 ne
963 3278 1026 3339 in
1084 3280 1349 3359 epistolis
1406 3280 1649 3371 quidem
1710 3278 2064 3356 reprehendi
2112 3289 2309 3356 potest
2361 3244 2676 3357 quicquam
2732 3282 2851 3341 hoc
2889 3280 3159 3340 nomine:
3202 3299 3313 3340 nec
3354 3280 3478 3341 iure

558 3357 793 3420 videtur
832 3378 1025 3437 posse.
1069 3362 1227 3421 Nam
1268 3360 1524 3438 primum
1561 3358 1709 3419 nihil
1748 3358 1827 3419 ad
1867 3358 2203 3419 doctrinam
2241 3358 2381 3419 fidei
2423 3360 2787 3438 modumque
2829 3362 2892 3436 (f.
2942 3364 3136 3437 1421.)
3165 3359 3474 3438 pertinens

560 3456 809 3517 vsquam
870 3440 1223 3517 reprehendi
1283 3450 1498 3519 potest.
1559 3458 1671 3500 nec
1729 3441 1872 3499 vero
1931 3437 2214 3500 continuo
2274 3440 2568 3531 sequitur,
2623 3440 2672 3500 si
2713 3438 2858 3531 quid
2897 3441 3220 3501 humanum
3264 3440 3478 3501 dicitur

560 3518 936 3611 scribiturue,
979 3520 1143 3597 quod
1181 3519 1414 3601 pietati,
1453 3530 1556 3580 aut
1594 3518 1825 3580 veritati
1864 3518 2030 3610 fidei,
2072 3518 2612 3611 sanctimpniaeque
2655 3519 2896 3579 minime
2921 3522 3263 3581 aduersetur
3281 3539 3477 3581 rerum

560 3598 890 3660 diuinarum
932 3616 1085 3677 quae
1124 3602 1433 3661 traduntur
1472 3598 1881 3660 auctoritatem
1920 3598 2187 3661 interire:
2230 3600 2369 3676 quia
2407 3599 2556 3660 illud
2595 3600 2788 3678 ipsum
2827 3619 2952 3659 non
2993 3611 3082 3661 est
3109 3600 3477 3692 Theologiae

557 3680 720 3757 quod
782 3678 999 3741 dicitur
1056 3679 1423 3761 humanitus,
1480 3700 1592 3741 nec
1652 3678 1837 3757 magis
1896 3679 2154 3739 alienum
2214 3690 2304 3740 est
2359 3683 2397 3739 a
2438 3681 2751 3757 Theologo
2789 3680 3132 3740 humanitus
3170 3679 3336 3757 loqui
3374 3691 3474 3740 aut

554 3760 846 3833 scribere,
908 3762 1089 3837 quam
1148 3726 1423 3820 alienum
1466 3770 1555 3820 est
1593 3761 1672 3851 ab
1712 3757 1951 3819 homine
1993 3758 2212 3820 versari
2249 3759 2310 3819 in
2351 3760 2466 3820 hac
2507 3758 2821 3839 sapientia,
2862 3778 3042 3838 quam
3082 3761 3474 3838 Theologiam

556 3842 941 3931 appellamus,
1002 3840 1136 3900 Ιιιιὸ
1197 3844 1338 3901 vero
1398 3840 1461 3901 id
1502 3839 1687 3931 magis
1728 3838 2090 3901 conueniens
2128 3839 2360 3900 videtur
2400 3860 2562 3901 esse:
2597 3860 2737 3899 nam
2778 3849 2842 3900 vt
2881 3850 3090 3900 natura
3127 3841 3312 3901 homo
3353 3852 3471 3917 est.

554 3920 640 3979 sic
678 3920 887 3981 natura
926 3920 1049 3999 agit
1086 3921 1253 3998 quod
1292 3930 1381 3983 est
1420 3918 1677 3981 hominis
1718 3918 2073 3997 proprietate
2113 3930 2385 3980 naturae:
2425 3930 2491 3981 vt
2511 3932 2707 3981 autem
2728 3940 2838 3998 per
2859 3920 3107 3998 gratiam
3127 3920 3398 3998 Theolog
3406 3938 3474 3980 us

554 4010 675 4089 est,
734 4018 858 4061 non
916 4000 1040 4079 agit
1098 4000 1264 4079 quod
1322 4000 1619 4080 Theologi
1677 4009 1795 4079 est,
1844 3998 1957 4060 nisi
1999 3998 2394 4078 singularitate
2431 4001 2671 4079 gratiae.
2733 4000 2894 4076 Quin
2935 3999 3112 4059 etiam
3152 4000 3344 4061 visum
3383 4012 3472 4060 est

552 4078 873 4156 sapientiae
913 4080 1028 4142 Dei
1066 4090 1345 4142 testatum
1385 4084 1582 4161 palam
1621 4081 1741 4141 hoc
1782 4081 1967 4139 modo
2007 4082 2229 4157 facere,
2269 4081 2558 4142 humanas
2599 4080 2940 4158 opinioneS,
2980 4079 3234 4160 iudicia,
3266 4082 3471 4141 volun-

550 4170 731 4233 tateS,
794 4177 947 4237 quae
986 4162 1064 4220 ad
1105 4161 1385 4238 pietatem
1423 4164 1481 4222 &
1520 4161 1866 4221 charitatem
1906 4160 2197 4237 pertinent
2211 4206 2228 4238 ,
2267 4160 2537 4236 quamuis
2577 4162 2819 4223 effectus
2859 4177 3062 4220 earum
3102 4179 3318 4221 arcana
3357 4160 3471 4220 Dei

552 4240 857 4299 voluntate
897 4240 971 4299 sit
1009 4240 1179 4300 aliter
1216 4252 1716 4320 consequutumS,
1756 4244 1793 4300 a
1811 4242 1946 4301 Deo
1977 4241 2256 4318 probatas
2277 4243 2331 4300 &
2353 4242 2741 4302 sanctificatas
2762 4260 2907 4301 esse.
2947 4241 3024 4299 Et
3043 4240 3252 4301 harum
3272 4252 3470 4301 tamen

552 4320 823 4397 exempla
845 4318 894 4379 si
912 4322 1073 4379 nulla
1089 4331 1409 4401 exstarent,
1439 4320 1835 4400 proculdubio
1856 4322 2280 4381 nonnullorum
2302 4321 2840 4398 superstitiosorum
2861 4318 3170 4458 hominsstzim
3191 4319 3436 4459 ffldacia
3450 4364 3470 4396 ,

3145 4420 3204 4457 m
3270 4411 3466 4461 torum
