3923 4875
612 307 723 365 160
1556 325 1887 371 rutsts
1945 326 2584 372 rnaonoorcnn.

686 499 743 556 9.
826 480 949 540 Etsi
1002 492 1207 542 autem
1248 495 1367 542 tam
1411 485 1811 565 contingentia
1850 505 2030 564 quam
2071 487 2432 550 necessaria:
2473 490 2661 548 Eaeod.
2707 508 2799 547 21.
2849 508 2872 546 ι
2882 507 2938 564 3.
2979 499 3098 548 tam
3141 490 3296 548 mala
3333 491 3514 564 quAm

602 562 761 618 bona
810 565 847 618 a
904 561 1103 621 diuina
1158 563 1531 640 prouidentia
1570 569 1829 643 pendere
1868 572 2071 628 sancte
2113 585 2249 628 cum
2291 568 2588 646 Scriptura
2627 586 2983 628 asseramus:
3027 570 3174 626 Esa.
3218 584 3314 645 45.
3359 583 3414 642 7.
3459 587 3516 626 2.

606 639 767 697 Sam.
818 661 838 696 1
858 661 905 697 2.
958 661 1044 699 12.
1090 643 1217 702 ler.
1259 659 1353 721 50.
1400 662 1489 722 25.
1532 647 1656 705 &a
1698 665 1820 705 non
1862 659 2060 706 tamen
2101 665 2238 707 cum
2281 647 2494 707 Stoicis
2535 651 2732 724 (prout
2771 647 3014 724 quidam
3047 647 3184 706 huic
3205 645 3514 707 doctrinae

608 716 891 778 inuidiam
948 719 1224 782 facientes
1288 723 1738 800 calumniantur)
1792 729 1978 785 satum
2030 726 2273 803 aliquod
2316 725 2729 806 imaginamur,
2769 736 2870 786 aut
2907 727 3311 787 necessitatem
3355 745 3514 786 com-

610 796 970 857 miniscimur
1009 819 1083 859 ex
1124 814 1406 878 perpetuo
1448 822 1755 864 causarum
1797 824 1951 865 nexu
1990 807 2046 865 δι
2085 805 2368 884 implicita
2407 807 2664 882 quadam
2704 806 2854 866 serie
2893 805 3126 882 quaein
3145 816 3352 865 natura
3369 823 3510 865 con-

604 875 885 936 tineatur:
948 881 1053 938 sed
1118 881 1313 940 Deum
1365 883 1775 944 constituimus
1828 883 2112 945 arbitrum
2129 929 2146 962 ,
2194 905 2264 945 ac
2305 887 2744 946 moderatorem
2783 885 3078 961 omnium,
3117 885 3218 962 qui
3257 904 3368 962 pro
3405 903 3514 944 sua

606 955 893 1032 sapientia
949 957 1258 1034 ineffabili,
1318 963 1397 1021 ab
1454 974 1697 1024 aeterno
1750 963 2015 1024 decreuit
2062 967 2225 1041 quod
2265 967 2524 1025 facturus
2561 975 2741 1039 esset,
2781 967 2836 1026 δι
2877 983 3036 1024 nunc
3073 981 3178 1024 sua
3217 964 3512 1041 potentia,

605 1037 773 1110 quod
826 1035 1118 1114 decreuit,
1175 1041 1499 1116 exequitur.
1560 1041 1682 1118 Qui
1734 1041 1891 1102 enim
1931 1043 2370 1104 Prouidentiam
2409 1044 2527 1107 Dei
2567 1045 2874 1104 includunt
2911 1044 2973 1104 in
3015 1055 3254 1104 naturae
3293 1042 3512 1102 influxu

533 1173 541 1182 ,
606 1118 662 1174 &
702 1116 826 1174 fato
872 1118 991 1174 hoc
1030 1120 1206 1194 plane
1246 1119 1440 1193 fatuo,
1482 1119 1519 1195 ij
1562 1125 1703 1182 sane
1741 1124 1937 1182 Deum
1979 1141 2087 1182 sua
2124 1123 2314 1201 gloria
2351 1124 2651 1184 fraudant:
2691 1125 2746 1182 81
2789 1122 3013 1201 seipsos
3041 1122 3340 1182 vtilissima
3373 1123 3510 1182 doc·

605 1193 788 1252 trina:
828 1193 968 1271 quia
1006 1195 1149 1256 nihil
1190 1197 1432 1259 homine
1474 1200 1765 1279 miserius,
1806 1201 1853 1261 si
1894 1203 1972 1261 ad
2010 1201 2306 1278 quoslibet
2340 1203 2494 1263 coeli
2534 1205 3074 1294 elementorumque
3113 1213 3307 1262 motus
3335 1221 3514 1280 expo-

604 1271 749 1334 situs
800 1275 979 1334 soret:
1032 1275 1219 1354 adde,
1271 1279 1436 1356 quod
1489 1279 1607 1340 hoc
1647 1293 1823 1358 pacto
1864 1300 1976 1340 nec
2017 1292 2264 1358 paterno
2304 1283 2418 1342 Dei
2459 1281 2681 1360 fauori,
2720 1301 2832 1342 nec
2871 1281 3100 1342 iudiciis
3137 1284 3304 1342 locus
3346 1281 3512 1340 relin-

604 1351 833 1430 quitur:
889 1373 961 1414 ac
1010 1353 1059 1415 si
1098 1357 1466 1418 foecunditas
1504 1358 1675 1419 vnius
1712 1360 1851 1421 anni
1890 1379 2016 1420 non
2052 1373 2205 1421 esset
2245 1360 2550 1440 singularis
2590 1361 2702 1422 Dei
2740 1361 3114 1422 benedictio:
3155 1359 3398 1438 penuria
3438 1381 3512 1419 ac

604 1435 789 1492 fames
824 1451 945 1492 non
988 1447 1141 1495 esset
1180 1437 1551 1517 maledictiO,
1602 1439 1709 1500 sed
1746 1438 1943 1517 potius
1983 1453 2223 1500 naturae
2263 1441 2543 1502 influxus:
2586 1443 2720 1502 cum
2763 1454 2958 1501 tamen
3001 1443 3162 1500 Deus
3200 1439 3259 1499 in
3293 1441 3422 1517 lege
3457 1442 3511 1499 &

602 1511 661 1570 in
706 1513 1013 1590 Prophetis
1054 1515 1285 1593 saepius
1326 1517 1675 1594 pronunciet
1714 1537 1777 1578 se
1820 1519 1909 1580 his
1951 1520 2158 1580 mediis
2196 1521 2443 1598 gratiam
2483 1539 2648 1580 suam
2689 1524 2744 1581 δι
2791 1519 3107 1580 vindictam
3152 1518 3369 1579 testari.

696 1611 783 1651 10.
868 1595 1004 1652 Non
1047 1595 1239 1654 minus
1278 1596 1494 1658 insulse
1536 1598 1866 1658 doctrinam
1908 1599 2065 1659 hanc
2103 1611 2474 1678 oppugnant,
2514 1600 2618 1677 qui
2646 1601 2757 1661 sub
2778 1610 3078 1678 praetextu
3099 1597 3510 1658 Prouidentiae

608 1670 721 1731 Dei
784 1671 1124 1733 vniuersalis
1184 1694 1257 1734 ac
1314 1677 1709 1756 particularis,
1772 1697 1982 1738 omnes
2041 1681 2328 1738 humanas
2376 1679 2862 1752 deliberationes,
2915 1679 3429 1754 correctionesque
3477 1679 3513 1736 ἐ
3553 1727 3558 1734 .

606 1751 803 1811 medio
844 1753 1075 1811 tollunt.
1117 1753 1298 1813 Aliud
1338 1757 1515 1833 plane
1554 1775 1665 1817 nos
1686 1758 1865 1818 docet
1886 1759 2202 1818 Salomon:
2231 1760 2352 1818 Cor
2369 1761 2648 1836 hominis,
2669 1757 2886 1836 inquit,
2906 1761 3127 1834 cogitat
3139 1760 3292 1818 viam
3315 1776 3512 1832 suam,

604 1830 681 1887 ἂν
719 1831 1013 1890 Dominus
1075 1833 1295 1908 diregm*
1334 1855 1584 1910 gressus
1633 1839 1772 1898 eius.
1826 1839 2004 1898 Prou.
2054 1840 2144 1898 16.
2185 1841 2240 1897 6.
2295 1838 2629 1916 significans
2667 1837 2916 1898 aeternis
2957 1839 3072 1898 Dei
3111 1836 3358 1896 decretis
3397 1853 3510 1895 nos

604 1908 847 1968 minime
906 1909 1177 1986 impediri
1234 1931 1357 1988 quo
1420 1915 1610 1976 minus
1674 1918 1787 1977 sub
1844 1917 1969 1977 eius
2032 1919 2366 1996 voluntate,
2406 1920 2461 1978 δι
2503 1917 2928 1996 prospiciamus
2968 1915 3172 1994 nobiti,
3211 1919 3266 1976 δι
3305 1915 3506 1976 omnia

603 1999 805 2076 nostra
845 1989 1266 2066 dispensemus.
1310 1995 1517 2070 Neque
1562 1995 1623 2057 id
1666 1996 1976 2057 manifesta
2013 2009 2174 2058 caret
2212 1998 2452 2058 ratione.
2496 1999 2765 2088 Namque
2807 1996 2854 2056 is
2893 1997 2999 2074 qui
3039 1997 3216 2056 vitam
3247 2005 3510 2086 nostram

598 2085 717 2124 suis
780 2069 1039 2129 terminis
1096 2070 1389 2147 limitauit,
1444 2075 1565 2135 eius
1619 2076 1791 2136 simul
1831 2095 2036 2136 curam
2076 2078 2236 2154 apud
2279 2095 2392 2137 nos
2435 2077 2734 2154 deposuit:
2777 2075 3171 2154 periculorum
3214 2092 3512 2164 praescios

600 2145 769 2205 fecit:
824 2166 899 2206 ne
946 2148 1217 2211 incautos
1256 2153 1689 2232 opprimerent,
1730 2154 2036 2216 cautiones
2075 2174 2148 2215 ac
2191 2157 2450 2217 remedia
2489 2156 2806 2234 suggessit,
2845 2155 3059 2232 quibus
3098 2154 3512 2214 Prouidentiae

600 2224 723 2284 eius
784 2228 1251 2308 subseruiamus,
1298 2233 1358 2292 in
1411 2234 1685 2311 propriae
1726 2234 1879 2296 vitae
1920 2234 2404 2296 conseruatione:
2449 2236 2952 2312 quemadmodum
2992 2245 3202 2295 contra
3241 2235 3510 2310 neglectu

600 2307 655 2365 δι
698 2307 997 2385 socordia,
1042 2329 1113 2369 ea
1152 2329 1303 2387 quae
1344 2313 1517 2372 nobis
1560 2313 1808 2374 iniunxit
1849 2317 2038 2391 mala,
2080 2313 2190 2392 ipsi
2229 2315 2404 2375 nobis
2445 2315 2820 2375 accersimus
2871 2315 2948 2374 Et
2987 2314 3125 2374 ideo
3165 2331 3276 2372 nos
3317 2313 3510 2372 celare

600 2387 793 2446 sutura
852 2387 1055 2449 omnia
1115 2391 1299 2452 voluit
1350 2393 1545 2471 DeuS,
1587 2405 1649 2455 vt
1690 2404 1971 2473 tanquam
2013 2393 2208 2457 dubiis
2249 2413 2658 2472 occurramus,
2701 2412 2894 2472 neque
2933 2393 3268 2455 desinamus
3305 2401 3508 2470 parata

599 2466 861 2527 remedia
900 2487 1233 2549 opponere,
1274 2473 1469 2533 donec
1509 2485 1609 2533 aut
1648 2486 1920 2552 superata
1958 2474 2200 2552 fuerint,
2241 2484 2375 2552 aut,
2417 2494 2658 2535 omnem
2699 2491 2901 2534 curam
2943 2472 3358 2551 superauerint.
3490 2550 3503 2561 ·

690 2566 709 2603 1
728 2566 775 2605 1.
856 2548 1049 2625 Magis
1109 2552 1307 2611 adhuc
1368 2552 1617 2613 dilutum
1665 2566 1754 2615 est
1804 2556 1859 2615 δι
1900 2556 2215 2631 profanum
2257 2556 2603 2633 figmentum
2647 2556 2998 2630 multorum,
3039 2553 3141 2631 qui
3177 2550 3506 2612 admirabili

598 2624 713 2685 Dei
776 2628 1181 2690 Prouidentiae
1241 2634 1435 2692 velum
1498 2634 1890 2694 obtendentes
1944 2634 2166 2693 nudam
2221 2634 2665 2710 praescientiam
2719 2634 3144 2711 praetendunt,
3185 2648 3434 2707 eamque
3473 2634 3510 2687 a

600 2706 902 2765 voluntate
957 2726 1059 2767 seu
1101 2711 1339 2771 decreto
1356 2756 1373 2787 ,
1418 2729 1523 2772 seu
1562 2712 1868 2791 proposito
1910 2714 2026 2772 Dei
2063 2724 2304 2773 aeterno
2345 2714 2668 2773 seiunctam
2711 2732 2922 2774 musae
2962 2712 3250 2773 rationem
3289 2712 3510 2771 habere

598 2785 833 2843 volunt:
876 2803 1029 2862 quae
1070 2798 1265 2849 tamen
1308 2809 1413 2867 per
1452 2810 1516 2851 se
1557 2810 1735 2852 causa
1776 2810 1974 2853 rerum
2013 2794 2178 2852 nullo
2219 2792 2404 2853 modo
2449 2802 2576 2853 esse
2613 2804 2836 2871 potest:
2878 2812 2971 2853 res
3011 2792 3170 2852 enim
3211 2808 3334 2850 non
3377 2798 3512 2849 sunt

597 2864 857 2941 futurae,
896 2867 1177 2943 quoniam
1220 2871 1383 2928 Deus
1424 2872 1697 2947 praesciit
1732 2872 1861 2933 illas
1899 2873 2148 2947 futuras,
2189 2874 2295 2931 sed
2336 2872 2474 2949 quia
2513 2872 2777 2933 decreuit
2816 2874 3072 2951 futuraS,
3111 2870 3334 2931 idcirco
3375 2881 3512 2929 sunt

596 2941 757 3018 ipsae
798 2944 1057 3024 suturae,
1097 2950 1153 3007 δι
1192 2948 1316 3026 ipse
1360 2952 1579 3010 futuras
1620 2950 1749 3011 illas
1788 2952 2055 3030 praescit.
2097 2954 2296 3011 Taceo
2341 2950 2669 3030 Epicureos
2707 2952 2808 3029 qui
2845 2954 3041 3011 Deum
3083 2950 3340 3011 otiosum
3361 2947 3510 3039 iner-

598 3026 837 3097 temque
878 3026 1202 3087 somniant:
1242 3028 1507 3106 aliosque
1545 3031 1730 3092 nihilo
1770 3032 2062 3107 saniores,
2103 3030 2204 3108 qui
2246 3030 2389 3091 olim
2427 3032 2749 3091 commenti
2788 3042 2922 3091 sunt
2966 3033 3161 3090 Deum
3201 3030 3282 3089 ita
3322 3029 3510 3119 domi·

598 3100 725 3159 nari
766 3119 942 3179 supra
988 3107 1240 3166 mediam
1284 3108 1431 3168 a'eris
1470 3110 1801 3189 regionem,
1845 3121 1907 3170 vt
1947 3110 2224 3171 inferiora
2263 3112 2410 3170 haec
2449 3112 2720 3171 fortunae
2759 3110 3143 3187 relinqueret,
3185 3108 3234 3168 si
3273 3108 3512 3185 quidem

596 3180 877 3240 aduersus
917 3193 1036 3243 tam
1080 3187 1414 3247 euidentem
1458 3188 1745 3251 insaniam
1785 3189 1923 3251 satis
1963 3192 2219 3250 clamant
2259 3202 2453 3250 mutae
2495 3191 2656 3269 ipsae
2696 3200 3016 3251 creaturae.

684 3278 775 3319 12.
856 3262 1271 3326 Prouidentiae
1317 3267 1569 3328 Diuinae
1600 3270 1840 3346 fructus
1883 3268 2022 3329 licet
2060 3270 2202 3345 varij
2246 3270 2388 3342 sint,
2431 3286 2702 3347 peneque
2743 3268 3228 3339 innumerabileS,
3267 3276 3514 3344 possunt

598 3348 792 3399 tamen
836 3342 913 3400 ad
954 3342 1065 3403 hos
1105 3363 1369 3406 summos
1409 3348 1559 3408 duos
1602 3350 1936 3409 summatim
1979 3348 2199 3409 reduci.
2239 3350 2404 3427 prior
2441 3360 2560 3425 est,
2599 3349 2766 3426 quod
2805 3348 3076 3409 homines
3113 3348 3251 3407 inde
3285 3346 3515 3435 discant

598 3418 735 3477 satis
789 3422 1045 3497 amplam
1102 3425 1513 3486 benefaciendi
1566 3430 1905 3489 facultatem
1959 3448 2140 3506 penes
2189 3429 2382 3509 ipsum
2423 3448 2568 3489 esse.
2630 3430 2966 3507 SecunduS,
3007 3428 3169 3504 quod
3208 3428 3410 3487 secure
3450 3443 3511 3515 in

597 3496 721 3557 eius
763 3500 1139 3575 protectione
1179 3504 1483 3579 quiescere
1524 3505 1695 3580 licet,
1735 3506 1901 3568 cuius
1941 3507 2187 3567 arbitrio
2229 3527 2435 3569 omnes
2476 3506 2812 3585 subiacent,
2853 3526 3006 3585 quae
3043 3508 3279 3566 aliunde
3317 3507 3514 3565 formi-

598 3576 725 3637 dari
790 3594 1041 3656 possunt
1062 3628 1079 3647 .
1141 3602 1367 3659 noxae,
1429 3586 1594 3645 cuius
1647 3586 1903 3664 denique
1952 3586 2199 3665 imperio
2253 3607 2375 3648 non
2432 3606 2600 3648 secus
2639 3606 2712 3647 ac
2751 3589 2954 3647 fraeno
2996 3594 3300 3647 coercetur
3337 3585 3514 3674 §atari

596 3674 732 3716 cum
778 3659 1059 3720 omnibus
1098 3661 1217 3721 suis
1258 3664 1626 3725 satellitibus
1666 3686 1777 3727 nec
1818 3670 1959 3727 sane
1999 3668 2168 3726 aliter
2211 3666 2426 3745 corrigi
2467 3668 2560 3728 vel
2599 3665 2790 3727 sedari
2829 3677 3078 3743 possunt
3115 3664 3418 3724 immodici
3455 3664 3510 3721 81

596 3738 984 3814 superstitiosi
1045 3752 1264 3819 metus,
1313 3761 1466 3819 quos
1519 3744 1770 3807 subinde
1821 3766 1893 3805 ex
1932 3747 2326 3823 periculorum
2367 3745 2604 3807 obiectu
2645 3745 3046 3825 concipimus,
3086 3747 3264 3821 quam
3306 3740 3354 3801 si
3393 3759 3512 3800 me-

539 3859 554 3872 .
598 3815 788 3876 moria
837 3836 1073 3898 semper
1124 3832 1461 3896 teneamuS,
1504 3843 1626 3885 non
1668 3826 1976 3885 erraticam
2017 3826 2111 3885 vel
2152 3826 2476 3903 potentiam
2493 3870 2511 3903 ,
2551 3826 2644 3886 vel
2685 3824 3013 3903 actionem,
3052 3826 3147 3884 vel
3188 3822 3510 3910 motionem

595 3912 723 3954 esse
766 3896 826 3955 in
867 3900 1175 3979 creaturiS,
1210 3920 1324 3962 nec
1366 3901 1527 3963 enim
1567 3904 1836 3965 fatalem:
1878 3905 1986 3964 sed
2022 3916 2264 3965 aeterno
2303 3904 2415 3965 Dei
2455 3902 2705 3965 consilio
2745 3903 2826 3963 ita
2859 3903 3014 3982 regi,
3036 3914 3098 3963 vt
3117 3902 3264 3961 nihil
3280 3910 3514 3961 eueniat

593 3974 703 4033 nisi
760 3977 837 4036 ab
889 3978 1019 4057 ipso
1062 3980 1282 4042 sciente
1324 3983 1379 4042 δι
1424 3985 1663 4044 volente
1704 3986 2027 4044 decretum.
2091 3983 2272 4044 Cuius
2315 3985 2583 4044 voluntas
2622 3982 2935 4043 iustissima
2975 3993 3063 4043 est
3105 3981 3278 4041 nobis
3317 3994 3510 4071 rerum

594 4052 866 4113 omnium
912 4077 1114 4119 causa:
1159 4080 1281 4121 non
1322 4060 1423 4121 illa
1467 4062 1707 4140 quidem
1752 4064 2024 4124 absoluta
2063 4064 2363 4140 voluntas,
2405 4064 2482 4123 de
2522 4080 2640 4139 qua
2678 4062 2938 4139 garriunt
2971 4060 3307 4139 Sophistae,
3327 4075 3513 4135 impio

593 4133 970 4211 profanoque
1024 4138 1265 4199 dissidio
1328 4154 1677 4220 separantes
1730 4142 1855 4203 cius
1911 4141 2182 4201 iustitiam
2223 4145 2260 4200 ὲ.
2299 4142 2593 4220 potentia,
2635 4142 2742 4201 sed
2781 4142 2879 4201 illa
2919 4139 3278 4201 moderatrix
3319 4154 3510 4227 rerum

594 4210 861 4271 omnium
927 4218 1326 4296 Prouidentia,
1396 4225 1432 4279 a
1474 4239 1591 4299 qua
1632 4222 1739 4282 nisi
1781 4232 2008 4281 rectum
2053 4232 2250 4281 manat
2287 4222 2556 4298 quamuis
2597 4221 2770 4281 nobis
2809 4220 3190 4281 absconditae
3231 4220 3342 4279 sint
3383 4227 3514 4276 rati-

594 4308 741 4351 ones
786 4291 911 4351 eius
955 4298 1015 4369 (f.
1067 4299 1257 4372 1641).
3077 4380 3284 4439 va
3381 4376 3513 4435 DE
