3923 4875
1376 366 1697 409 THESES
1758 363 2416 410 THEOLOGICAE.
3235 369 3346 432 315

516 528 573 587 6.
653 527 771 586 Sed
810 525 947 603 quia
986 533 1073 601 (vt
1110 525 1431 604 aliquando
1468 526 1577 587 fuit
1616 524 1973 618 expositum)
2013 545 2209 588 rerum
2249 527 2612 605 singularum
2663 545 2784 586 non
2821 538 2908 588 est
2940 529 3207 604 homini,
3245 550 3357 590 nec

433 627 567 666 esse
608 616 803 684 potest
840 605 1112 683 scientia,
1152 610 1467 685 propterea
1506 609 1667 670 Deus
1706 607 2034 667 Ecclesiam
2075 624 2240 667 suam
2283 608 2558 668 cancellis
2603 607 2764 666 verbi
2803 606 2954 668 illius
2997 575 3235 686 scripti,
3278 613 3357 670 de

432 688 893 827 (ιιιοίωὲιιεειοιιιιε
944 685 1170 747 dictum
1210 697 1324 760 est,
1366 687 1783 762 circumdedit,
1828 690 1883 749 δι
1922 697 2130 750 contra
2171 705 2380 748 omnes
2420 707 2650 748 errores
2691 689 3084 764 praemuniuit
3128 691 3352 768 sapien-

436 778 541 826 tiss

517 863 570 921 7.
651 847 832 906 Deus.
875 864 934 905 n.
976 865 1051 906 ex
1089 848 1275 908 verbo
1312 846 1629 908 enunciato
1670 867 1777 926 per
1813 846 2094 925 Spiritum
2135 863 2338 924 suum,
2379 847 2702 908 ministerio
2743 846 3008 908 fidelium
3047 865 3357 910 seruorum

436 942 707 996 suorum,
748 944 823 986 eo
862 925 986 986 sine
1026 926 1295 1006 defectu,
1336 927 1677 988 accessione
1690 974 1707 1006 ,
1754 927 2076 988 mutatione
2116 937 2216 987 aut
2256 926 2628 988 aberratione
2668 929 2784 987 vlla
2807 930 3062 1003 perfecte
3083 949 3357 1007 compor-

434 1005 583 1066 tauit
620 1015 749 1066 tum
790 1006 1139 1068 vniuersalia
1166 1007 1267 1068 illa
1303 1007 1761 1085 communiaque
1794 1007 2026 1085 omnia,
2067 1013 2321 1084 totumq.
2363 1006 2675 1068 consilium
2715 1025 2919 1085 suum,
2958 1016 3085 1067 tum
3117 1014 3263 1070 vero
3283 1029 3357 1070 ex

434 1084 825 1164 singularibus
867 1104 1255 1180 quaecunque
1295 1099 1501 1148 nostro
1542 1087 1863 1148 commodo
1912 1088 1990 1148 ad
2031 1089 2342 1148 salutarem
2383 1087 2686 1148 scientiam
2730 1086 2874 1148 vidit
2912 1087 3219 1164 pertinere.

514 1167 571 1224 8.
654 1167 795 1225 Hoc
834 1167 1125 1227 canonico
1165 1167 1553 1228 instrumento
1593 1172 1631 1228 a
1672 1169 1805 1228 Deo
1844 1167 2139 1244 instructi,
2179 1166 2379 1244 inique
2421 1167 2642 1228 faciunt
2679 1167 2782 1244 qui
2800 1167 2862 1226 in
2885 1166 3211 1228 Ecclesiam
3235 1170 3345 1229 Dei

437 1246 685 1306 verbum
738 1265 861 1306 non
902 1246 1183 1324 scriptum
1223 1250 1318 1308 vel
1358 1246 1699 1308 traditiones
1738 1248 2038 1325 adferunt,
2081 1213 2470 1323 iriiuriamque
2511 1249 2676 1324 Deo,
2717 1247 2898 1308 seruis
2941 1245 3098 1324 eius,
3143 1251 3199 1309 &
3240 1251 3350 1308 Ec

442 1323 656 1385 clesiae
696 1325 809 1386 toti
847 1325 1104 1386 inferunt
1140 1345 1268 1387 non
1308 1327 1692 1388 mediocrem.

518 1425 573 1483 9.
656 1406 821 1466 Deo.
863 1406 1001 1483 quia
1040 1425 1161 1468 non
1202 1406 1413 1468 inuidit
1453 1406 1761 1484 cuiquam,
1794 1407 1901 1468 sed
1932 1418 2124 1467 totum
2146 1406 2457 1466 consilium
2477 1422 2650 1466 suum
2671 1404 2783 1466 sibi
2803 1403 3156 1498 gloriosum,
3185 1409 3354 1468 nobis

440 1487 721 1560 salutare,
774 1486 975 1562 quoad
1021 1487 1147 1547 eius
1200 1487 1335 1548 sciri
1384 1491 1421 1546 a
1462 1487 1637 1546 nobis
1676 1497 1871 1565 potest
1910 1490 1967 1548 &
2007 1485 2274 1564 expedit,
2315 1485 2570 1577 gratiose
2610 1485 3076 1548 communicauit
3113 1487 3352 1564 scripte.

525 1585 615 1624 10.
698 1565 893 1625 Seruis
933 1566 1089 1626 eius.
1130 1567 1271 1644 quia
1303 1568 1634 1644 Prophetae
1666 1567 1721 1626 δι
1742 1566 2022 1655 Apostoli
2041 1568 2288 1627 verbum
2309 1565 2454 1626 illud
2476 1564 2574 1658 pie
2594 1575 2953 1643 acceperunt
2973 1577 3036 1625 vt
3055 1567 3356 1627 Ecclesiae

436 1645 731 1722 membra,
774 1643 1047 1723 idemque
1088 1647 1185 1724 pie
1223 1665 1295 1708 ac
1335 1647 1453 1708 fide
1490 1646 1743 1725 optima,
1786 1657 1849 1706 vt
1888 1665 2213 1726 praecones
2253 1649 2310 1708 a&
2329 1644 2537 1722 notarij
2577 1647 2956 1723 mercensem,
2977 1651 3355 1716 θεοπνεύςως

438 1724 667 1802 scriptis
706 1726 1157 1803 consignarunt,
1198 1737 1377 1803 atque
1420 1727 1722 1787 Ecclesiae
1764 1727 2144 1787 tradiderunt.

529 1824 551 1863 1
568 1824 616 1864 1.
699 1805 1033 1866 Ecclesiae:
1075 1806 1214 1883 quia
1252 1817 1443 1867 totum
1485 1807 1629 1866 illud
1671 1806 1901 1898 accepit
1938 1809 1977 1866 a
2018 1808 2150 1867 Deo
2193 1809 2248 1866 δι
2290 1809 2474 1866 seruis
2513 1805 2666 1882 eius,
2707 1802 2806 1864 cui
2849 1804 2960 1866 soli
2987 1805 3256 1865 crederet
3275 1807 3352 1864 ad

438 1886 685 1944 salutem
700 1929 719 1962 ,
760 1885 925 1962 quod
964 1887 1157 1947 solum
1200 1886 1435 1946 diuinae
1474 1885 1839 1948 auctoritatis
1876 1885 2155 1965 duceret,
2196 1903 2318 1964 quo
2359 1887 2491 1946 solo
2532 1895 2814 1946 contenta
2855 1896 3029 1945 esset.

528 1985 618 2025 12.
699 1966 827 2024 Stat
866 1965 1023 2025 enim
1060 1967 1378 2044 sententia,
1417 1966 1466 2026 si
1504 1965 1637 2044 quis
1678 1968 1771 2027 vel
1811 1986 1885 2026 ex
1925 1966 2232 2058 Apostolis
2270 1968 2366 2026 vel
2403 1964 2647 2044 Angelis
2688 1967 2720 2024 e
2761 1965 2936 2025 coelo
2965 1964 3352 2042 Euangelium

437 2042 693 2105 amsserit
730 2043 893 2105 aliud
934 2057 1161 2122 praeter
1196 2051 1375 2124 quarn
1420 2047 1483 2122 (f.
1532 2067 1597 2122 17
1610 2050 1709 2122 74)
1748 2048 1915 2124 quod
1954 2046 2323 2138 accepimus„
2364 2047 2522 2106 hunc
2563 2063 2691 2106 esse
2729 2045 3061 2104 anathema.

534 2144 557 2182 1
556 2143 625 2216 ...3
705 2125 1027 2202 Propterea
1086 2126 1299 2186 mirum
1359 2125 1622 2204 videtur,
1680 2146 1805 2188 esse
1854 2125 1913 2185 in
1955 2126 2222 2186 Ecclesia
2259 2125 2559 2202 homines,
2597 2124 2697 2202 qui
2739 2124 2954 2186 finibus
2993 2124 3102 2184 illis
3141 2127 3180 2184 a
3220 2125 3352 2186 Deo

440 2203 646 2282 positis
700 2222 825 2264 non
886 2205 1151 2266 contenti
1202 2205 1294 2266 his
1336 2205 1548 2267 vltimis
1588 2172 1959 2298 temporibus
1997 2205 2342 2267 traditiones
2379 2205 2638 2266 audeant
2675 2205 2976 2264 Ecclesiae
3016 2205 3354 2264 obtrudere.

524 2303 615 2357 14.
695 2283 1071 2346 Traditiones
1110 2285 1195 2346 illi
1236 2285 1521 2347 definiunt
1559 2287 1810 2348 verbum
1848 2285 1964 2346 Dei
2003 2305 2128 2347 non
2159 2285 2442 2364 scriptum
2483 2284 2561 2346 ab
2599 2295 2873 2361 auctore,
2911 2283 2972 2344 id
3013 2295 3132 2362 est,
3172 2285 3251 2344 ab
3273 2303 3346 2344 eo

435 2362 678 2424 homine
718 2365 827 2425 abs
860 2383 983 2457 quo
1023 2365 1281 2445 primum
1321 2365 1429 2426 fuit
1469 2366 1773 2426 Ecclesiae
1812 2365 2110 2427 traditum.

525 2460 614 2523 15.
696 2444 979 2523 Alioquin
1018 2449 1073 2507 δι
1112 2446 1241 2523 ipsa
1280 2446 1579 2525 Scriptura
1617 2446 1820 2507 diuina
1856 2446 2096 2508 traditio
2135 2457 2254 2524 est,
2295 2448 2344 2508 si
2382 2445 2642 2524 generali
2667 2442 2993 2535 significato
3023 2444 3322 2534 acceperis
3335 2488 3352 2520 ,

437 2522 502 2665 ξι
540 2534 663 2602 est,
704 2524 976 2585 doctrina
1013 2528 1052 2585 ὲ
1092 2528 1225 2587 Deo
1266 2526 1508 2606 tradita,
1548 2528 1603 2586 δι
1644 2530 1681 2587 ὲ
1718 2525 1893 2587 nobis
1932 2536 2240 2607 percepta3
2279 2545 2404 2587 non
2441 2528 2479 2585 a
2517 2534 2725 2585 natura
2768 2522 2970 2595 insita,
2992 2534 3092 2585 aut
3110 2522 3351 2583 inuenta

482 2603 793 2665 umanitus.

524 2686 615 2745 16.
696 2686 917 2745 Earum
960 2685 1265 2765 multiplex
1304 2686 1518 2748 diuisio
1554 2686 1615 2746 in
1657 2688 1837 2765 vulgo
1880 2686 2130 2747 traditur
2170 2705 2280 2764 pro
2320 2684 2484 2747 vario
2524 2694 2827 2763 respectu,
2868 2684 2946 2743 ab
2979 2682 3320 2745 auctoribus
3335 2728 3353 2761 ,

435 2767 474 2824 a
512 2763 787 2835 materia,
828 2764 906 2824 ab
944 2784 1081 2843 vsu,
1122 2767 1178 2827 δι
1217 2767 1297 2828 ab
1336 2766 1706 2827 durationei

435 2862 563 2983 Εοὲ
561 2862 615 2983 *11
693 2844 795 2903 Ab
856 2811 1227 2907 auctoribus.
1288 2866 1427 2913 nam
1486 2845 1636 2907 aliae
1688 2783 1966 2907 ffiumae
1986 2848 2388 2924 appellantur,
2449 2843 2600 2905 aliae
2652 2842 3068 2921 Apostolicae,
3107 2846 3162 2903 &
3203 2842 3352 2903 aliae

586 2922 907 2985 esiasticae.

524 3006 613 3063 18.
696 3006 750 3063 A
810 3010 1085 3064 materia.
1146 3025 1286 3065 narn
1349 3022 1551 3066 earum
1611 3005 1760 3066 aliae
1818 3005 2195 3084 dogmaticae
2208 3050 2226 3082 ,
2281 3003 2430 3065 aliae
2477 3004 2702 3063 ethicae
2755 3004 3154 3081 appellantur.
3195 3002 3250 3061 δι
3291 3001 3351 3061 ιιι

434 3094 685 3161 vtroque
723 3102 938 3161 genere
976 3086 1128 3144 duae
1167 3086 1432 3163 quodam
1474 3085 1658 3146 modo
1698 3085 1947 3147 diffusae
1985 3096 2152 3163 sunt,
2193 3102 2342 3161 quas
2383 3102 2506 3145 non
2545 3084 2929 3143 incommode
2969 3082 3274 3141 historicas·
3295 3082 3350 3139 &

438 3162 863 3224 ceremoniales
900 3163 1133 3225 dixeriS.

521 3262 612 3320 19.
693 3244 791 3303 Ab
832 3262 969 3304 vsu.
1009 3246 1177 3320 quod
1218 3245 1365 3305 aliae
1407 3244 1733 3305 cultoribus
1772 3245 2033 3323 ipsarum
2072 3243 2327 3323 liberae,
2366 3242 2516 3303 aliae
2557 3242 2833 3303 videntur
2871 3240 3256 3302 necessariae.

520 3343 615 3383 20.
693 3324 751 3382 A
788 3324 1097 3385 duratione
1136 3324 1423 3403 denique.
1467 3324 1630 3402 quod
1670 3325 1783 3385 hae
1831 3336 2152 3403 perpetuae
2191 3324 2515 3401 habentur,
2555 3322 2702 3383 aliae
2741 3322 3152 3399 temporariae.

522 3421 615 3462 21.
696 3401 948 3464 Diuinae
1006 3404 1351 3466 traditiones
1405 3405 1803 3483 appellantur,
1858 3423 2010 3482 quae
2049 3406 2086 3463 ὲ.
2121 3406 2255 3464 Deo
2297 3406 2352 3465 δι
2393 3402 2630 3463 Christo
2671 3400 3006 3463 immediate
3045 3398 3354 3478 Prophetis

437 3482 492 3541 δι
534 3482 839 3559 Apostolis
884 3486 1118 3544 fuerunt
1156 3484 1439 3561 traditae,
1480 3502 1595 3543 nec
1634 3484 1856 3562 scripto
1897 3486 1975 3545 ab
2015 3483 2086 3544 iis
2125 3482 2228 3561 qui
2267 3492 2623 3576 acceperunt
2655 3480 3056 3574 consignatae.

520 3562 1077 3639 22.Apost01icae
1130 3564 1475 3626 traditiones
1529 3566 1929 3655 appellantur,
1979 3582 2134 3655 quae
2191 3564 2269 3623 ab
2309 3582 2448 3641 ipsis
2488 3561 2794 3639 Apostolis
2832 3563 3067 3620 fuerunt
3108 3560 3356 3620 traditae

434 3640 697 3701 nascenti
739 3642 995 3719 primum
1036 3644 1339 3704 Ecclesiae
1380 3642 1777 3717 Christianae,
1817 3663 1931 3705 nec
1973 3642 2194 3720 scripto
2236 3642 2320 3703 eis
2361 3641 2762 3734 consignatae.

516 3742 547 3779 2
553 3740 607 3798 3
692 3722 817 3781 Etsi
857 3723 1213 3815 perscriptas
1252 3742 1377 3785 esse
1418 3742 1519 3783 eas
1558 3722 1933 3801 intelligimus
1946 3768 1964 3802 ,
2010 3740 2400 3801 quaecunque
2441 3721 2502 3783 ιιι
2537 3721 2837 3801 Scriptura
2855 3740 3022 3781 sacra
3040 3730 3140 3779 aut
3160 3718 3356 3779 verbis

432 3802 723 3878 expressis
762 3802 1171 3879 continentur,
1211 3814 1313 3864 aut
1354 3812 1647 3879 potestate
1674 3804 2031 3883 verborum,
2053 3802 2276 3863 iustave
2295 3820 2493 3863 rerum
2513 3800 2969 3879 consequentia,
2987 3802 3044 3859 &
3065 3798 3356 3876 analogia.

518 3902 611 3953 24.
698 3884 815 3941 Sed
872 3884 1021 3943 falso
1062 3894 1259 3943 tamen
1304 3882 1540 3943 diuinae
1580 3882 1921 3945 traditiones
1960 3885 2038 3945 ab
2063 3882 2438 3975 Apostolicis
2479 3881 2940 3960 distinguuntur,
2979 3896 3134 3956 quae
3175 3896 3357 3939 vnum

432 3961 623 4052 reipsa
676 3973 843 4023 sunt:
902 3982 1041 4023 nam
1094 3963 1605 4040 quemadmodum
1648 3962 1883 4024 diuinae
1926 3961 2274 4024 traditiones
2312 3962 2588 4021 dicuntur
2625 3980 2732 4022 eae
2771 3978 2920 4038 quas
2960 3961 3124 4020 Deus
3167 3961 3358 4035 Apos-

434 4040 571 4101 tolis
632 4042 890 4111 tradidit,
959 4046 1015 4103 δι
1076 4062 1180 4121 per
1240 4042 1371 4103 illos
1433 4042 1737 4103 Ecclesiae
1790 4060 1964 4117 suae3
2006 4044 2086 4105 ita
2125 4041 2510 4120 Apostolicae
2551 4042 2746 4101 nullae
2787 4050 2957 4117 sunt,
2999 4037 3108 4099 nisi
3147 4040 3185 4098 a
3225 4040 3359 4099 Deo

430 4120 709 4197 traditae,
750 4126 807 4183 δι
846 4122 909 4183 in
949 4122 1246 4183 Ecclesias
1286 4124 1588 4184 traductae
1630 4126 2058 4215 Apostolorum
2097 4121 2423 4183 ministerio
2463 4120 2824 4183 fidelissimo.

518 4219 611 4278 ²5·
693 4201 1067 4267 Traditiones
1116 4213 1313 4262 autem
1363 4202 1519 4277 illas,
1560 4201 1683 4264 siue
1726 4202 1956 4263 diuinas
1999 4200 2125 4264 siue
2164 4201 2544 4279 Apostolicas
2584 4198 2836 4279 dixeris,
2883 4202 3028 4260 vllas
3069 4217 3358 4277 negamus

432 4300 561 4342 esse
619 4283 677 4341 in
740 4282 1097 4374 dogmatico·
1142 4281 1401 4359 ethicoq.
1461 4302 1705 4361 genere:
1766 4292 1893 4343 tum
1956 4282 2096 4360 quia
2155 4281 2470 4374 Scripturis
2525 4292 2717 4343 totum
2759 4244 2838 4353 id,
2901 4280 3070 4358 quod
3115 4280 3192 4339 ad
3232 4280 3350 4339 hoc

432 4370 687 4439 vtrumq.
728 4380 913 4440 genus
953 4362 1237 4441 pertinet,
1270 4362 1566 4423 credimus
1610 4361 1935 4441 contineri,
1975 4361 2090 4424 nisi
2129 4360 2456 4440 Scripturas
2483 4358 3159 4502 imperfectionizzmxod
3179 4358 3356 4499 abiut)

3075 4448 3253 4518 posto
3279 4459 3347 4500 os
