3923 4875
598 360 714 418 302
1534 353 1861 398 THESES
1923 352 2572 398 Tunonoclcan.

676 521 765 579 16.
848 517 1003 577 Nam
1044 514 1378 577 essentiales
1419 514 1589 576 huius
1626 513 1961 592 Scripturae
2001 523 2228 592 partes,
2282 512 2525 575 materia
2565 517 2622 574 81
2662 515 2886 591 forma,
2943 515 3178 577 diuinae
3218 527 3358 578 sunt
3387 565 3404 595 ,
3455 521 3510 579 δι

592 599 825 661 diuinus
864 597 1031 656 finis:
1072 597 1131 656 δι
1168 613 1529 674 quamcunq.
1566 596 1926 673 Scripturam
1960 611 2099 654 cum
2132 595 2246 654 hac
2275 595 2749 673 comparaueris,
2791 595 2947 657 hanc
2987 615 3164 657 vnam
3195 597 3307 676 ipsi
3339 598 3516 659 Athei'

592 678 793 741 diuina
830 677 1247 738 constitutione
1286 693 1394 738 sua
1434 675 1643 737 ceteris
1680 685 1976 736 antestare
2015 673 2294 754 sentient,
2334 677 2392 737 &
2431 675 2677 737 veritate
2710 687 2964 755 cogente
2998 677 3336 738 fatebuntur
3357 723 3376 756 ,
3405 698 3518 739 nec

592 761 769 820 aliam
810 760 987 818 vllam
1028 756 1277 834 proferri
1318 775 1511 834 posse.

679 858 766 915 17.
850 837 1279 898 Auctoritatem
1309 841 1450 898 vero
1486 839 1543 898 &
1570 834 1974 898 testimonium
1992 835 2096 915 qui
2113 839 2152 896 a
2171 837 2304 897 Deo
2327 834 2597 898 obtinere
2616 837 2774 898 hanc
2795 837 3164 917 Scripturam
3185 851 3442 918 negant,
3477 841 3516 916 ij

592 919 839 980 meridie
880 919 1074 978 lucere
1114 927 1351 1009 negant.
1412 919 1615 978 Habet
1656 917 1815 978 enim
1855 915 2186 994 Scriptura,
2228 915 2468 995 habuit,
2509 916 2809 997 habebitq.
2855 937 3090 998 semper
3130 917 3191 980 in
3239 920 3519 982 Ecclesia

593 1003 648 1061 δι
688 1009 883 1075 extra,
922 996 1122 1058 diuina
1163 1009 1374 1058 virtute
1390 1043 1407 1072 ,
1448 996 1693 1058 veritate
1732 1010 1911 1074 atque
1944 999 2414 1074 complementa

680 1083 767 1140 18.
847 1079 1113 1139 Virtute:
1178 1096 1316 1138 nam
1356 1079 1413 1138 &
1453 1097 1686 1156 semper
1726 1095 1860 1137 eam
1912 1076 2119 1154 spiritu
2171 1093 2280 1137 suo
2334 1076 2740 1156 confirmauit,
2799 1080 2857 1140 &
2901 1079 3019 1140 suis
3067 1080 3438 1158 temporibus
3477 1101 3514 1140 a

588 1158 894 1240 spectabili
932 1156 1391 1237 significatione,
1435 1158 1492 1218 δι
1534 1156 2043 1218 demonstratione
2085 1155 2335 1234 Spiritus
2377 1157 2864 1237 praesentiaeque
2906 1176 3066 1220 suae.

679 1261 767 1318 19.
848 1240 1149 1300 Veritate:
1212 1256 1353 1300 nam
1395 1237 1693 1315 Scriptura
1738 1255 1905 1298 sacra
1949 1253 2135 1315 vsque
2175 1237 2332 1298 adeo
2373 1247 2462 1298 est
2505 1235 2712 1298 veritas
2728 1283 2746 1316 .,
2808 1250 2871 1300 vt
2913 1257 3052 1300 cum
3093 1257 3236 1300 vero
3277 1239 3343 1301 in
3381 1241 3512 1300 reb.

592 1321 807 1382 diuinis
848 1320 1046 1399 posito
1086 1317 1351 1379 conuerti
1393 1319 1609 1380 debeat
1626 1363 1651 1408 2
1686 1319 1803 1378 hoc
1844 1317 2032 1378 modo
2047 1361 2066 1394 ‚
2107 1319 2266 1377 Tota
2303 1317 2418 1378 Dei
2459 1316 2732 1378 doctrina
2775 1321 2954 1396 (quae
2995 1319 3240 1398 quidem
3279 1321 3378 1380 hic
3423 1331 3516 1380 est

592 1403 653 1460 in
698 1403 813 1461 hac
864 1399 983 1460 vita
1029 1397 1567 1473 communicabilis)
1602 1409 1689 1458 est
1723 1397 2026 1476 Scriptura
2059 1416 2252 1474 sacra,
2295 1401 2350 1458 δι
2391 1397 2692 1476 Scriptura
2731 1417 2898 1459 sacra
2936 1411 3026 1461 est
3065 1408 3194 1460 tota
3233 1399 3515 1461 doctrina

596 1481 711 1541 Dei
750 1478 1293 1555 communicabilis,
1345 1482 1401 1540 δι
1441 1477 1703 1540 diuinam
1742 1477 1803 1536 in
1844 1497 1909 1538 se
1948 1497 2024 1537 ex
2061 1477 2226 1538 omni
2266 1489 2433 1554 parte
2473 1478 2952 1540 conuenientiam
2995 1498 3136 1541 cum
3175 1499 3354 1560 vero,
3393 1481 3516 1541 sin-

594 1565 886 1640 gulaeque
930 1571 1125 1638 partes
1162 1558 1313 1620 illius
1352 1559 1505 1620 inter
1544 1577 1607 1619 se
1648 1556 2106 1620 consensionem
2147 1558 2386 1619 habent.

678 1663 769 1702 20.
853 1641 1351 1718 Complemento:
1406 1659 1543 1700 nam
1586 1657 1663 1700 ne
1702 1637 1825 1699 iota
1864 1637 2110 1714 quidem
2155 1647 2258 1698 aut
2295 1657 2446 1716 apex
2487 1655 2636 1698 vnus
2677 1639 2754 1698 de
2795 1657 2966 1700 sacra
3003 1638 3304 1716 Scriptura
3343 1659 3518 1719 prae-

594 1722 727 1782 terit
742 1767 759 1798 ,
800 1720 941 1798 quin
964 1719 1169 1780 omnia
1185 1717 1246 1778 in
1268 1721 1479 1782 eadem
1500 1719 1964 1796 comprehensa,
1995 1717 2243 1796 fuerint,
2271 1717 2414 1796 sint,
2451 1721 2648 1779 futura
2667 1717 2810 1796 sint,
2839 1719 3192 1800 acciderint,
3211 1720 3522 1800 accidant,

596 1801 861 1863 accisura
894 1800 1009 1860 sint
1040 1799 1139 1860 illo
1173 1799 1287 1859 Dei
1316 1799 1567 1860 consilio
1599 1800 1655 1858 δι
1695 1815 1893 1858 manu.

680 1901 772 1942 21.
856 1882 1179 1952 Sscvmm,
1242 1879 1547 1940 materiam
1613 1877 1951 1971 Scripturae
2005 1876 2268 1938 diuinam
2337 1897 2466 1939 esse
2519 1890 2774 1956 negant:
2836 1878 3096 1957 primum
3147 1879 3284 1958 quia
3343 1897 3514 1942 secus

598 1961 831 2022 videtur
876 1960 1051 2039 ipsis:
1116 1957 1331 2020 deinde
1372 1959 1513 2038 quia
1552 1958 1599 2020 si
1640 1959 1839 2020 diuma
1877 1967 2064 2029 esset,
2126 1976 2220 2018 res
2261 1956 2493 2019 diuinas
2533 1957 2758 2040 integre
2797 1959 3143 2021 continent:
3409 1965 3512 2023 mo

599 2052 797 2102 autem
820 2085 837 2118 ‚
898 2041 1035 2119 quia
1085 2059 1207 2101 non
1264 2051 1494 2102 exstant
1545 2058 1755 2100 omnes
1794 2051 1992 2116 partes
2029 2037 2222 2100 illius:
2283 2055 2540 2117 quorum
2579 2040 2914 2101 secundum
2955 2059 3078 2100 non
3123 2041 3180 2100 vi
3223 2051 3354 2102 etur
3395 2041 3512 2120 eis,

598 2121 833 2182 tertium
876 2121 1149 2182 videntur
1188 2118 1301 2180 sibi
1340 2120 1516 2180 certis
1557 2119 2054 2198 euidentibusque
2094 2117 2544 2198 probationibus
2585 2121 2918 2182 ostendere.

683 2222 776 2263 22.
857 2205 1364 2279 Inconsequenter
1406 2221 1511 2261 eos
1549 2198 1945 2278 argumentari
1985 2210 2250 2277 constat,
2302 2197 2405 2277 qui
2445 2198 2526 2260 ita
2565 2199 2802 2278 dicunt,
2852 2202 2992 2261 Non
3035 2200 3268 2260 videtur
3307 2201 3516 2293 nobis2

598 2283 735 2343 Non
778 2293 866 2342 est
905 2281 1095 2360 igitur.
1158 2281 1311 2340 Nam
1352 2281 1518 2358 quod
1556 2281 1998 2357 supernaturale
2039 2289 2100 2339 et
2127 2279 2383 2358 spiritale
2415 2281 2532 2358 esf,
2575 2279 2637 2340 id
2667 2279 3094 2359 supernaturali
3129 2299 3202 2340 ac
3233 2279 3518 2358 spirituah

599 2361 828 2422 videtur
881 2364 1049 2422 luce:
1112 2359 1361 2441 proinde
1414 2359 1484 2421 iis
1534 2359 1721 2420 videri
1772 2379 1896 2420 non
1946 2369 2144 2437 potest
2191 2359 2294 2437 qui
2347 2362 2476 2420 sola
2533 2360 2742 2421 vident
2800 2362 3050 2422 naturali
3105 2363 3272 2422 luce:
3335 2360 3516 2439 idque

598 2454 725 2504 tum
759 2456 1002 2522 propter
1042 2460 1425 2505 communem
1466 2440 1847 2503 vitiositatem
1889 2451 2156 2501 nostram
2173 2486 2190 2519 .,
2233 2452 2360 2501 tum
2403 2452 2646 2520 propter
2685 2441 2882 2503 studia
2919 2441 3167 2503 istorum
3207 2441 3518 2503 hominum

600 2522 1105 2601 deprauatissima.
1148 2523 1213 2599 (f.
1264 2523 1463 2599 1763).

684 2623 776 2681 23·
858 2606 981 2664 Res
1040 2602 1271 2665 diuinas
1330 2604 1555 2681 integre
1614 2619 1738 2662 non
1786 2598 2078 2661 contineri
2127 2599 2441 2679 Scripturis
2493 2601 2697 2663 dicunt
2749 2607 3098 2683 ἀμφιλόγως.
3181 2604 3335 2662 Nam
3376 2603 3514 2662 cum

597 2702 793 2744 rerum
834 2684 1169 2744 diuinarum
1210 2682 1359 2743 aliae
1396 2682 1513 2743 sint
1549 2678 2138 2742 incommunicabiles
2189 2683 2245 2742 &
2288 2681 2436 2743 aliae
2483 2680 3049 2743 communicabiles:
3113 2682 3514 2743 communica-

598 2763 805 2825 bilium
854 2783 995 2824 vero
1046 2764 1191 2824 alias
1240 2762 1303 2823 in
1358 2764 1471 2823 hac
1524 2762 1644 2822 vita
1684 2780 1805 2821 non
1846 2758 2124 2837 expediat
2158 2761 2472 2822 nobiscum
2515 2761 2975 2838 communicari,
3015 2760 3160 2821 alias
3201 2762 3514 2840 expediat:

598 2844 843 2905 omnino
883 2844 1019 2904 satis
1060 2854 1151 2904 est
1188 2844 1267 2903 ad
1302 2841 1698 2920 integritatem
1737 2842 2102 2919 Scripturae,
2147 2860 2248 2901 eas
2290 2860 2383 2901 res
2423 2842 2654 2903 diuinas
2695 2842 2996 2920 Scriptura
3033 2841 3326 2903 contineri
3361 2860 3514 2919 quae

597 2934 734 2985 sunt
774 2927 989 3005 ymen}
1030 2928 1085 2985 δι
1125 2924 1402 3001 ymerius,
1452 2922 1517 2983 id
1570 2932 1661 2983 est
1698 2924 1787 2998 (vt
1824 2939 1964 2981 cum
2006 2920 2388 2982 Scholasticis
2424 2923 2657 3000 loquar)
2699 2922 2968 3001 scibiles,
3023 2924 3080 2982 &
3123 2922 3272 2983 scitu
3313 2924 3516 2999 vtiles,

596 3016 772 3081 atque
812 3004 919 3063 has
960 3006 1122 3065 Deus
1163 3002 1535 3081 integerrime
1579 3000 1891 3080 Scripturis
1930 3000 2266 3079 explicauit.

680 3104 774 3158 24.
854 3084 1081 3145 Omnes
1130 3082 1464 3161 Scripturae
1516 3102 1719 3143 sacrae
1760 3093 1953 3159 partes
1993 3091 2221 3141 exstare
2264 3086 2474 3143 contra
2514 3082 2896 3143 affirmamus.
2959 3083 3117 3143 Nam
3157 3082 3325 3161 qued
3365 3100 3514 3141 non-

595 3166 791 3225 nullos
830 3182 1029 3225 sacrae
1069 3162 1408 3241 Scripturae
1450 3162 1633 3223 libros
1674 3160 1998 3222 desiderari
2039 3172 2277 3221 narrant
2317 3162 2420 3240 qui
2453 3162 2514 3221 in
2553 3162 2864 3241 Scripturis
2894 3162 3075 3223 sacris
3113 3164 3522 3235 adducuntur,

595 3244 655 3305 in
700 3264 772 3304 eo
812 3244 1091 3304 falluntur
1130 3242 1447 3321 plurimum
1490 3244 1591 3320 qui
1629 3241 1815 3303 libros
1856 3240 2030 3319 istos,
2073 3252 2135 3301 vt
2175 3262 2408 3315 sacros,
2451 3242 2668 3304 adduci
2699 3254 2945 3320 putant:
2988 3244 3126 3303 cum
3159 3262 3273 3303 nec
3303 3261 3520 3303 omnes

596 3324 732 3386 libri
781 3323 885 3400 qui
938 3324 999 3383 in
1054 3324 1355 3401 Scriptura
1408 3342 1575 3383 sacra
1628 3322 2005 3383 adducuntur
2057 3322 2208 3382 sacri
2255 3322 2407 3383 sint:
2468 3342 2581 3383 nec
2635 3324 2730 3402 alij
2775 3342 2884 3401 pro
2926 3322 3139 3400 saeris,
3181 3323 3278 3383 vel
3318 3342 3522 3383 sacrae

598 3403 935 3481 Scripturae
974 3404 1139 3464 libris
1180 3402 1440 3463 habendi
1477 3402 1621 3479 sint,
1663 3406 1841 3480 quam
1886 3402 1988 3479 qui
2026 3406 2064 3462 a
2104 3402 2322 3480 Spiritu
2361 3401 2474 3463 Dei
2503 3403 2736 3481 dictati,
2779 3408 2815 3463 a
2848 3402 3032 3465 seruis
3069 3402 3197 3465 eius
3227 3400 3483 3481 profecti
3501 3448 3519 3478 ‚

598 3486 675 3546 de
712 3486 889 3545 rebus
928 3484 1107 3545 sacris
1148 3486 1409 3561 perfecte
1450 3482 1740 3557 dicenteS‚
1783 3482 1863 3541 ad
1904 3482 2266 3561 singularum
2305 3484 2362 3542 &
2397 3482 2757 3561 spiritualem
2795 3484 3099 3545 Ecclesiae
3137 3500 3306 3543 vsum
3343 3482 3518 3563 perti-

598 3576 802 3625 nentes
820 3611 836 3643 ,
878 3568 933 3627 δε
974 3567 1010 3624 ἐι
1053 3567 1189 3625 Deo
1234 3563 1366 3641 ipso
1406 3563 1469 3625 in
1510 3562 1777 3625 Ecclesia
1818 3563 2182 3634 consecrati,
2228 3562 2530 3642 imperati,
2572 3568 2628 3625 &
2668 3563 2924 3642 depositi
2963 3573 3116 3624 sunt.

682 3664 711 3703 2
720 3660 773 3722 5.
855 3646 1129 3723 Tana-10,
1190 3647 1445 3705 formam
1501 3642 1870 3721 Scripturae,
1930 3660 2114 3720 quam
2169 3660 2396 3703 sacram
2448 3642 2731 3722 dicimus,
2787 3643 3048 3705 diuinam
3091 3662 3220 3705 esse
3257 3653 3518 3721 negant:

600 3724 739 3802 quia
779 3727 826 3786 si
866 3724 1156 3785 internam
1198 3736 1459 3803 spectes,
1514 3742 1647 3783 eam
1689 3742 1803 3783 nec
1847 3740 1988 3783 cum
2029 3720 2232 3783 diuina
2270 3725 2546 3802 veritate,
2585 3742 2698 3785 nec
2740 3743 2874 3784 cum
2917 3724 3037 3783 suis
3077 3722 3260 3799 ipsius
3303 3721 3518 3802 partib.

599 3804 749 3864 inter
804 3826 866 3865 se
920 3816 1129 3884 putant
1182 3826 1309 3866 esse
1366 3804 1681 3884 ἂναλογονε
1748 3802 1837 3863 sin
1892 3814 2090 3862 autem
2145 3812 2476 3881 externam,
2539 3816 2758 3883 negant
2807 3806 3214 3884 ἁκριβόλογον,
3275 3804 3412 3865 cum
3463 3804 3520 3863 &

600 3904 877 3947 sermone
908 3886 981 3945 sit
1011 3884 1205 3961 exili5‚
1247 3882 1596 3962 impropria,
1636 3883 1968 3960 dubiaque,
2009 3884 2066 3943 &
2094 3883 2358 3960 partibus
2391 3890 2480 3961 (vt
2517 3886 2750 3961 putant)
2793 3883 3280 3960 discrepantibus.

684 3968 773 4025 26.
858 3964 1078 4027 Forma
1127 3984 1263 4026 cum
1318 3962 1557 4023 veritate
1606 3962 1808 4024 diuina
1863 3962 2228 4039 Scripturam
2285 3982 2413 4024 esse
2468 3964 2750 4043 ἀναλοχον
2809 3973 2946 4024 ante
3002 3963 3522 4023 confirmauimus:

596 4063 735 4103 nam
788 4050 842 4107 δι
898 4045 1247 4123 ipsissimam
1300 4044 1591 4123 perfectae
1642 4042 1900 4104 veritatis
1951 4043 2286 4103 doctrinam
2340 4064 2412 4105 ea
2465 4044 2725 4120 perfecte
2779 4042 3148 4104 ostendimus
3191 4043 3522 4122 contineri,

595 4125 652 4183 &
704 4125 780 4187 de
828 4146 899 4187 ea
952 4125 1193 4186 veritate
1247 4124 1391 4185 nihil
1446 4122 1505 4181 in
1559 4124 1673 4183 hac
1727 4122 2028 4201 Scriptura
2084 4122 2436 4184 dissimulari
2491 4123 2658 4200 quod
2698 4122 2884 4200 possit
2926 4126 2980 4184 δι
3025 4123 3302 4201 expediat
3343 4122 3520 4184 sciri:

593 4203 719 4263 siue
772 4216 959 4266 totam
1011 4206 1346 4267 doctrinam
1399 4202 1735 4280 Scripturae
1781 4220 1919 4263 cum
1973 4213 2100 4263 tota
2139 4202 2382 4265 veritate
2419 4203 2518 4263 illa
2558 4202 3072 4283 communicabili‚
3115 4204 3239 4265 siue
3278 4215 3508 4282 partem

598 4286 932 4366 Scripturae
976 4306 1154 4347 vnam
1194 4304 1333 4346 cum
1372 4284 1555 4345 altera
1594 4282 1935 4345 contuleris.

686 4385 779 4443 27.
864 4369 1011 4426 Esse
1052 4366 1435 4445 ἀκριρόὶογον
1474 4366 1611 4425 ante
1652 4362 2004 4425 docuimus:
2047 4381 2232 4442 quum
2273 4364 2352 4425 de
2391 4364 2587 4426 forma
2627 4362 2964 4443 Scripturae
3005 4365 3258 4427 seorsim
3299 4364 3524 4425 dicere·

3367 4460 3520 4505 mus,
