3923 4875
621 315 737 395 258
1557 329 1892 378 ‘rnnsrs
1953 331 2605 378 τιιιοιοοιοιιι.

1117 568 1340 634 XLIX.
1418 568 1552 630 DE
1611 567 2389 632 SACRAMENTIS
2448 569 2557 632 IN
2614 567 3071 632 GENEBE.

721 743 1270 831 Quandoquidem
1338 745 1646 832 Spiritus
1693 746 1989 812 Sanctus
2006 795 2023 824 ,
2071 757 2149 814 vt
2191 747 2379 812 nobis
2422 746 2721 832 applicet
2762 747 3090 830 quicquid
3124 746 3223 810 ad
3258 745 3549 811 salutem

623 837 1028 922 requiritur,
1077 858 1210 903 non
1252 841 1516 903 tantum
1563 837 1762 904 verbo
1795 839 1974 926 fidei
2017 845 2121 903 uti
2156 837 2381 903 voluit
2394 886 2411 915 ,
2459 859 2695 904 verum
2741 839 2945 904 etiam
2974 837 3269 902 alterum
3294 837 3549 902 instru-

617 937 912 994 mentum
931 978 946 1006 ‚
999 923 1442 994 Sacramenta
1487 929 1746 994 scilicet
1765 929 2071 1006 adhibet,
2104 929 2352 994 idcirco
2377 949 2524 994 cum
2548 929 2885 1014 hucusque
2905 929 2985 992 de
3008 929 3207 994 verbo
3226 929 3545 1002 maxime,

623 1021 843 1103 iisque
899 1040 1070 1106 quae
1127 1019 1227 1086 ad
1277 1021 1857 1086 ministrationem
1914 1021 2109 1086 verbi
2156 1021 2505 1105 pertinent
2558 1020 2817 1086 abun&
2870 1019 3045 1086 satis
3104 1020 3359 1086 dictum
3412 1021 3543 1094 sit,

625 1111 893 1177 ordinis
939 1111 1150 1178 series
1189 1111 1495 1192 postulat
1538 1121 1617 1178 vt
1657 1110 1758 1176 ad
1797 1109 2239 1178 Sacramenta
2256 1161 2274 1190 ‚
2320 1111 2514 1178 verbi
2555 1110 2757 1178 illius
2776 1111 3169 1198 appendicis
3190 1113 3261 1177 ὁ·
3281 1111 3545 1194 sigilla,

619 1203 931 1287 deinceps
996 1201 1408 1270 accedamus.
1486 1202 1715 1288 Atque
1785 1201 1913 1270 hac
1982 1203 2249 1290 quidem
2317 1201 2779 1288 disputatione
2836 1204 2919 1270 de
2964 1200 3427 1271 sacramentis
3474 1203 3549 1266 in

613 1314 866 1378 genere
909 1313 1210 1378 agemus.

1872 1507 2203 1568 Tunsrs
2262 1505 2311 1566 1.

705 1683 1158 1752 Sacramentum
1198 1702 1320 1778 yox
1358 1683 1574 1746 latina
1608 1691 1698 1744 est
1733 1685 1772 1742 a
1810 1682 2103 1744 sacrando
2144 1683 2423 1744 deducta.
2464 1681 2649 1744 Cuius
2690 1681 2859 1744 vocis
2899 1699 3067 1744 vsum
3122 1681 3319 1744 Latini
3354 1682 3551 1743 Theo-

628 1763 754 1844 logi
793 1783 868 1828 ex
907 1763 1216 1828 communi
1253 1781 1364 1826 vsu
1403 1765 1484 1826 ad
1523 1773 1732 1824 coetus
1771 1761 2139 1826 Christianos
2176 1763 2450 1824 videntur
2469 1763 2863 1834 mustulisse.
2885 1761 3133 1824 mutuati
3152 1761 3377 1824 scilicet
3394 1763 3551 1824 hanc

627 1863 844 1905 vocem
881 1848 920 1904 a
959 1843 1196 1904 militari
1237 1843 1340 1904 illo
1382 1842 1758 1906 iureiurando
1797 1859 1922 1920 quo
1964 1841 2177 1903 milites
2216 1841 2446 1934 reipub.
2484 1841 2774 1921 primum,
2810 1841 3031 1904 deinde
3062 1841 3303 1906 Caesari
3320 1843 3553 1903 solenni

631 1926 688 1988 δι
727 1941 900 1989 sacro
941 1923 1206 2001 quodam
1247 1923 1394 2004 ritu,
1433 1923 1613 1988 etiam
1653 1920 2028 2015 praescriptis
2066 1921 2261 1984 verbis
2298 1941 2431 1984 sese
2462 1941 2693 1984 sacrae
2722 1933 2843 1998 atq.
2864 1921 3232 2015 obstringere
3250 1924 3549 2000 solebant,

627 2011 818 2081 eaque
880 2003 1108 2068 ratione
1145 2004 1675 2068 accommodantes
1713 2003 1882 2064 vocis
1919 2002 2093 2064 huius
2130 2020 2302 2062 vsum
2346 2003 2427 2064 ad
2464 2020 2699 2064 sacrum
2738 2001 2884 2066 illud
2924 2001 3093 2080 quasi
3122 2002 3549 2078 iuramentum,

627 2083 795 2174 quod
855 2082 1170 2148 intercedit
1221 2083 1372 2146 inter
1429 2085 1627 2146 Deum
1689 2084 1746 2144 δι
1804 2083 2011 2144 fideles
2050 2101 2177 2144 non
2216 2081 2587 2161 simpliciter,
2626 2082 2734 2144 sed
2774 2081 3132 2160 interpositis
3170 2084 3227 2144 δι
3270 2080 3551 2144 adhibitis

625 2161 810 2230 sacris
871 2162 1080 2226 ritibus
1137 2182 1213 2226 ac
1251 2162 1606 2228 ceremoniis
1643 2162 2107 2228 constabilitum.
2146 2164 2347 2240 Atque
2389 2164 2541 2224 haec
2580 2161 2825 2239 quidem
2864 2181 3019 2241 vox,
3058 2162 3176 2224 iam
3216 2165 3256 2222 a
3292 2163 3549 2240 profano

633 2243 713 2308 ad
763 2259 998 2306 sacrum
1053 2260 1226 2306 vsum
1284 2245 1564 2304 uanslata
1623 2259 1810 2322 quum
1849 2253 2115 2304 sumatur
2158 2245 2255 2304 vel
2294 2242 2599 2321 opposite,
2638 2243 2697 2304 ὅτ
2748 2242 2993 2320 quidem
3032 2252 3137 2304 aut
3172 2243 3401 2304 tantum
3440 2259 3551 2319 pro

629 2321 838 2402 sign0,
877 2331 982 2384 aut
1019 2325 1248 2387 tantum
1287 2342 1400 2402 pro
1441 2324 1672 2467 agnato
1709 2341 1819 2400 per
1855 2322 2313 2400 synecdochen.
2354 2323 2450 2384 vel
2488 2323 2761 2384 absolute
2800 2339 2911 2400 pro
2952 2333 3233 2400 vti-oque,
3270 2320 3335 2382 id
3372 2331 3464 2382 est
3480 2321 3553 2382 si-

621 2412 808 2496 gnato
845 2401 1050 2480 simul,
1089 2401 1214 2467 siue
1255 2421 1368 2483 pro
1407 2413 1472 2467 to
1573 2402 1674 2465 illa
1711 2401 1951 2493 actione
1991 2421 2160 2463 sacra
2199 2420 2354 2481 quae
2390 2403 2640 2465 salutem
2681 2403 3201 2465 sacramentorum
3240 2398 3547 2480 participa-

627 2482 852 2547 tionem
909 2484 1243 2547 concurrit:
1299 2502 1442 2563 nos,
1503 2482 1688 2565 priori
1739 2480 1987 2561 omissa,
2037 2482 2423 2574 posteriorem
2463 2483 2590 2547 eius
2629 2482 3121 2562 significationem
3156 2482 3413 2545 maxime
3450 2480 3549 2543 hic

628 2564 1448 2707 spzcmg‘esraszenwgntgism
1457 2564 1618 2736 εὲοιιὲ
1647 2563 1834 2707 3232
1859 2562 2471 2721 ἒὶῗιίιὶιῗιιιιιῐιιευείιιειίιιιια,
2510 2642 2571 2703 in
2614 2642 2735 2721 qua
2772 2642 2977 2705 fideles
2996 2640 3237 2720 publice
3256 2642 3548 2717 oblatum,

625 2722 956 2801 Euangelio
997 2722 1300 2786 Christum
1345 2723 1666 2801 omniaque
1703 2722 1994 2788 beneficia
2036 2722 2190 2794 eius,
2256 2724 2441 2783 verbo
2482 2722 2621 2784 fidei
2656 2722 2957 2801 exposita,
2994 2722 3109 2783 sibi
3146 2720 3448 2799 applicant
3488 2686 3548 2781 δῖ

624 2802 834 2867 vniunt
897 2803 1086 2867 modo
1123 2803 1390 2881 quodam
1429 2802 1742 2884 singulari,
1783 2799 2043 2863 vicissim
2072 2814 2273 2863 autem
2311 2802 2729 2880 gratitudinem
2771 2802 3141 2881 &pietatem
3182 2818 3351 2865 suam
3407 2819 3549 2879 erga

624 2884 822 2952 Deum
861 2882 1242 2962 profitentur,
1279 2882 1432 2945 inter
1471 2903 1536 2945 se
1577 2846 1783 2945 munia
1815 2880 2099 2945 charitate
2140 2884 2521 2961 copulantur,
2562 2884 2618 2943 δι
2656 2884 2737 2945 ab
2776 2882 3095 2945 incredulis
3134 2893 3415 2959 tanquam
3446 2898 3551 2957 po·

627 2964 804 3041 pulus
843 2962 1090 3041 quidam
1129 2926 1438 3041 peculiaris
1475 2962 1592 3025 Dei
1631 2963 2063 3025 discernuntur.

710 3060 770 3132 3
855 3042 1109 3105 emesam
1171 3042 1554 3115 efficientem
1617 3053 2007 3134 autoremque
2068 3042 2587 3105 Sacramentorum
2637 3042 2947 3103 sumimus
2986 3043 3181 3103 solum
3222 3040 3451 3116 Deum,
3492 3042 3551 3101 δι

626 3120 864 3183 vnicum
903 3121 1020 3183 Dei
1055 3120 1486 3213 hominumque
1527 3121 1916 3185 mediatorem
1957 3124 2153 3185 Iesum
2193 3120 2513 3185 Christum.
2550 3122 2707 3183 Nam
2738 3120 2893 3183 sicut
2916 3120 3035 3183 Dei
3062 3120 3245 3181 solius
3262 3129 3355 3181 est
3374 3136 3549 3197 quae-

627 3216 866 3279 cunque
913 3200 1308 3265 sacramentis
1345 3204 1728 3263 conferuntur
1765 3200 2141 3280 promittere,
2180 3202 2263 3262 ita
2298 3201 2477 3263 etiam
2515 3200 2670 3263 illius
2708 3200 2891 3263 solius
2928 3212 3019 3263 est
3056 3198 3373 3277 obsignare
3394 3217 3551 3277 quae

627 3280 690 3345 in
749 3281 938 3343 verbo
1001 3279 1292 3358 promisit.
1349 3282 1528 3345 Adeo
1579 3290 1644 3343 vt
1681 3280 1822 3345 hinc
1863 3283 2025 3343 nulla
2064 3280 2402 3373 hominibus
2434 3280 2751 3343 auctoritas
2788 3280 3132 3345 instituendi
3170 3280 3551 3361 Sacramenta

628 3358 1010 3438 relinquatur.
1071 3360 1228 3423 Nam
1287 3360 1807 3453 quemadmodum
1852 3358 1936 3421 illi
1988 3360 2445 3453 promissionem
2482 3360 2706 3453 gratiae
2744 3360 3141 3423 sacramentis
3176 3352 3409 3451 semper
3446 3378 3549 3419 an·

624 3457 840 3505 nexam
881 3440 1024 3505 dare
1065 3452 1398 3531 nequeunt,
1437 3440 1519 3504 ita
1555 3458 1750 3518 neque
1787 3438 1930 3519 ipsis
1957 3459 2009 3501 si
2160 3444 2217 3503 δι
2254 3439 2447 3519 sig-illa
2482 3439 2817 3503 diuinarum
2836 3441 3071 3503 illarum
3090 3438 3548 3531 promissionum

629 3520 749 3579 vllo
791 3520 977 3581 modo
1019 3516 1388 3581 comminisci
1425 3519 1564 3581 licet
1601 3530 1722 3597 atq.
1761 3538 2020 3598 praescri
2064 3539 2183 3582 ere.
2224 3522 2401 3581 Vnde
2439 3531 2713 3600 apparet,
2753 3523 2937 3613 quarn
2972 3521 3090 3583 sint
3125 3520 3209 3586 illi
3246 3518 3309 3579 in
3350 3520 3548 3581 Deum

627 3597 823 3675 iniurij
839 3642 858 3678 ,
897 3597 1002 3677 qui
1042 3598 1136 3659 vel
1175 3615 1335 3659 noua
1372 3598 1735 3661 fabricantur
1773 3600 2189 3679 Sacramenta,
2222 3602 2317 3661 vel
2358 3598 2429 3660 iis
2466 3618 2621 3679 quae
2660 3604 2699 3661 a
2721 3602 2857 3662 Deo
2878 3600 3141 3661 instituta
3158 3608 3327 3678 sunt,
3345 3597 3547 3677 quoad

630 3678 1050 3756 substantiam,
1079 3676 1306 3755 aliquid
1347 3682 1442 3741 vel
1475 3679 1730 3759 addere,
1770 3681 1868 3741 vel
1906 3644 2215 3743 detrahere
2259 3678 2596 3741 moliuntur.

709 3778 767 3831 4.
851 3759 1114 3819 Materia
1161 3758 1405 3849 duplex.
1457 3760 1720 3819 Externa
1773 3760 1829 3820 δι
1870 3758 2269 3837 elementaris,
2310 3776 2465 3851 quae
2502 3758 2687 3821 variat
2727 3758 2787 3821 in
2832 3758 3101 3839 quolibet
3144 3760 3548 3820 Sacramenta

627 3838 870 3903 Inter-na
907 3840 964 3901 δι
997 3834 1310 3929 spiritualis
1346 3856 1502 3917 quae
1540 3857 1772 3917 semper
1815 3856 2036 3931 genere
2074 3840 2131 3899 δι
2170 3838 2495 3903 substantia
2526 3840 2737 3901 eadem
2776 3849 2885 3903 est.
2923 3840 3053 3901 Has
3090 3856 3189 3901 rec
3226 3836 3403 3899 etiam
3422 3854 3547 3897 non

625 3915 1014 3983 incommode
1053 3916 1309 3995 partium
1349 3918 1650 4011 nomine,
1661 3918 1769 3981 sed
1809 3917 2205 3981 essentialium
2246 3918 2316 4011 (f.
2352 3922 2549 4011 1725.)
2570 3938 2816 3983 censere
2834 3936 3169 4011 possumus.
3206 3918 3365 3979 Nam
3386 3916 3545 3995 quic-

625 3996 773 4088 quid
811 4008 900 4061 est
931 3998 990 4061 in
1033 3998 1454 4075 Sacramento,
1493 4008 1595 4059 aut
1632 3996 1696 4061 in
1729 4016 1936 4061 sensus
1974 4007 2249 4061 externos
2286 3998 2556 4075 incurrit,
2600 4009 2702 4060 aut
2740 4018 2837 4061 res
2878 4010 2967 4061 est
3004 3997 3319 4077 spiritualis
3338 4000 3395 4058 δι
3414 3996 3546 4057 coe‘·

623 4075 821 4155 lestis,
881 4096 988 4156 per
1048 4087 1354 4138 externam
1413 4078 1576 4139 illam
1617 4078 1963 4157 significata.
2006 4078 2176 4139 Istud
2218 4076 2484 4157 signum,
2524 4079 2643 4139 hoc
2688 4083 2830 4141 vero
2870 4078 3163 4170 signatum
3198 4078 3545 4155 appellatur.

715 4170 770 4232 5.
854 4155 1104 4217 Materia
1146 4164 1392 4217 externa
1430 4167 1520 4219 est
1557 4176 1661 4238 ea,
1709 4175 1862 4249 quae
1895 4156 2180 4235 quicquid
2201 4158 2467 4218 sensibus
2488 4156 2793 4219 subiicitur
2813 4157 3261 4250 complectitur,
3280 4156 3545 4217 Verbum

626 4232 848 4296 scilicet
891 4238 947 4298 δι
989 4236 1346 4314 symbolum.
1388 4238 1698 4315 Symbola,
1749 4236 1874 4297 siue
1913 4238 2081 4315 signa
2120 4247 2254 4298 sunt
2295 4255 2389 4297 res
2426 4238 2561 4299 illae
2600 4247 2875 4299 externae
2914 4258 2989 4298 ex
3027 4235 3393 4298 institutione
3432 4234 3545 4295 Dei

621 4317 659 4373 a
699 4316 1008 4376 communi
1047 4332 1154 4377 vsu
1192 4326 1531 4395 segregatae
1544 4362 1562 4395 ,
1604 4321 1661 4380 δι
1699 4317 1876 4377 rebus
1896 4316 2141 4377 internis
2160 4336 2233 4379 ac
2254 4316 2651 4394 spiritualibus
2668 4317 2847 4379 nobis
2868 4316 3299 4395 significandis,
3278 4332 3543 4467 ,ἓξὲξ

3214 4414 3319 4457 sen
