3923 4875
667 79 785 133 414
1712 73 2116 120 ιιιιιιιιιει
2177 77 2390 120 rans
2449 77 2490 120 1.

660 235 943 314 gratiose3
986 235 1086 314 qui
1120 235 1319 296 omnia
1350 235 1411 296 in
1440 235 1717 298 omnibus
1752 235 2022 298 vniuerse
2057 238 2299 315 implere
2336 237 2582 305 dicitur
2607 239 2826 316 Ephes.
2858 258 2910 300 1.
2934 257 3028 314 23.
3047 241 3104 298 δι
3123 238 3288 300 cuius
3315 239 3578 301 vicissim

661 317 1165 408 complementum
1217 315 1486 378 Ecclesia
1534 321 1888 408 appellatur·
1951 317 2092 394 quia
2132 321 2294 378 Deus
2333 317 2701 410 singulariter
2739 317 2798 378 in
2839 337 2911 378 ea
2963 319 3224 380 collocat
3261 321 3580 381 thesauros

663 396 961 487 potentiae
1000 414 1169 469 suae,
1210 400 1266 458 δι
1308 396 1405 457 illa
1446 395 1701 458 vicissim
1742 415 1881 458 cum
1926 401 2222 476 Apostolo
2263 397 2536 476 agnoscit
2571 396 2952 459 libentissime
2993 402 3050 460 δι
3089 399 3374 460 audenter
3405 419 3576 477 prae·

662 475 849 554 dicat,
902 475 1123 537 Omnia
1162 495 1471 554 possumus
1512 477 1575 537 in
1616 495 1689 538 eo
1730 479 1833 554 qui
1872 479 2186 540 confirmat
2225 497 2356 540 ιιοε.
2415 478 2570 538 Chm
2609 488 2806 538 autem
2847 477 2998 540 illius
3039 478 3373 570 potentiae,
3413 497 3575 556 quae

663 555 741 617 ad
768 557 969 616 omnia
1002 555 1179 618 etiam
1214 555 1509 617 contraria
1540 557 1849 618 subeunda
1879 557 2178 620 instruitur
2201 558 2417 619 virtute
2450 555 2592 636 Dei,
2623 573 2764 618 suae
2797 557 2914 618 sint
2947 569 3238 636 actiones,
3274 579 3336 618 ιιι
3355 559 3576 636 quibus

659 635 925 714 potentia
964 636 1062 696 illa
1100 639 1155 696 δι
1196 636 1378 696 virtus
1416 637 1583 714 quasi
1622 637 2006 698 determinate
2047 647 2404 716 occupatur,
2445 636 2956 714 quemadmodum
2989 655 3064 698 ex
3103 637 3370 716 potentia
3403 638 3570 698 habi-

662 728 787 777 tum
802 762 819 794 ,
882 719 937 776 &
989 735 1063 776 ex
1113 717 1317 777 habitu
1364 727 1565 778 actum
1604 717 1871 796 generari
1912 719 2149 779 tradunt
2190 715 2562 778 scholastici:
2621 717 2684 778 id
2733 735 2974 808 quoque
3025 720 3316 778 fateantur
3361 737 3572 778 omnes

661 794 837 856 etiam
876 795 1289 871 imperitissimi
1326 815 1567 856 necesse
1607 807 1731 856 est:
1774 799 1996 868 Deum,
2038 796 2140 876 qui
2173 795 2528 876 principium
2565 807 2656 858 est
2695 796 2892 858 omnis
2933 795 3232 875 potentiae
3270 800 3326 858 δι
3361 815 3566 874 opera

660 874 837 936 tionis
876 875 936 936 in
978 877 1155 936 rebus
1197 874 1407 936 creatis
1445 875 1717 936 vniuerse
1756 876 1813 935 δι
1852 877 1914 938 ιιι
1957 888 2086 938 tota
2123 889 2334 939 natura
2371 893 2566 938 rerum
2581 923 2599 955 ,
2659 877 2844 938 multe
2887 876 3074 968 magis
3115 877 3570 938 fundamentum

659 973 786 1015 esse
826 955 1241 1047 operationum
1280 955 1547 1016 omnium
1588 955 1892 1016 Ecclesiae
1932 975 2073 1017 suae
2113 976 2219 1035 per
2251 957 2604 1035 singularem
2645 955 3034 1022 assistentiam
3070 957 3328 1035 gratiae,
3387 975 3570 1034 quam

659 1035 930 1112 promisit
970 1034 1212 1115 dicens,
1253 1036 1407 1096 Nam
1437 1054 1541 1126 ero
1576 1045 1810 1112 tecum,
1852 1047 1913 1096 vt
1944 1048 2153 1098 auctor
2192 1037 2494 1128 Epistolae
2526 1037 2606 1096 ad
2639 1036 2955 1096 Hebraeos
2985 1047 3423 1115 argumentatus
3447 1050 3570 1114 est,

658 1135 790 1192 cap.
831 1134 856 1173 ι
863 1134 919 1191 3
962 1135 1109 1176 vers,
1146 1132 1199 1194 5.
1242 1116 1426 1190 Qued
1466 1115 1517 1176 si
1555 1132 1750 1176 rerum
1779 1115 2022 1177 istarum
2055 1115 2326 1176 omnium
2363 1115 2516 1176 ratio
2547 1114 2630 1176 ita
2656 1127 2746 1176 est
2777 1105 3156 1194 comparata,
3203 1127 3268 1176 vt
3301 1117 3572 1176 Ecclesia

663 1194 787 1255 sine
821 1193 1101 1256 relatione
1130 1197 1208 1256 ad
1236 1197 1433 1256 Deum
1464 1197 1627 1256 nulla
1659 1195 1763 1273 sit,
1797 1195 2044 1257 omnine
2078 1215 2154 1256 ex
2185 1215 2257 1256 ea
2285 1196 2412 1272 ipsa
2441 1194 2727 1257 relatione
2759 1198 2816 1256 &
2837 1207 3110 1274 respectu
3129 1197 3310 1256 finem
3328 1213 3572 1274 quoque

660 1274 961 1336 Ecclesiae
1000 1275 1257 1353 pendere
1296 1275 1621 1336 statuimus.
1684 1277 1873 1354 Nam,
1908 1277 2050 1336 cum
2086 1276 2300 1336 domus
2337 1275 2414 1336 sit
2449 1285 2694 1353 propter
2732 1274 3044 1336 dominum
3084 1278 3142 1336 δι
3179 1276 3570 1337 habitatorem

659 1372 861 1420 suum.
903 1356 1168 1416 Ecclesia
1204 1357 1347 1414 vere
1386 1353 1462 1416 sit
1502 1355 1617 1416 Dei
1654 1321 1905 1417 viuentis
1942 1355 2193 1435 domus3
2229 1355 2360 1433 quis
2395 1372 2578 1432 vsque
2611 1355 2764 1416 adeo
2798 1354 2949 1415 inter
2979 1356 3250 1416 homines
3283 1355 3568 1434 desipiat,

660 1445 723 1494 vt
764 1435 1013 1494 domum
1051 1438 1271 1495 luteam
1313 1437 1370 1494 δι
1410 1455 1483 1496 ex
1514 1434 1861 1496 necessitate
1888 1435 2106 1496 misero
2134 1400 2360 1496 homini
2385 1435 2800 1512 fabrefactam,
2840 1435 2922 1494 ad
2939 1452 3110 1497 vsum
3132 1435 3386 1496 hominis
3409 1439 3570 1496 velut

662 1515 837 1574 finem
876 1531 1049 1606 suum
1086 1525 1353 1606 spectare
1388 1513 1639 1606 iudicet·
1682 1515 1929 1592 Eccle(f.
1952 1514 2244 1593 693)siam
2274 1519 2417 1576 vero
2449 1518 2488 1574 a
2519 1516 2656 1576 Deo
2694 1513 3022 1594 liberrime,
3063 1516 3189 1576 sine
3221 1516 3342 1575 vlla
3369 1533 3567 1576 neces-

660 1593 829 1654 sitate
881 1593 1085 1686 ipsius,
1145 1615 1216 1655 ex
1255 1559 1669 1672 indignissimis
1708 1594 2052 1656 hominibus
2091 1596 2432 1674 collectam,
2500 1604 2668 1671 putet
2705 1593 2786 1654 ad
2824 1560 3022 1655 alium
3047 1597 3226 1655 finem
3267 1597 3446 1672 quam
3487 1597 3568 1656 ad

660 1673 782 1735 eius
808 1672 1069 1766 gloriam
1083 1718 1102 1752 ,
1142 1674 1245 1766 qui
1286 1673 1411 1734 sine
1448 1676 1570 1734 vllo
1611 1673 1849 1735 defectu
1888 1691 2040 1749 sue,
2080 1673 2184 1734 sed
2225 1673 2388 1734 mera
2425 1613 2613 1766 gretia
2650 1673 3017 1754 aedificauit,
3056 1669 3388 1752 pertinere?

740 1752 854 1812 His
905 1755 986 1814 ita
1034 1754 1396 1833 constitutis,
1458 1754 1681 1831 optime
1730 1754 2142 1815 concludimus
2181 1753 2246 1845 ιιι
2283 1756 2568 1816 relatione
2607 1753 2914 1816 Ecclesiae
2958 1721 3038 1814 ad
3077 1757 3276 1816 Deum
3313 1755 3568 1815 formam

662 1831 1029 1894 essentialem
1068 1835 1367 1896 Ecclesiae
1408 1833 1687 1894 constitui
1726 1845 2043 1912 oportere:
2105 1832 2271 1894 cuius
2311 1833 2608 1894 relationis
2648 1834 3097 1894 fundamentum
3138 1836 3302 1894 Deus
3339 1844 3461 1912 est,
3509 1837 3566 1896 δι

662 1912 1014 1991 principium
1057 1913 1249 1974 omnis
1288 1915 1461 1986 boni,
1504 1924 1566 1974 vt
1605 1915 1669 1974 in
1708 1926 1918 1975 natura
1950 1931 2148 1974 rerum
2179 1913 2551 1992 naturaliter,
2591 1914 2678 1974 sic
2703 1913 2768 1974 in
2797 1924 3003 1974 natura
3041 1913 3344 1974 Ecclesiae
3371 1932 3568 1992 super-

663 1992 909 2053 naturali
934 1993 1156 2070 gratia:
1197 2013 1269 2054 ac
1290 1959 1571 2072 proiride,
1612 1993 1761 2056 sicut
1789 1995 1849 2054 in
1882 2005 2092 2054 natura
2129 1993 2272 2052 nihil
2303 2003 2394 2054 est
2422 1993 2588 2084 quod
2619 2003 2846 2070 οιιιιιιι,
2887 1993 3233 2072 essentiam,
3271 1992 3570 2085 virtutem,

662 2071 1105 2164 operationem,
1162 2075 1461 2151 finemque
1514 2091 1685 2134 suum
1746 2084 2088 2150 assequatur
2147 2072 2272 2133 sine
2311 2074 2430 2134 hoc
2470 2071 2764 2151 principio
2781 2083 2981 2165 atque
3019 2073 3448 2165 fundamento3
3487 2072 3568 2134 ita

662 2151 805 2212 nihil
846 2155 1019 2230 plane
1062 2152 1122 2212 in
1163 2153 1431 2214 Ecclesia
1469 2173 1632 2230 esse,
1668 2154 1893 2214 nedum
1934 2151 2238 2213 Ecclesiae
2277 2169 2494 2229 corpus
2507 2197 2526 2229 ,
2563 2152 2729 2229 quod
2749 2151 2876 2214 sine
2893 2153 3013 2214 hoc
3035 2152 3326 2244 principio
3346 2153 3566 2231 gratiae

663 2233 987 2310 quidquam
1040 2230 1289 2293 istorum
1342 2231 1516 2293 fuerit
1568 2233 1927 2294 habiturum.
2007 2231 2278 2309 Denique
2331 2243 2395 2292 vt
2447 2250 2664 2324 corpus
2717 2233 2842 2294 sine
2879 2232 3080 2293 anima
3117 2232 3262 2292 nihil
3301 2245 3429 2310 εει,
3485 2233 3568 2294 ita

662 2313 929 2372 Ecclesia
966 2312 1092 2372 sine
1130 2311 1229 2372 illa
1267 2313 1466 2372 anima
1500 2331 1607 2373 sua
1644 2313 1789 2374 nihil
1830 2314 2048 2373 futura
2068 2323 2192 2372 est:
2233 2313 2390 2372 Nam
2419 2312 2620 2372 anima
2645 2311 2866 2392 (inquit
2902 2311 3292 2393 Augustinus)
3325 2313 3446 2373 vita
3476 2325 3565 2374 est

662 2391 968 2485 corporis,
1009 2391 1239 2454 animae
1278 2393 1398 2453 vita
1438 2394 1617 2455 Deus

739 2472 855 2534 Sed
894 2472 1057 2534 istius
1098 2473 1325 2534 formae
1366 2472 1684 2534 essentialis
1723 2492 1905 2549 quam
1954 2474 2118 2533 Deus
2171 2474 2286 2533 hac
2337 2470 2676 2533 beatissima
2730 2472 3014 2534 relatione
3067 2472 3216 2534 indit
3263 2471 3564 2534 Ecclesiae

662 2570 831 2624 suae,
874 2554 1087 2613 modus
1124 2554 1329 2614 itidem
1370 2552 1603 2613 diuinus
1643 2564 1751 2613 est.
1808 2554 1918 2613 Est
1956 2551 2197 2628 quidem
2238 2549 2516 2613 naturalis
2555 2550 2759 2613 relatio
2795 2554 2998 2613 Lunae
3031 2554 3110 2614 ad
3145 2554 3346 2613 Solem
3373 2556 3415 2613 a
3441 2569 3562 2629 quo

662 2635 995 2693 foeneratur
1034 2634 1230 2695 lucem
1251 2679 1269 2706 ‚
1322 2635 1429 2693 sed
1460 2651 1587 2693 non
1626 2644 1713 2693 est
1752 2632 1893 2692 vnio
1914 2676 1931 2705 ,
1973 2651 2100 2693 non
2138 2631 2200 2692 in
2239 2630 2522 2692 relatione
2559 2630 2864 2692 stabilitas.
2927 2634 3034 2692 Est
3071 2632 3314 2709 quidem
3352 2632 3559 2692 relatio

660 2712 889 2773 animae
928 2714 1006 2773 ad
1047 2731 1264 2790 corpus
1307 2713 1365 2773 in
1406 2712 1647 2773 homine
1688 2711 2148 2772 constituendo:
2209 2711 2314 2771 sed
2353 2712 2505 2771 haec
2545 2711 2686 2772 vnio
2727 2711 3003 2771 naturalis
3043 2724 3162 2790 est,
3203 2732 3274 2771 ac
3315 2711 3563 2789 proinde

663 2803 723 2851 vt
762 2804 959 2853 ortum
1000 2794 1209 2870 habet,
1256 2792 1368 2885 ..εἰς
1410 2792 1587 2885 etiam
1640 2794 1819 2852 fertur
1872 2791 1953 2850 ad
1998 2791 2296 2852 interitum
2333 2791 2586 2851 naturali
2624 2792 2888 2869 quodam
2928 2790 3152 2869 impetu
3173 2836 3190 2869 ,
3251 2800 3430 2869 prout
3469 2810 3562 2851 res

658 2872 1025 2950 compositae
1064 2874 1143 2933 ad
1184 2871 1469 2951 principia
1507 2890 1613 2932 sua
1650 2871 2037 2931 dissolutione
2076 2870 2473 2931 continuitatis
2515 2888 2658 2931 suae
2693 2881 3084 2932 reuertuntur.
3152 2874 3223 2931 In
3265 2872 3379 2931 hac
3417 2875 3562 2932 vero

658 2951 970 3026 relatione,
1034 2954 1343 3031 magnifica
1357 2998 1374 3030 ,
1429 2952 1717 3029 gloriosa,
1774 2949 1980 3011 diuina
2017 2949 2234 3011 omnia.
2299 2952 2456 3011 Nam
2498 2952 2660 3011 Deus
2698 2964 2867 3029 pater
2903 2951 2990 3011 sic
3032 2949 3210 3011 mittit
3249 2949 3436 3011 filium
3475 2951 3556 3010 ad

656 3032 987 3093 Ecclesiam
1026 3050 1193 3093 suam
1212 3078 1230 3109 ,
1295 3045 1361 3092 vt
1400 3036 1632 3109 semper
1672 3048 1855 3090 vnum
1906 3030 2057 3091 sint:
2121 3029 2272 3090 filius
2309 3034 2346 3089 a
2385 3033 2558 3090 Patre
2599 3030 2810 3091 missus
2847 3030 2932 3091 sic
2969 3032 3048 3091 ad
3091 3050 3223 3091 eam
3266 3030 3458 3106 venit,
3498 3042 3564 3091 vt

657 3130 889 3190 semper
941 3130 1123 3171 vnum
1174 3112 1247 3173 sit
1296 3130 1435 3172 cum
1486 3114 1657 3171 Patre
1670 3156 1689 3189 ,
1748 3112 1915 3188 quod
1954 3120 2258 3171 aeternum
2299 3120 2424 3187 est3
2486 3112 2542 3170 δι
2581 3128 2818 3187 semper
2855 3128 3036 3171 vnum
3076 3128 3216 3171 cum
3255 3109 3520 3171 Ecclesia
3538 3154 3559 3187 ,

655 3192 819 3270 quod
859 3191 1215 3253 beneficium
1256 3209 1365 3252 suo
1406 3201 1694 3282 tempore
1714 3202 1996 3282 coeptum
2034 3190 2096 3250 in
2135 3200 2436 3250 aeternum
2466 3207 2912 3267 permansurum
2941 3201 3062 3270 est3
3103 3208 3286 3250 vnum
3317 3189 3562 3266 inquam

658 3290 795 3332 cum
844 3272 1112 3332 Ecclesia
1164 3290 1307 3345 sua,
1370 3282 1497 3331 tum
1548 3268 1996 3349 participatione
2046 3283 2286 3330 naturae
2337 3271 2394 3329 &
2443 3270 2826 3329 affectionum
2887 3235 3062 3330 illius
3095 3270 3397 3348 omnium,
3437 3280 3563 3330 tum

658 3370 949 3430 personae
984 3370 1123 3412 suae
1164 3352 1223 3412 in
1266 3351 1487 3411 vnitate
1526 3362 1765 3411 naturae
1804 3360 2044 3411 nostrae
2077 3352 2134 3409 &
2169 3348 2402 3429 spiritus
2441 3348 2534 3409 sui
2571 3351 2870 3409 bonorum
2913 3368 2988 3411 ue
3019 3366 3258 3410 suorum
3291 3314 3561 3410 omnium

656 3430 1231 3493 communicatione:
1295 3430 1541 3523 Spiritus
1580 3430 1839 3508 denique
1876 3441 2114 3491 sanctus
2153 3434 2190 3488 a
2231 3440 2394 3506 patre
2432 3431 2489 3489 &
2529 3428 2652 3489 filio
2691 3446 2872 3506 proce
2917 3448 3020 3489 ens
3061 3429 3121 3487 in
3162 3429 3430 3489 Ecclesia
3471 3440 3562 3489 est

656 3510 1157 3604 praesentissimus
1196 3511 1295 3571 illa
1336 3511 1463 3588 ipsa
1501 3509 1829 3588 praesentia
1868 3510 2090 3587 gratiae
2103 3554 2122 3587 ,
2175 3508 2500 3569 secundum
2541 3526 2724 3585 quam
2765 3508 3032 3569 Ecclesia
3069 3519 3196 3569 tota
3235 3512 3290 3569 δι
3335 3508 3566 3586 singula

658 3590 837 3668 ipsius
880 3594 1145 3653 membra
1186 3592 1407 3669 templa
1446 3590 1561 3651 Dei
1600 3595 1657 3651 δι
1698 3588 1913 3651 Christi
1928 3634 1947 3667 ,
1985 3590 2124 3666 quia
2164 3589 2412 3679 Spiritus
2449 3588 2564 3649 Dei
2602 3588 2828 3649 habitat
2867 3588 2928 3649 in
2961 3588 3102 3666 ipsis
3117 3632 3134 3666 ,
3175 3590 3566 3681 appellantur.

666 3691 713 3730 1.
758 3670 899 3731 Cor.
940 3674 997 3731 6.
1045 3692 1137 3749 19.
1180 3691 1272 3731 20.
1331 3672 1674 3763 Vtcunque
1712 3670 2072 3730 dissoluatur
2111 3668 2390 3729 naturalis
2431 3667 2638 3728 relatio
2658 3713 2677 3746 ,
2737 3679 3034 3745 vtcunque
3089 3668 3352 3729 soluatur
3388 3668 3530 3729 vnio
3545 3714 3563 3743 ,

657 3769 809 3827 quae
849 3750 909 3811 in
950 3754 1127 3812 rebus
1168 3749 1377 3811 creatis
1418 3749 1665 3810 inueniri
1706 3760 1932 3827 potest,
1975 3750 2126 3809 haec
2165 3748 2304 3809 vnio
2345 3765 2522 3825 supra
2561 3758 2829 3809 naturam
2869 3760 2994 3809 est:
3035 3767 3108 3808 ac
3149 3747 3400 3839 proinde
3437 3766 3562 3808 non

658 3829 849 3891 tendit
888 3831 967 3890 ad
1006 3830 1337 3905 interitum,
1376 3840 1439 3889 vt
1479 3849 1572 3890 res
1610 3831 1938 3909 naturales3
1981 3829 2088 3889 sed
2127 3847 2302 3907 supra
2341 3846 2582 3888 omnem
2623 3826 2918 3889 interitum
2953 3828 3272 3905 omniaque
3301 3826 3568 3887 interitus

658 3910 1043 3971 instrumenta
1082 3913 1281 4001 quam
1305 3909 1641 4001 longissime
1674 3920 1882 3969 euecta
1912 3920 2032 3984 est,
2073 3910 2210 3968 cum
2249 3907 2696 3969 fundamentum
2735 3924 2906 3967 suum
2939 3908 3200 3969 habeat
3185 3927 3245 3967 m
3279 3906 3564 3969 Domino.

740 3990 894 4049 Vsus
934 3994 1075 4049 vere
1118 3987 1418 4049 relationis
1455 3987 1616 4049 istius
1656 3988 1875 4080 qualiS,
1918 3990 2206 4063 obsecro,
2247 3990 2472 4048 futurus
2511 3999 2630 4066 est,
2671 3990 2808 4047 cnm
2851 3986 3054 4049 omnia
3089 3987 3294 4048 diuina
3331 3990 3388 4048 δι
3427 4004 3564 4064 sup·

662 4067 920 4150 peditata
958 4068 1235 4129 diuinitus
1278 4069 1339 4131 in
1380 4066 1493 4129 hac
1532 4070 1817 4130 relatione
1856 4034 2204 4130 videamus?
2267 4068 2445 4129 Certe
2485 4033 2771 4146 quicquid
2809 4067 3082 4129 Ecclesia
3119 4066 3334 4208 videtd
3359 4065 3558 4145 audit,

3249 4164 3290 4208 0
3333 4158 3564 4227 oratur,
