3923 4875
554 349 627 390 10
1542 345 1959 389 FRANCISCI
2012 346 2213 398 JUNII
2275 347 2471 390 VITA.

550 505 947 568 Occasionem
1007 503 1093 564 rei
1152 504 1409 565 narrabo
1426 548 1445 583 ,
1506 503 1910 582 prouidentiae
1970 504 2204 566 diuinae
2263 516 2500 585 testem,
2540 522 2690 583 quae
2728 515 2957 586 patrem
2997 507 3112 566 hac
3151 506 3468 569 occasione

547 585 753 648 afflixit
790 584 1033 664 pariter,
1074 585 1130 643 &
1171 583 1614 645 commendauit
1652 583 1926 645 maxime.

625 669 731 726 Est
791 662 1152 726 Vxelloduni
1213 666 1355 741 (hoc
1400 683 1624 725 nomen
1665 664 1998 742 secundarij
2041 665 2201 743 apud
2239 664 2528 744 Biturigas
2570 665 2736 743 opidi
2774 665 2916 725 vino
2955 665 3275 744 lanitioque
3315 669 3464 729 cele-

543 747 696 826 bris)
754 745 815 806 in
874 743 1160 806 suburbio
1223 743 1581 806 coenobium
1643 745 2200 805 Franciscanorum:
2264 745 2360 805 cui
2418 756 2586 824 pater
2639 745 2974 806 Gardianus
3015 749 3102 822 (vt
3140 749 3466 825 appellatur

540 825 751 906 yulgo)
813 835 1081 903 praeerat
1139 823 1382 902 quidam
1442 827 1617 885 frater
1678 827 2012 906 Tossanus,
2067 825 2161 888 vir
2211 824 2592 903 impurissimi
2652 825 2770 886 oris
2832 825 2888 884 δι
2937 825 3205 904 corporis
3219 873 3237 906 ,
3292 828 3348 886 δι
3387 829 3465 888 ad

542 926 723 968 omne
778 905 1062 984 flagitium
1121 903 1541 982 paratissimus,
1608 907 1729 965 Iste
1789 916 1988 966 autem
2047 907 2124 966 de
2185 906 2531 966 Nauarrena
2588 904 2820 983 Regina
2873 905 3220 985 Margarita,
3261 926 3465 968 sorore

543 985 841 1049 Francisci
879 985 1058 1064 primi
1094 984 1279 1064 Regis
1319 990 1496 1063 (quae
1535 983 1657 1044 dux
1696 993 1820 1046 erat
1858 1001 2099 1062 quoque
2135 985 2488 1064 Biturigum)
2527 988 2724 1064 palam
2765 985 3112 1047 concionari
3141 1006 3264 1047 non
3299 987 3466 1048 dubi-

540 1077 794 1146 tauerat,
829 1067 1228 1127 Lutheranam
1258 1085 1391 1125 eam
1423 1083 1583 1144 esse,
1616 1063 1858 1144 dignam
1887 1081 2042 1141 quae
2077 1067 2366 1126 obuoluta
2399 1084 2581 1127 sacco
2613 1064 2676 1126 in
2717 1068 3111 1144 profluentem
3145 1066 3433 1129 iaceretur
3447 1112 3467 1145 ,

540 1151 596 1208 δε
660 1148 776 1209 alia
834 1145 896 1206 id
956 1163 1162 1224 genus.
1242 1147 1415 1206 Haec
1474 1161 1656 1223 quum
1718 1144 1937 1205 diutius
1997 1145 2330 1206 Gardianus
2373 1144 2484 1207 iste
2497 1191 2515 1224 ,
2557 1145 2828 1223 quamuis
2869 1145 3155 1227 monitus,
3197 1160 3468 1225 pergeret

540 1226 963 1306 pronunciare,
1022 1244 1145 1287 non
1205 1224 1399 1302 potuit
1455 1223 1825 1303 magistratus
1883 1222 2006 1286 loci
2063 1226 2226 1285 bona
2269 1227 2390 1286 fide
2451 1224 2818 1287 dissimulare
2855 1228 3099 1287 factum.
3179 1227 3469 1302 Quaestio

540 1311 821 1370 habetur:
864 1305 1181 1368 audiuntur
1220 1315 1427 1366 testes:
1467 1305 1549 1365 ad
1586 1307 1819 1382 Regem
1858 1304 2262 1382 perscribitur.
2343 1304 2469 1366 Hic
2507 1309 2642 1366 Rex
2679 1305 3003 1386 indignari:
3046 1306 3350 1368 hominem
3390 1309 3469 1368 ad

539 1387 925 1469 supplicium,
994 1385 1092 1447 cui
1150 1403 1419 1447 sororem
1476 1383 1815 1461 addixerat,
1885 1386 2060 1462 plane
2122 1386 2475 1463 deposcere:
2549 1386 2874 1448 rescribere
2933 1387 3332 1467 Magistratui,
3403 1399 3469 1449 vt

541 1467 1083 1548 comprehendatur
1140 1467 1196 1524 δι
1254 1463 1703 1542 quamprimum
1731 1465 2064 1525 adducatur
2101 1465 2180 1525 ad
2221 1485 2304 1527 se.
2383 1465 2615 1544 Regina
2646 1486 2758 1545 pro
2798 1485 2904 1528 sua
2945 1467 3261 1527 clementia
3291 1468 3468 1529 inter-

541 1549 743 1629 cessit,
805 1547 1275 1627 suppliciumque
1332 1543 1522 1604 lenius
1581 1542 1640 1604 in
1703 1543 2008 1606 hominem
2061 1543 2316 1623 pessime
2359 1547 2437 1606 de
2477 1566 2542 1607 se
2579 1547 2856 1607 meritum
2896 1546 3070 1608 statui
3109 1549 3469 1624 procurauit.

542 1631 661 1691 Sed
720 1629 823 1707 qui
872 1645 1009 1688 eum
1050 1625 1128 1686 de
1165 1641 1353 1702 regno
1388 1624 1490 1685 illo
1532 1621 1830 1685 claustrali
1868 1625 2118 1686 auderet
2155 1625 2234 1686 ad
2272 1628 2504 1703 Regem
2543 1646 2777 1706 rapere,
2827 1626 3172 1705 praesertim
3212 1627 3469 1706 opidana

540 1711 719 1790 plebe
778 1711 1036 1769 furenter
1098 1703 1381 1766 monachi
1427 1703 1717 1764 insaniam
1757 1706 2156 1784 approbante,
2194 1724 2320 1766 non
2359 1705 2772 1768 inueniebatur
2811 1707 3142 1784 quisquam.
3223 1707 3468 1786 Saepius

540 1791 735 1867 itaque
794 1791 1007 1848 frustra
1064 1785 1365 1863 appellato
1414 1803 1521 1862 per
1558 1782 1872 1861 stipatores
1911 1784 2136 1864 Regios
2177 1787 2234 1845 δι
2275 1786 2601 1862 diplomata
2639 1786 2842 1865 grauia
2881 1786 3258 1866 Magistratu3
3301 1799 3470 1866 pater

541 1869 667 1947 (qui
734 1870 886 1929 forte
940 1868 1051 1928 sub
1102 1863 1250 1925 illud
1302 1873 1537 1944 tempus
1586 1863 1792 1925 aderat
1851 1882 2046 1926 nouus
2099 1868 2133 1925 e
2185 1865 2407 1927 scholis
2460 1867 2688 1927 aduena
2702 1912 2719 1945 ,
2769 1885 2885 1927 nec
2935 1866 3096 1927 rudis
3135 1885 3468 1946 armorum,

538 1968 652 2010 nec
712 1965 911 2008 rerum
970 1955 1106 2008 ante
1165 1947 1201 2004 a
1254 1963 1319 2006 se
1368 1953 1665 2023 gestarum
1714 1945 2054 2022 immemor)
2106 1945 2487 2024 stipatoribus
2529 1948 2900 2007 confidenter
2939 1947 3198 2025 spondet
3237 1966 3300 2009 se
3341 1966 3467 2007 rem

536 2033 698 2090 certo
758 2029 1107 2087 effecturum
1122 2071 1139 2104 ,
1202 2025 1252 2089 si
1312 2027 1618 2088 decretum
1666 2023 1850 2102 Regis
1888 2025 2239 2086 nominatim
2277 2024 2542 2086 mittatur
2579 2028 2657 2087 ad
2699 2046 2780 2088 se.
2842 2026 3026 2101 Quod
3066 2025 3168 2087 vbi
3217 2030 3468 2087 relatum

536 2119 653 2188 est,
706 2109 772 2168 fit
808 2106 871 2167 in
910 2125 1044 2167 eam
1083 2105 1432 2168 sententiam
1472 2103 1848 2182 perscriptio:
1889 2106 2333 2166 Vxellodunum
2375 2105 2648 2167 mittitur:
2691 2107 2753 2166 in
2793 2105 3172 2167 Coenobium
3210 2106 3467 2168 venitur:

534 2186 961 2249 Franciscanus
1018 2186 1117 2247 ille
1176 2183 1729 2266 comprehenditur,
1790 2185 1846 2244 δι
1904 2185 2004 2244 vix
2057 2195 2222 2246 extra
2275 2186 2466 2264 plebis
2504 2185 2743 2247 insanae
2797 2204 3007 2247 manus
3023 2231 3039 2264 ,
3085 2189 3365 2246 tumultus
3410 2187 3466 2245 δι

529 2267 950 2347 lapidationem
989 2265 1489 2344 importunissime
1528 2263 1863 2336 excitantis,
1902 2263 2244 2345 abducitur,
2284 2276 2349 2327 vt
2389 2264 2694 2327 biennium
2733 2265 2982 2345 remigio
3021 2266 3188 2326 daret
3227 2266 3288 2326 in
3319 2266 3468 2326 mari

534 2347 963 2409 mediterraneo
1004 2365 1079 2406 ex
1119 2349 1361 2408 decreto
1400 2343 1605 2423 Regis.

611 2432 809 2507 Atque
867 2429 1017 2488 haec
1076 2427 1319 2505 quidem
1368 2424 1558 2505 prima
1608 2422 1715 2484 fuit
1752 2422 1941 2504 actiO,
1981 2442 2134 2502 quae
2171 2424 2234 2485 in
2273 2424 2524 2505 gratiam
2563 2425 2774 2506 RegiS,
2815 2433 3152 2505 sororisque
3191 2425 3491 2505 Reginae.

531 2508 849 2571 insinuauit
878 2517 1142 2587 patrem,
1180 2508 1288 2569 sed
1314 2505 1477 2585 apud
1509 2506 1671 2565 illam
1704 2503 2103 2566 inconsultam
2135 2507 2508 2583 plebeculam
2536 2508 2593 2566 &
2623 2505 3151 2568 Franciscanorum
3185 2506 3456 2568 ordinem
3509 2574 3512 2577 ⁴

532 2589 673 2651 odia
711 2599 995 2667 perpetua
1028 2586 1391 2666 conciliauit3
1430 2582 1984 2662 indignissimasque
2025 2584 2372 2659 calumnias,
2415 2585 2637 2665 minas,
2679 2586 3148 2666 criminationes,
3187 2603 3455 2665 persecu-

531 2669 752 2750 tiones,
812 2670 1062 2747 damna,
1120 2677 1424 2729 cruentam
1483 2662 1739 2741 denique
1798 2665 2046 2725 caedem
2085 2664 2240 2742 patri
2277 2667 2639 2746 apportauit:
2681 2666 2907 2727 felicius
2946 2670 3106 2728 certe
3145 2666 3459 2743 vtiliusque

534 2748 809 2828 politicos
862 2749 1119 2809 honores
1154 2758 1391 2826 gesturo
1432 2745 1489 2805 &
1527 2761 1718 2820 remp.
1756 2742 2265 2824 administratum,
2306 2746 2355 2806 si
2394 2757 2531 2823 post
2569 2757 2692 2808 tam
2733 2748 2887 2808 forte
2925 2764 3132 2808 ausum
3147 2792 3164 2826 ,
3210 2749 3460 2807 honesta

534 2832 590 2890 &
646 2840 820 2891 cauta
878 2827 1227 2905 migratione
1290 2830 1493 2904 (quam
1532 2842 1707 2900 saepe
1748 2823 1873 2884 fieri
1912 2825 2259 2885 Nauarrena
2296 2825 2528 2904 Regina
2567 2828 2624 2886 &
2661 2826 2935 2887 nonnulli
2973 2846 3252 2905 proceres
3291 2827 3454 2905 cupi-

534 2920 778 2989 uerunt,
818 2918 883 2969 vt
922 2907 1066 2969 alibi
1102 2906 1248 2985 reip.
1288 2902 1599 2967 inseruiret
1640 2907 1829 2980 pater)
1870 2902 1985 2964 sibi
2023 2904 2438 2983 prospexisset.

615 2992 880 3049 onrem
919 2986 1087 3048 duxit
1123 2988 1407 3047 Iacobam
1447 2982 1820 3061 Hugaldam:
1860 2983 2112 3045 honesta
2145 2984 2394 3064 familia,
2433 2985 2722 3064 virginem
2754 2986 3232 3049 honestissimam
3247 3032 3265 3065 ,
3295 3005 3456 3047 com-

534 3067 894 3145 positissimo
960 3067 1039 3127 ad
1098 3085 1310 3146 pacem
1370 3062 1610 3142 ingenio
1666 3061 2023 3123 foeminam:
2082 3083 2156 3125 ex
2214 3081 2331 3143 qua
2390 3065 2609 3127 liberos
2669 3082 2939 3128 nouenos
2991 3066 3254 3145 sustulit,
3303 3066 3456 3126 filios

532 3159 785 3225 quatuor
847 3148 903 3207 δε
963 3145 1111 3207 filias
1157 3146 1436 3223 quinque.
1515 3144 1681 3202 Duas
1738 3158 1921 3219 quum
1961 3143 2288 3205 sustulisset
2328 3145 2474 3206 filias
2489 3192 2507 3223 ,
2547 3146 2802 3206 fructum
2841 3146 3082 3207 audacis
3123 3146 3276 3207 illius
3314 3144 3456 3205 facti

530 3226 797 3306 percepit
834 3224 1411 3287 iniucundissimum:
1452 3240 1591 3283 nam
1633 3222 1689 3281 δι
1720 3222 2250 3285 Franciscanorum
2277 3235 2430 3304 arte,
2466 3226 2522 3285 δι
2553 3225 2744 3303 plebis
2771 3225 3164 3305 imprudentia
3193 3225 3455 3303 odioque

532 3306 791 3367 maximo
853 3322 1088 3384 pressus
1146 3315 1234 3365 est
1292 3306 1403 3365 sub
1464 3298 1763 3392 religion-is
1823 3302 2021 3381 specie
2060 3305 2116 3363 δι
2155 3304 2588 3366 Lutheranismi
2629 3308 2716 3381 (vt
2755 3316 2882 3365 tum
2920 3308 3243 3382 vocabant)
3283 3322 3457 3365 accu-

530 3397 720 3464 satus,
762 3388 1086 3447 subornata
1130 3387 1210 3446 ad
1249 3404 1383 3445 eam
1422 3402 1548 3444 rem
1588 3382 1831 3460 ancilla,
1871 3400 2028 3460 quae
2069 3384 2236 3445 domi
2273 3384 2612 3446 seruiuerat.
2694 3386 2784 3446 Ea
2813 3394 3042 3463 patrem
3071 3388 3110 3446 a
3141 3406 3212 3465 se
3234 3385 3453 3462 visum,

529 3483 714 3543 quum
774 3465 982 3527 diebus
1042 3464 1237 3527 vetitis
1298 3483 1505 3524 carnes
1568 3462 1799 3541 ederet,
1852 3482 1964 3540 pro
2004 3463 2346 3526 testimonio
2388 3464 2626 3526 dicebat
2664 3466 2844 3545 falso;
2883 3476 2950 3527 vt
2989 3476 3238 3527 matrem
3279 3484 3454 3543 saepe

529 3545 729 3606 audiui
787 3548 1260 3607 confirmantem.
1343 3545 1483 3619 Quo
1544 3539 1790 3602 nomine
1849 3542 2112 3622 profugit
2147 3554 2342 3622 pater,
2399 3564 2478 3605 ne
2524 3564 2598 3605 ex
2639 3565 2877 3607 carcere
2916 3564 3186 3607 caussam
3227 3545 3454 3624 dicere,

529 3625 807 3687 omnibus
849 3626 1001 3686 adeo
1040 3624 1291 3703 infestis,
1330 3633 1673 3702 cogeretur:
1724 3621 1780 3680 δι
1817 3624 1856 3681 a
1894 3625 2126 3702 Regina
2164 3622 2264 3685 illa
2303 3626 2645 3687 Nauarrena
2683 3626 2764 3686 ad
2801 3644 3023 3687 annum
3064 3627 3187 3688 fere
3228 3636 3452 3686 susten-

530 3716 685 3767 tatus
744 3716 857 3768 est.
936 3708 1173 3766 Interea
1233 3704 1294 3764 in
1354 3705 1519 3764 bona
1559 3710 1805 3781 paterna
1844 3701 2144 3765 inuolant:
2185 3703 2524 3783 praesertim
2567 3726 2640 3766 ex
2677 3707 2907 3784 agnatis
2944 3706 3211 3785 quidam,
3255 3704 3453 3783 specie

527 3782 880 3864 pecuniolae
897 3832 915 3860 ,
974 3803 1152 3863 quam
1186 3783 1449 3865 ,fugienti
1488 3778 2036 3862 suppeditauerant3
2076 3802 2204 3844 rem
2242 3783 2464 3846 faciunt
2501 3785 2944 3865 diligentissime
3019 3796 3452 3848 anteuertentes

526 3868 770 3944 fiscum,
813 3884 1032 3945 magno
1072 3883 1213 3944 su0,
1254 3866 1420 3925 nullo
1461 3863 1641 3943 patris
1683 3862 2030 3925 commodo.
2070 3865 2138 3940 (f.
2171 3866 2253 3940 6.)
2295 3866 2454 3925 Dum
2497 3868 2667 3927 abest
2706 3878 2916 3928 exacto
2957 3832 3230 3957 biennio,
3250 3868 3286 3924 a
3305 3864 3454 3925 mari

528 3946 955 4007 Franciscanus
1013 3945 1169 4007 redit
1184 3965 1207 4004 :-
1260 3961 1493 4005 summa
1555 3940 1986 4004 acclamatione
2026 3944 2082 4002 δι
2122 3946 2412 4021 applausu
2451 3945 2676 4006 ordinis
2715 3948 2772 4006 &
2809 3946 2998 4025 plebis
3035 3946 3356 4023 excipitur:
3395 3946 3451 4004 &

528 4045 669 4102 prae
732 4026 957 4087 foribus
1014 4038 1295 4105 paternae
1353 4026 1570 4086 domus
1628 4022 1984 4084 accurritur:
2029 4022 2305 4102 affligitur
2341 4024 2559 4085 afflicta
2599 4035 2814 4105 mater,
2856 4026 3243 4106 grauidaque3
3287 4042 3452 4103 prae-

527 4103 727 4165 sertim
787 4124 969 4184 quum
1012 4106 1070 4165 in
1114 4124 1284 4166 aures
1322 4104 1475 4165 illius
1515 4098 1785 4165 certatim
1825 4104 2154 4165 clamarent
2193 4103 2363 4165 multi
2377 4150 2394 4183 ,
2434 4107 2640 4166 Rediit
2671 4114 2906 4167 sanctus
2943 4109 3044 4167 ille
3079 4109 3205 4183 vir,
3245 4106 3453 4164 rediit.-

527 4188 795 4247 diabolus
870 4190 1177 4248 sceleratos
1192 4230 1210 4263 ,
1283 4188 1388 4264 qui
1452 4193 1658 4246 contra
1714 4181 1908 4263 ibant,
1971 4188 2335 4262 eaeportauit:
2393 4186 2450 4244 δι
2509 4184 2572 4245 id
2627 4202 2813 4264 genus
2873 4186 3004 4247 alia.
3107 4186 3454 4245 Accedebat

526 4268 774 4343 alterum
833 4265 1315 4342 incommodum,
1367 4265 1532 4342 quod
1571 4261 1820 4343 vrgebat
1862 4275 2114 4326 matrem
2154 4284 2280 4326 non
2315 4263 2721 4327 mediocriter.
2761 4268 2918 4327 Nam
2959 4268 3243 4345 profugus
3283 4275 3452 4343 pater

528 4348 681 4407 clam
742 4348 821 4407 ad
882 4358 1131 4409 matrem
1172 4346 1355 4407 semel
1394 4344 1679 4405 redierat:
1748 4344 1888 4405 hinc
1926 4342 2172 4422 grauida
2211 4344 2366 4405 facta
2405 4354 2592 4407 mater
2631 4346 3126 4423 proscindebatur
3165 4350 3203 4405 a
3241 4346 3452 4422 vulg0,

3143 4435 3449 4502 tamquam
