3923 4875
559 365 671 426 190
1490 363 1816 410 ‘tunsus
1876 365 2531 412 rnnonoorcan.

640 541 734 603 52.
816 523 998 600 Quod
1038 536 1237 586 autem
1278 527 1355 586 ad
1400 525 1806 605 prouisionem
1844 527 2079 608 attinet,
2121 529 2260 608 quia
2299 531 2495 590 futura
2535 527 2920 608 respiciebat,
2961 545 3114 606 quae
3152 528 3330 591 nobis
3363 543 3499 591 sunt

557 605 918 683 praesentia,
979 625 1105 666 non
1166 616 1289 666 tam
1349 606 1601 680 abolita,
1658 611 1839 685 quam
1882 573 2126 686 impleta
2167 609 2422 671 dicenda
2461 618 2575 670 est.
2616 609 2778 670 vnde
2820 611 2914 687 fit,
2961 618 3026 669 vt
3067 611 3206 670 cum
3248 613 3500 671 salutem

556 697 920 778 proponeret
976 705 1087 764 pro
1137 687 1325 747 modo
1366 687 1651 764 temporis
1690 688 1996 749 Christum
2036 689 2444 767 praecedentis
2457 736 2475 767 ,
2521 653 3030 750 circumstantiam
3069 689 3230 750 illam
3269 692 3502 750 venturi

556 764 778 857 Christi
818 765 879 826 in
920 765 1188 845 foedere,
1229 771 1284 827 δι
1325 768 1711 828 Testamento
1753 769 2128 850 ponendam3
2169 770 2286 830 iam
2323 775 2470 831 vero
2509 769 2636 847 ipsa
2683 767 2965 848 impleta,
3001 788 3116 830 nec
3156 770 3217 830 in
3255 771 3500 832 foedere

560 865 673 907 nec
714 845 775 906 in
816 848 1203 907 Testamento
1244 846 1585 924 ponendam
1626 865 1772 908 esse.

642 942 741 1004 53.
820 928 913 986 Ex
974 925 1065 987 his
1130 925 1409 988 omnibus
1467 927 1777 988 manifesta
1836 929 1902 988 fit
1952 927 2068 990 Dei
2109 928 2422 1010 sapientia,
2461 928 2904 1007 misericordia,
2944 933 3000 990 δι
3039 929 3291 1022 iustitia,
3329 930 3499 1007 quod

558 1016 681 1067 tam
720 1006 895 1066 variis
934 1007 1162 1085 modis,
1204 1026 1313 1084 pro
1371 1006 1597 1100 rati9ne
1638 1017 1976 1086 temporum
2017 1011 2073 1068 &
2115 1027 2532 1088 personarum,
2572 1009 2826 1071 eandem
2867 1009 3023 1070 viam
3065 1009 3269 1071 salutis
3305 1010 3496 1070 homi-

557 1085 732 1148 nibus
786 1087 1154 1147 monstrarit·
1204 1086 1370 1164 quod
1421 1086 1669 1148 miseros
1718 1087 1779 1148 in
1820 1087 2072 1166 gratiam
2113 1090 2431 1183 receperit,
2469 1093 2671 1168 lapsos
2710 1089 3016 1169 releuarit,
3057 1089 3497 1167 titubantesque

556 1166 718 1227 miris
757 1166 953 1227 modis
992 1166 1386 1228 confirmarit.
1430 1167 1688 1245 denique
1729 1169 1895 1246 quod
1934 1169 2085 1230 haec
2125 1170 2328 1230 omnia
2367 1172 2446 1231 ita
2485 1170 2865 1249 praestiterit,
2897 1181 2961 1230 vt
2980 1187 3058 1230 ne
3079 1188 3230 1248 apex
3251 1169 3496 1248 quidem

552 1246 700 1326 legis
738 1245 1060 1327 transierit,
1100 1247 1244 1325 quin
1283 1247 1489 1308 omnia
1535 1246 1596 1308 in
1638 1248 1879 1310 Christo
1921 1252 2193 1312 confecta
2231 1250 2364 1311 sint.

868 1619 1091 1678 XXVI.
1172 1617 1308 1676 DE
1368 1617 1785 1677 VETERI
1844 1617 1976 1676 ET
2036 1615 2332 1677 NOVO
2393 1617 2576 1676 DEI
2637 1615 3160 1676 FOEDERE.

1809 1794 2143 1852 Tnnsrs
2203 1795 2251 1853 I.

639 1993 690 2033 1.
771 1973 893 2032 Dm
932 1973 1149 2048 foedus
1191 1971 1252 2031 in
1292 1973 1474 2032 Sacra
1511 1972 1815 2051 Scriptura
1853 1972 2092 2050 proprie
2131 1971 2420 2051 significat
2457 1974 2706 2032 Pactum
2749 1971 3055 2047 quoddam
3102 1975 3138 2030 a
3177 1973 3316 2030 Deo
3354 1989 3496 2030 cum

556 2051 897 2114 hominibus
936 2051 1175 2111 initum:
1222 2051 1415 2113 minus
1454 2053 1693 2132 proprie
1734 2063 1905 2113 notat
1942 2063 2172 2130 partem
2213 2052 2536 2144 quamdam
2559 2051 2743 2112 diuini
2763 2051 2913 2111 illius
2935 2049 3111 2128 pacti.
3153 2051 3497 2127 Aliquando

553 2131 811 2192 foederis
850 2131 1094 2192 nomine
1136 2133 1378 2193 veniunt
1419 2143 1541 2193 tam
1582 2152 1791 2194 omnes
1832 2134 1996 2211 leges
2035 2137 2090 2193 δι
2131 2132 2554 2211 promissiones
2599 2151 2800 2192 sacrae
2843 2130 3159 2191 vniuersim
3199 2140 3501 2208 sumptae,

554 2215 736 2304 quam
776 2213 1031 2304 quoduis
1071 2213 1332 2289 speciale
1371 2212 1722 2273 mandatum
1761 2224 1863 2272 aut
1898 2213 2215 2290 promissio
2255 2231 2508 2273 accensa
2547 2211 2790 2273 foederi.
2837 2211 2956 2270 Sed
2997 2215 3052 2271 δι
3097 2212 3500 2288 metonymice

558 2292 669 2370 ipsi
708 2290 877 2371 libri,
914 2292 976 2352 in
1016 2293 1230 2370 quibus
1271 2294 1515 2354 foedera
1553 2294 1670 2352 Dei
1710 2304 1845 2353 sunt
1884 2293 2236 2371 perscripta,
2275 2293 2522 2352 foedera
2562 2293 2955 2369 appellantur.

640 2393 693 2434 2.
774 2375 902 2434 Nos
957 2371 1188 2434 omissis
1244 2391 1403 2433 nunc
1458 2373 1583 2433 aliis
1639 2372 1980 2433 foederibus
2021 2372 2268 2451 aliisque
2317 2371 2844 2465 significationibus
2886 2368 3052 2431 vocis
3093 2369 3381 2450 foederis»,
3423 2372 3504 2430 de

552 2453 737 2514 veteri
776 2456 831 2513 δι
870 2471 1033 2515 ιιοιιο
1076 2454 1317 2515 foedere
1360 2470 1629 2533 agemus»,
1670 2458 1790 2531 qua
1830 2453 1982 2513 inter
2023 2474 2085 2513 se
2125 2452 2459 2531 comparari
2499 2454 2710 2513 solent.

635 2554 693 2612 3.
792 2536 959 2595 Vetus
1022 2534 1233 2594 foedus
1290 2534 1451 2611 prius
1511 2550 1649 2594 cum
1713 2535 2060 2593 Abrahamo
2122 2543 2404 2611 coeptum
2457 2542 2601 2593 tunc
2640 2530 2927 2609 temporis
2967 2530 3344 2608 'potissimum
3385 2530 3498 2591 suit

554 2616 883 2693 firmatum,
938 2616 1075 2675 cum
1126 2615 1290 2675 Deus
1326 2616 1614 2692 populum
1654 2612 2044 2674 Israeliticum
2085 2614 2369 2673 educeret
2410 2617 2444 2673 e
2481 2624 2640 2673 terra
2674 2611 2958 2704 AEgypti,
2999 2614 3212 2673 Ierem.
3253 2631 3286 2688 3
3299 2632 3348 2673 1.
3395 2630 3494 2687 32.

635 2714 691 2770 4.
772 2660 917 2755 Eius
957 2704 1155 2755 autem
1196 2712 1382 2772 genus
1422 2704 1512 2753 est
1550 2693 1705 2754 ordo
1748 2694 2061 2771 relatiuuS,
2098 2710 2203 2753 seu
2243 2704 2547 2771 respectus
2589 2692 2770 2770 quida
2777 2712 2834 2752 m
2877 2692 3075 2752 Sacer.

638 2793 693 2853 5.
774 2776 1054 2835 Relatum
1094 2784 1184 2835 est
1222 2775 2262 2864 Iehoua,Deut.29.12.pactum
2302 2775 2564 2835 Iehouae
2602 2773 2718 2832 Dei
2757 2770 2844 2833 tui
2883 2770 2953 2851 (f.
3001 2773 3198 2845 1667.)

636 2858 691 2917 6.
773 2856 1147 2916 Correlatum
1186 2854 1511 2932 Israelitae,
1552 2856 1607 2913 &
1628 2854 1731 2932 qui
1752 2872 1879 2914 sese
1898 2852 2212 2914 Israelitis
2194 2872 2255 2913 ιιι
2276 2854 2522 2915 foedere
2539 2852 2933 2913 associabant.
2956 2854 3134 2911 Deut.
3163 2870 3255 2927 29.
3287 2870 3378 2924 14.
3407 2868 3501 2928 15.

639 2954 693 3012 7.
773 2935 1279 3027 Fundamentum,
1320 2950 1425 2995 seu
1465 2950 1645 2994 causa
1683 2933 1946 2995 efficiens
1987 2932 2260 3011 proxima
2300 2932 2476 2994 huius
2516 2931 2776 2995 foederis
2817 2940 2909 2993 est
2950 2930 3211 2992 solennis
3251 2932 3493 2991 Relato-

554 3032 687 3076 rum
731 3014 857 3076 obli
896 3014 1034 3075 atio.

636 3100 696 3159 8.
777 3034 1109 3157 Solgennitas
1162 3098 1200 3153 ὲ.
1250 3103 1418 3173 parte
1466 3094 1583 3153 Dei
1624 3093 1733 3155 fuit
1773 3096 1919 3156 illud
1959 3092 2363 3171 potissimum,
2405 3094 2570 3171 quod
2617 3094 2821 3153 Moses
2837 3135 2857 3170 ,
2897 3089 3304 3151 internuncius
3343 3089 3497 3150 illius

557 3175 813 3237 foederis
850 3174 1148 3252 accipiens
1187 3172 1502 3235 dimidium
1544 3174 1841 3252 sanguinis
1882 3176 2370 3235 holocaustorum
2410 3176 2466 3233 δι
2494 3172 2919 3234 sacrificiorum
2953 3171 3494 3231 Eucharisticorum

558 3257 817 3317 Iehouae
874 3254 1085 3332 sparsit
1148 3270 1323 3333 super
1382 3256 1566 3315 altare
1582 3298 1600 3331 ,
1660 3256 1717 3313 δι
1778 3255 2091 3316 dimidium
2151 3270 2328 3331 super
2378 3253 2573 3332 ipsum
2615 3254 2924 3332 populum.
2964 3252 3154 3311 Exod.
3207 3271 3299 3323 24.
3345 3268 3398 3327 5.
3442 3254 3498 3310 8.

559 3337 739 3395 Deut.
788 3354 819 3394 2
870 3380 883 3393 .
933 3354 983 3394 1.

636 3436 693 3493 9.
776 3356 1109 3476 sglennitas
1148 3417 1186 3474 a
1224 3425 1391 3492 parte
1435 3413 1859 3487 Israelitarum,
1898 3413 2015 3475 alia
2053 3413 2114 3474 in
2155 3410 2510 3491 initiatione,
2553 3414 2700 3473 aliae
2743 3412 2802 3472 in
2845 3410 3290 3473 continuatione
3323 3408 3500 3471 huius

562 3494 820 3557 foederis
858 3493 1313 3555 adhibebantur.

646 3596 737 3638 10.
817 3573 1167 3635 Initiationis
1208 3584 1647 3635 sacramentum
1687 3576 1795 3635 fuit
1835 3572 2247 3636 CircumcisiO.

648 3678 673 3717 1
688 3677 739 3717 1.
820 3654 1297 3716 Continuationis
1359 3656 1739 3716 Sacramenta
1799 3656 2036 3715 fuerunt
2090 3673 2224 3715 esus
2277 3653 2436 3731 Agni
2476 3652 2803 3731 PaschaliS,
2845 3654 2900 3710 δι
2943 3650 3310 3712 victimarum
3354 3666 3498 3727 qua·

560 3737 813 3797 tundam
852 3734 1155 3795 mactatio,

651 3839 675 3875 1
688 3838 739 3877 2.
820 3813 1178 3876 Promiserat
1238 3825 1434 3876 autem
1498 3816 1725 3876 Iehoua
1783 3814 2060 3876 Israelitis
2122 3824 2334 3874 terram
2387 3814 2670 3874 Chenaan
2683 3858 2700 3892 ,
2753 3822 2971 3874 terram
3013 3808 3501 3890 peregrinationis

562 3915 797 3973 eorum,
838 3897 895 3955 δε
935 3897 1045 3957 sub
1085 3894 1261 3956 bonis
1303 3894 1549 3956 terrenis
1590 3894 1912 3973 spiritualia
1950 3898 2007 3955 δι
2047 3906 2288 3955 aeterna
2325 3896 2507 3954 bona.

648 3997 738 4053 13.
818 3977 1079 4053 Populus
1120 3980 1263 4037 vero
1302 3973 1654 4037 Israeliticus
1698 3985 1822 4037 erat
1860 3974 2178 4037 obstrictus
2213 3976 2292 4034 ad
2326 3974 2684 4034 seruandum
2727 3971 2929 4033 omnia
2966 3973 3067 4033 illa
3097 3988 3249 4049 quae
3279 3969 3504 4049 scripta

568 4066 704 4117 sunt
740 4056 801 4115 in
840 4054 997 4117 libro
1039 4057 1126 4115 Le

648 4156 740 4209 14.
820 4133 997 4195 Fines
1035 4074 1235 4196 Ῑιιιὲιιε8
1248 4136 1406 4227 pacti
1446 4136 1641 4214 fuere,
1681 4149 1746 4197 vt
1784 4146 1939 4197 esset
1979 4145 2142 4197 certa
2181 4153 2326 4212 gens
2368 4138 2422 4195 δι
2463 4144 2656 4195 certus
2697 4134 2950 4211 populus
2990 4136 3027 4192 a
3059 4148 3180 4208 quo
3203 4132 3366 4190 Deus
3387 4129 3502 4190 rite

565 4217 861 4276 coleretur
877 4259 894 4293 ,
954 4214 1051 4274 cui
1104 4218 1271 4277 Deus
1320 4215 1623 4295 insigniter
1678 4216 2082 4293 benediceret,
2126 4234 2199 4275 ex
2237 4232 2360 4290 quo
2403 4213 2652 4275 Messias
2691 4212 3018 4304 promissus
3061 4220 3471 4289 expectaretur
3485 4256 3502 4285 ,

567 4304 751 4372 vtque
796 4313 871 4354 ex
906 4304 1074 4371 parte
1114 4296 1173 4355 in
1216 4314 1279 4356 se
1317 4297 1564 4357 haberet
1602 4296 1874 4357 vmbram
1914 4296 2058 4357 noui
2096 4312 2200 4355 seu
2241 4293 2465 4355 aeterni
2501 4292 2791 4373 foederis,
2833 4298 2887 4353 δι
2927 4303 3083 4353 esset
3120 4290 3500 4369 paedagogus

572 4377 651 4438 ad
692 4373 1013 4435 Christum.

3118 4469 3208 4529 15.
3289 4452 3490 4527 Atque
