<?xml version="1.0" encoding="UTF-8"?>
<!DOCTYPE html PUBLIC "-//W3C//DTD XHTML 1.0 Transitional//EN"
    "http://www.w3.org/TR/xhtml1/DTD/xhtml1-transitional.dtd">
<html xmlns="http://www.w3.org/1999/xhtml" xml:lang="en" lang="en">
 <head>
  <title>
</title>
<meta http-equiv="Content-Type" content="text/html;charset=utf-8" />
  <meta name='ocr-system' content='tesseract 3.04.00' />
  <meta name='ocr-capabilities' content='ocr_page ocr_carea ocr_par ocr_line ocrx_word'/>
</head>
<body>
  <div class='ocr_page' id='page_1' title='image "./dfranciscijunii00junigoog_0394.png"; bbox 0 0 3923 4875; ppageno 0'>
   <div class='ocr_carea' id='block_1_1' title="bbox 1230 371 3311 457">
    <p class='ocr_par' dir='ltr' id='par_1_1' title="bbox 1230 371 3311 457">
     <span class='ocr_line' id='line_1_1' title="bbox 1230 371 3311 457; baseline 0.003 -35"><span class='ocrx_word' id='word_1_1' title='bbox 1230 371 1331 424; x_wconf 68' lang='lat' dir='ltr'>br:</span> <span class='ocrx_word' id='word_1_2' title='bbox 1398 379 1817 426; x_wconf 72' lang='grc' dir='ltr'>ΡοιιτιΑε</span> <span class='ocrx_word' id='word_1_3' title='bbox 1878 379 2133 426; x_wconf 68' lang='lat' dir='ltr'>mosis</span> <span class='ocrx_word' id='word_1_4' title='bbox 2195 383 2485 429; x_wconf 68' lang='lat' dir='ltr'>ossea.</span> <span class='ocrx_word' id='word_1_5' title='bbox 3089 371 3311 457; x_wconf 39' lang='grc' dir='ltr'>,Ἂ365</span> 
     </span>
    </p>
   </div>
   <div class='ocr_carea' id='block_1_2' title="bbox 378 545 3372 4523">
    <p class='ocr_par' dir='ltr' id='par_1_2' title="bbox 384 545 3312 1106">
     <span class='ocr_line' id='line_1_2' title="bbox 384 545 3310 626; baseline 0.001 -22"><span class='ocrx_word' id='word_1_6' title='bbox 384 547 547 622; x_wconf 77' lang='lat' dir='ltr'>quod</span> <span class='ocrx_word' id='word_1_7' title='bbox 588 547 689 604; x_wconf 77' lang='lat' dir='ltr'>diu</span> <span class='ocrx_word' id='word_1_8' title='bbox 726 565 969 624; x_wconf 78' lang='lat' dir='ltr'>aequum</span> <span class='ocrx_word' id='word_1_9' title='bbox 1008 549 1193 608; x_wconf 82' lang='lat' dir='ltr'>visum</span> <span class='ocrx_word' id='word_1_10' title='bbox 1234 557 1332 608; x_wconf 82' lang='lat' dir='ltr'>est.</span> <span class='ocrx_word' id='word_1_11' title='bbox 1374 547 1477 608; x_wconf 87' lang='lat' dir='ltr'>Sin</span> <span class='ocrx_word' id='word_1_12' title='bbox 1514 559 1713 608; x_wconf 90' lang='lat' dir='ltr'>autem</span> <span class='ocrx_word' id='word_1_13' title='bbox 1754 546 2110 626; x_wconf 76' lang='lat' dir='ltr'>ignorantia,</span> <span class='ocrx_word' id='word_1_14' title='bbox 2152 564 2252 607; x_wconf 87' lang='lat' dir='ltr'>aut</span> <span class='ocrx_word' id='word_1_15' title='bbox 2295 546 2632 606; x_wconf 82' lang='lat' dir='ltr'>infirmitate</span> <span class='ocrx_word' id='word_1_16' title='bbox 2672 565 2776 606; x_wconf 78' lang='lat' dir='ltr'>sua</span> <span class='ocrx_word' id='word_1_17' title='bbox 2802 589 2819 622; x_wconf 88' lang='lat'>,</span> <span class='ocrx_word' id='word_1_18' title='bbox 2859 559 2960 606; x_wconf 90' lang='lat' dir='ltr'>aut</span> <span class='ocrx_word' id='word_1_19' title='bbox 3001 545 3195 606; x_wconf 89' lang='lat' dir='ltr'>studio</span> <span class='ocrx_word' id='word_1_20' title='bbox 3237 549 3310 606; x_wconf 83' lang='lat' dir='ltr'>eo</span> 
     </span>
     <span class='ocr_line' id='line_1_3' title="bbox 386 625 3312 706; baseline 0 -22"><span class='ocrx_word' id='word_1_21' title='bbox 386 626 693 686; x_wconf 84' lang='lat' dir='ltr'>delabatur</span> <span class='ocrx_word' id='word_1_22' title='bbox 735 627 943 705; x_wconf 89' lang='lat' dir='ltr'>miser,</span> <span class='ocrx_word' id='word_1_23' title='bbox 984 637 1047 687; x_wconf 85' lang='lat' dir='ltr'>vt</span> <span class='ocrx_word' id='word_1_24' title='bbox 1088 627 1506 688; x_wconf 80' lang='lat' dir='ltr'><strong>conscientiam</strong></span> <span class='ocrx_word' id='word_1_25' title='bbox 1545 640 1817 689; x_wconf 82' lang='lat' dir='ltr'>aeternae</span> <span class='ocrx_word' id='word_1_26' title='bbox 1857 627 2001 706; x_wconf 87' lang='lat' dir='ltr'>legis</span> <span class='ocrx_word' id='word_1_27' title='bbox 2038 625 2217 700; x_wconf 86' lang='lat' dir='ltr'>illius,</span> <span class='ocrx_word' id='word_1_28' title='bbox 2255 638 2358 687; x_wconf 90' lang='lat' dir='ltr'>aut</span> <span class='ocrx_word' id='word_1_29' title='bbox 2395 625 2804 704; x_wconf 87' lang='lat' dir='ltr'>cognitionem</span> <span class='ocrx_word' id='word_1_30' title='bbox 2831 644 3038 686; x_wconf 88' lang='lat' dir='ltr'>eorum</span> <span class='ocrx_word' id='word_1_31' title='bbox 3058 627 3312 703; x_wconf 87' lang='lat' dir='ltr'>adquae</span> 
     </span>
     <span class='ocr_line' id='line_1_4' title="bbox 386 705 3312 786; baseline 0 -22"><span class='ocrx_word' id='word_1_32' title='bbox 386 705 703 784; x_wconf 87' lang='lat' dir='ltr'>respiciunt</span> <span class='ocrx_word' id='word_1_33' title='bbox 742 707 932 784; x_wconf 74' lang='lat' dir='ltr'>legeS,</span> <span class='ocrx_word' id='word_1_34' title='bbox 974 705 1166 768; x_wconf 79' lang='lat' dir='ltr'>minus</span> <span class='ocrx_word' id='word_1_35' title='bbox 1206 707 1547 784; x_wconf 87' lang='lat' dir='ltr'>attenderit,</span> <span class='ocrx_word' id='word_1_36' title='bbox 1587 707 1894 786; x_wconf 78' lang='lat' dir='ltr'>minusque</span> <span class='ocrx_word' id='word_1_37' title='bbox 1916 707 2187 768; x_wconf 90' lang='lat' dir='ltr'>tenuerit:</span> <span class='ocrx_word' id='word_1_38' title='bbox 2213 724 2349 767; x_wconf 88' lang='lat' dir='ltr'>eum</span> <span class='ocrx_word' id='word_1_39' title='bbox 2369 707 2730 766; x_wconf 85' lang='lat' dir='ltr'>affirmamus</span> <span class='ocrx_word' id='word_1_40' title='bbox 2757 705 2913 784; x_wconf 88' lang='lat' dir='ltr'>turpi</span> <span class='ocrx_word' id='word_1_41' title='bbox 2937 707 3055 766; x_wconf 91' lang='lat' dir='ltr'>hoc</span> <span class='ocrx_word' id='word_1_42' title='bbox 3076 707 3312 766; x_wconf 84' lang='lat' dir='ltr'>defectu</span> 
     </span>
     <span class='ocr_line' id='line_1_5' title="bbox 386 783 3312 866; baseline 0 -22"><span class='ocrx_word' id='word_1_43' title='bbox 386 787 525 844; x_wconf 74' lang='lat' dir='ltr'>cum</span> <span class='ocrx_word' id='word_1_44' title='bbox 594 783 737 863; x_wconf 90' lang='lat' dir='ltr'>sibi,</span> <span class='ocrx_word' id='word_1_45' title='bbox 798 797 923 846; x_wconf 91' lang='lat' dir='ltr'>tum</span> <span class='ocrx_word' id='word_1_46' title='bbox 982 787 1226 866; x_wconf 89' lang='lat' dir='ltr'>publico</span> <span class='ocrx_word' id='word_1_47' title='bbox 1274 807 1403 848; x_wconf 90' lang='lat' dir='ltr'>esse</span> <span class='ocrx_word' id='word_1_48' title='bbox 1449 787 1751 848; x_wconf 87' lang='lat' dir='ltr'>iniurium:</span> <span class='ocrx_word' id='word_1_49' title='bbox 1814 786 1953 864; x_wconf 90' lang='lat' dir='ltr'>sibi,</span> <span class='ocrx_word' id='word_1_50' title='bbox 1995 786 2134 865; x_wconf 89' lang='lat' dir='ltr'>quia</span> <span class='ocrx_word' id='word_1_51' title='bbox 2177 786 2465 848; x_wconf 89' lang='lat' dir='ltr'>rationem</span> <span class='ocrx_word' id='word_1_52' title='bbox 2506 785 2792 864; x_wconf 90' lang='lat' dir='ltr'>negligit,</span> <span class='ocrx_word' id='word_1_53' title='bbox 2834 803 3016 862; x_wconf 90' lang='lat' dir='ltr'>quam</span> <span class='ocrx_word' id='word_1_54' title='bbox 3057 789 3094 846; x_wconf 78' lang='lat' dir='ltr'>a</span> <span class='ocrx_word' id='word_1_55' title='bbox 3143 785 3312 863; x_wconf 90' lang='lat' dir='ltr'>legis·</span> 
     </span>
     <span class='ocr_line' id='line_1_6' title="bbox 386 863 3310 947; baseline 0 -23"><span class='ocrx_word' id='word_1_56' title='bbox 386 867 575 924; x_wconf 79' lang='lat' dir='ltr'>latore</span> <span class='ocrx_word' id='word_1_57' title='bbox 608 867 665 927; x_wconf 73' lang='grc' dir='ltr'>δι</span> <span class='ocrx_word' id='word_1_58' title='bbox 705 864 971 945; x_wconf 85' lang='lat' dir='ltr'>principe</span> <span class='ocrx_word' id='word_1_59' title='bbox 1010 885 1251 928; x_wconf 88' lang='lat' dir='ltr'>necesse</span> <span class='ocrx_word' id='word_1_60' title='bbox 1291 881 1379 928; x_wconf 89' lang='lat' dir='ltr'>est</span> <span class='ocrx_word' id='word_1_61' title='bbox 1419 887 1492 929; x_wconf 89' lang='lat' dir='ltr'>eo</span> <span class='ocrx_word' id='word_1_62' title='bbox 1531 869 1783 947; x_wconf 75' lang='lat' dir='ltr'>amplius</span> <span class='ocrx_word' id='word_1_63' title='bbox 1823 867 2014 928; x_wconf 88' lang='lat' dir='ltr'>curari</span> <span class='ocrx_word' id='word_1_64' title='bbox 2053 867 2107 926; x_wconf 72' lang='grc' dir='ltr'>δι</span> <span class='ocrx_word' id='word_1_65' title='bbox 2147 866 2296 942; x_wconf 89' lang='lat' dir='ltr'>coli,</span> <span class='ocrx_word' id='word_1_66' title='bbox 2345 883 2469 944; x_wconf 92' lang='lat' dir='ltr'>quo</span> <span class='ocrx_word' id='word_1_67' title='bbox 2511 868 2642 944; x_wconf 84' lang='lat' dir='ltr'>plus</span> <span class='ocrx_word' id='word_1_68' title='bbox 2683 863 3056 927; x_wconf 85' lang='lat' dir='ltr'>auctoritatis</span> <span class='ocrx_word' id='word_1_69' title='bbox 3090 867 3310 942; x_wconf 76' lang='lat' dir='ltr'>habet:</span> 
     </span>
     <span class='ocr_line' id='line_1_7' title="bbox 387 943 3312 1026; baseline 0 -23"><span class='ocrx_word' id='word_1_70' title='bbox 387 943 631 1022; x_wconf 89' lang='lat' dir='ltr'>publico</span> <span class='ocrx_word' id='word_1_71' title='bbox 683 955 915 1026; x_wconf 90' lang='lat' dir='ltr'>autem,</span> <span class='ocrx_word' id='word_1_72' title='bbox 976 947 1117 1024; x_wconf 84' lang='lat' dir='ltr'>quia</span> <span class='ocrx_word' id='word_1_73' title='bbox 1155 966 1331 1008; x_wconf 88' lang='lat' dir='ltr'>causa</span> <span class='ocrx_word' id='word_1_74' title='bbox 1373 946 1597 1026; x_wconf 86' lang='lat' dir='ltr'>publici</span> <span class='ocrx_word' id='word_1_75' title='bbox 1635 951 1691 1010; x_wconf 75' lang='grc' dir='ltr'>δι</span> <span class='ocrx_word' id='word_1_76' title='bbox 1728 948 1808 1008; x_wconf 83' lang='lat' dir='ltr'>ad</span> <span class='ocrx_word' id='word_1_77' title='bbox 1848 949 2078 1009; x_wconf 90' lang='lat' dir='ltr'>bonum</span> <span class='ocrx_word' id='word_1_78' title='bbox 2117 946 2422 1026; x_wconf 89' lang='lat' dir='ltr'>publicum</span> <span class='ocrx_word' id='word_1_79' title='bbox 2461 946 2687 1008; x_wconf 89' lang='lat' dir='ltr'>ratione</span> <span class='ocrx_word' id='word_1_80' title='bbox 2727 947 2782 1008; x_wconf 77' lang='grc' dir='ltr'>δι</span> <span class='ocrx_word' id='word_1_81' title='bbox 2823 945 3174 1006; x_wconf 87' lang='lat' dir='ltr'>auctoritate</span> <span class='ocrx_word' id='word_1_82' title='bbox 3210 945 3312 1005; x_wconf 86' lang='lat' dir='ltr'>illa</span> 
     </span>
     <span class='ocr_line' id='line_1_8' title="bbox 390 1025 2532 1106; baseline 0.002 -23"><span class='ocrx_word' id='word_1_83' title='bbox 390 1041 497 1084; x_wconf 90' lang='lat' dir='ltr'>sua</span> <span class='ocrx_word' id='word_1_84' title='bbox 535 1025 853 1086; x_wconf 88' lang='lat' dir='ltr'>instructus</span> <span class='ocrx_word' id='word_1_85' title='bbox 891 1039 1009 1104; x_wconf 88' lang='lat' dir='ltr'>est,</span> <span class='ocrx_word' id='word_1_86' title='bbox 1050 1046 1169 1105; x_wconf 88' lang='lat' dir='ltr'>qua</span> <span class='ocrx_word' id='word_1_87' title='bbox 1206 1027 1269 1088; x_wconf 92' lang='lat' dir='ltr'>in</span> <span class='ocrx_word' id='word_1_88' title='bbox 1310 1027 1667 1090; x_wconf 86' lang='lat' dir='ltr'>contrarium</span> <span class='ocrx_word' id='word_1_89' title='bbox 1706 1027 1875 1089; x_wconf 86' lang='lat' dir='ltr'>abuti</span> <span class='ocrx_word' id='word_1_90' title='bbox 1913 1037 2004 1089; x_wconf 90' lang='lat' dir='ltr'>est</span> <span class='ocrx_word' id='word_1_91' title='bbox 2043 1025 2532 1106; x_wconf 87' lang='lat' dir='ltr'>indignissimum.</span> 
     </span>
    </p>

    <p class='ocr_par' dir='ltr' id='par_1_3' title="bbox 378 1103 3372 2941">
     <span class='ocr_line' id='line_1_9' title="bbox 470 1103 3311 1185; baseline 0 -19"><span class='ocrx_word' id='word_1_92' title='bbox 470 1103 588 1166; x_wconf 88' lang='lat' dir='ltr'>Sed</span> <span class='ocrx_word' id='word_1_93' title='bbox 628 1104 791 1183; x_wconf 84' lang='lat' dir='ltr'>quid·</span> <span class='ocrx_word' id='word_1_94' title='bbox 826 1105 875 1166; x_wconf 87' lang='lat' dir='ltr'>si</span> <span class='ocrx_word' id='word_1_95' title='bbox 914 1107 1107 1185; x_wconf 89' lang='lat' dir='ltr'>legem</span> <span class='ocrx_word' id='word_1_96' title='bbox 1150 1109 1371 1169; x_wconf 88' lang='lat' dir='ltr'>bonam</span> <span class='ocrx_word' id='word_1_97' title='bbox 1412 1119 1739 1169; x_wconf 89' lang='lat' dir='ltr'>commutet</span> <span class='ocrx_word' id='word_1_98' title='bbox 1778 1109 1959 1169; x_wconf 88' lang='lat' dir='ltr'>altera</span> <span class='ocrx_word' id='word_1_99' title='bbox 1999 1117 2120 1168; x_wconf 89' lang='lat' dir='ltr'>tam</span> <span class='ocrx_word' id='word_1_100' title='bbox 2160 1104 2352 1169; x_wconf 84' lang='lat' dir='ltr'>bona?</span> <span class='ocrx_word' id='word_1_101' title='bbox 2391 1107 2510 1167; x_wconf 90' lang='lat' dir='ltr'>hoc</span> <span class='ocrx_word' id='word_1_102' title='bbox 2549 1105 2708 1167; x_wconf 90' lang='lat' dir='ltr'>enim</span> <span class='ocrx_word' id='word_1_103' title='bbox 2749 1103 3074 1184; x_wconf 90' lang='lat' dir='ltr'>aliquando</span> <span class='ocrx_word' id='word_1_104' title='bbox 3115 1115 3311 1184; x_wconf 87' lang='lat' dir='ltr'>potest</span> 
     </span>
     <span class='ocr_line' id='line_1_10' title="bbox 388 1183 3306 1268; baseline 0 -24"><span class='ocrx_word' id='word_1_105' title='bbox 388 1184 769 1264; x_wconf 87' lang='lat' dir='ltr'>contingere,</span> <span class='ocrx_word' id='word_1_106' title='bbox 820 1195 884 1246; x_wconf 83' lang='lat' dir='ltr'>vt</span> <span class='ocrx_word' id='word_1_107' title='bbox 934 1187 1211 1265; x_wconf 84' lang='lat' dir='ltr'>(exempli</span> <span class='ocrx_word' id='word_1_108' title='bbox 1264 1189 1469 1268; x_wconf 89' lang='lat' dir='ltr'>causa)</span> <span class='ocrx_word' id='word_1_109' title='bbox 1507 1187 1555 1248; x_wconf 90' lang='lat' dir='ltr'>si</span> <span class='ocrx_word' id='word_1_110' title='bbox 1596 1205 1777 1267; x_wconf 88' lang='lat' dir='ltr'>quem</span> <span class='ocrx_word' id='word_1_111' title='bbox 1818 1198 2051 1249; x_wconf 88' lang='lat' dir='ltr'>sontem</span> <span class='ocrx_word' id='word_1_112' title='bbox 2089 1205 2268 1266; x_wconf 91' lang='lat' dir='ltr'>quem</span> <span class='ocrx_word' id='word_1_113' title='bbox 2309 1189 2404 1246; x_wconf 82' lang='lat' dir='ltr'>lex</span> <span class='ocrx_word' id='word_1_114' title='bbox 2442 1185 2644 1264; x_wconf 87' lang='lat' dir='ltr'>gladio</span> <span class='ocrx_word' id='word_1_115' title='bbox 2685 1185 3026 1263; x_wconf 79' lang='lat' dir='ltr'>addixerat,</span> <span class='ocrx_word' id='word_1_116' title='bbox 3066 1183 3306 1246; x_wconf 87' lang='lat' dir='ltr'>addicat</span> 
     </span>
     <span class='ocr_line' id='line_1_11' title="bbox 389 1261 3308 1347; baseline -0 -23"><span class='ocrx_word' id='word_1_117' title='bbox 389 1265 633 1341; x_wconf 86' lang='lat' dir='ltr'>laqueo:</span> <span class='ocrx_word' id='word_1_118' title='bbox 676 1273 877 1326; x_wconf 85' lang='lat' dir='ltr'>nonne</span> <span class='ocrx_word' id='word_1_119' title='bbox 916 1268 1065 1328; x_wconf 88' lang='lat' dir='ltr'>haec</span> <span class='ocrx_word' id='word_1_120' title='bbox 1105 1284 1346 1346; x_wconf 90' lang='lat' dir='ltr'>quoque</span> <span class='ocrx_word' id='word_1_121' title='bbox 1380 1267 1659 1346; x_wconf 78' lang='lat' dir='ltr'>mutatiO,</span> <span class='ocrx_word' id='word_1_122' title='bbox 1693 1267 1906 1329; x_wconf 85' lang='lat' dir='ltr'>dixerit</span> <span class='ocrx_word' id='word_1_123' title='bbox 1938 1267 2260 1347; x_wconf 79' lang='lat' dir='ltr'>quispiam,</span> <span class='ocrx_word' id='word_1_124' title='bbox 2293 1277 2492 1346; x_wconf 88' lang='lat' dir='ltr'>potest</span> <span class='ocrx_word' id='word_1_125' title='bbox 2512 1261 2895 1344; x_wconf 83' lang='lat' dir='ltr'>contingere?</span> <span class='ocrx_word' id='word_1_126' title='bbox 2917 1263 2966 1325; x_wconf 91' lang='lat' dir='ltr'>si</span> <span class='ocrx_word' id='word_1_127' title='bbox 2986 1262 3308 1342; x_wconf 86' lang='lat' dir='ltr'>contingit,</span> 
     </span>
     <span class='ocr_line' id='line_1_12' title="bbox 388 1343 3308 1424; baseline 0 -21"><span class='ocrx_word' id='word_1_128' title='bbox 388 1352 589 1404; x_wconf 82' lang='lat' dir='ltr'>nonne</span> <span class='ocrx_word' id='word_1_129' title='bbox 639 1345 786 1405; x_wconf 85' lang='lat' dir='ltr'>falsa</span> <span class='ocrx_word' id='word_1_130' title='bbox 836 1347 1193 1409; x_wconf 84' lang='lat' dir='ltr'>antecedens</span> <span class='ocrx_word' id='word_1_131' title='bbox 1234 1347 1333 1409; x_wconf 91' lang='lat' dir='ltr'>illa</span> <span class='ocrx_word' id='word_1_132' title='bbox 1372 1348 1705 1410; x_wconf 88' lang='lat' dir='ltr'>distributio</span> <span class='ocrx_word' id='word_1_133' title='bbox 1745 1350 1940 1408; x_wconf 86' lang='lat' dir='ltr'>futura</span> <span class='ocrx_word' id='word_1_134' title='bbox 1981 1358 2100 1424; x_wconf 89' lang='lat' dir='ltr'>est,</span> <span class='ocrx_word' id='word_1_135' title='bbox 2138 1359 2240 1408; x_wconf 89' lang='lat' dir='ltr'>aut</span> <span class='ocrx_word' id='word_1_136' title='bbox 2277 1346 2338 1408; x_wconf 91' lang='lat' dir='ltr'>in</span> <span class='ocrx_word' id='word_1_137' title='bbox 2379 1345 2587 1408; x_wconf 89' lang='lat' dir='ltr'>melius</span> <span class='ocrx_word' id='word_1_138' title='bbox 2627 1347 2856 1424; x_wconf 78' lang='lat' dir='ltr'>solum,</span> <span class='ocrx_word' id='word_1_139' title='bbox 2897 1357 2998 1406; x_wconf 90' lang='lat' dir='ltr'>aut</span> <span class='ocrx_word' id='word_1_140' title='bbox 3040 1343 3100 1404; x_wconf 92' lang='lat' dir='ltr'>in</span> <span class='ocrx_word' id='word_1_141' title='bbox 3143 1345 3308 1422; x_wconf 88' lang='lat' dir='ltr'>peius</span> 
     </span>
     <span class='ocr_line' id='line_1_13' title="bbox 390 1423 3312 1508; baseline -0 -24"><span class='ocrx_word' id='word_1_142' title='bbox 390 1423 746 1486; x_wconf 87' lang='lat' dir='ltr'>mutationes</span> <span class='ocrx_word' id='word_1_143' title='bbox 785 1426 983 1504; x_wconf 88' lang='lat' dir='ltr'>legum</span> <span class='ocrx_word' id='word_1_144' title='bbox 1026 1423 1306 1490; x_wconf 82' lang='lat' dir='ltr'>existere?</span> <span class='ocrx_word' id='word_1_145' title='bbox 1346 1431 1629 1508; x_wconf 80' lang='lat' dir='ltr'>Agnosco</span> <span class='ocrx_word' id='word_1_146' title='bbox 1670 1427 1731 1488; x_wconf 93' lang='lat' dir='ltr'>id</span> <span class='ocrx_word' id='word_1_147' title='bbox 1771 1427 2045 1506; x_wconf 90' lang='lat' dir='ltr'>quidem,</span> <span class='ocrx_word' id='word_1_148' title='bbox 2086 1427 2209 1488; x_wconf 86' lang='lat' dir='ltr'>fieri</span> <span class='ocrx_word' id='word_1_149' title='bbox 2247 1442 2676 1504; x_wconf 86' lang='lat' dir='ltr'>nonnunquam</span> <span class='ocrx_word' id='word_1_150' title='bbox 2711 1443 2886 1503; x_wconf 88' lang='lat' dir='ltr'>posse</span> <span class='ocrx_word' id='word_1_151' title='bbox 2923 1437 2983 1484; x_wconf 88' lang='lat' dir='ltr'>vt</span> <span class='ocrx_word' id='word_1_152' title='bbox 3004 1426 3098 1485; x_wconf 80' lang='lat' dir='ltr'>lex</span> <span class='ocrx_word' id='word_1_153' title='bbox 3117 1442 3312 1501; x_wconf 88' lang='lat' dir='ltr'>aequa</span> 
     </span>
     <span class='ocr_line' id='line_1_14' title="bbox 388 1503 3310 1587; baseline 0.001 -25"><span class='ocrx_word' id='word_1_154' title='bbox 388 1503 673 1564; x_wconf 85' lang='lat' dir='ltr'>succedat</span> <span class='ocrx_word' id='word_1_155' title='bbox 711 1522 967 1582; x_wconf 87' lang='lat' dir='ltr'>aequae,</span> <span class='ocrx_word' id='word_1_156' title='bbox 1008 1509 1064 1567; x_wconf 73' lang='grc' dir='ltr'>δι</span> <span class='ocrx_word' id='word_1_157' title='bbox 1104 1507 1227 1567; x_wconf 88' lang='lat' dir='ltr'>fieri</span> <span class='ocrx_word' id='word_1_158' title='bbox 1268 1527 1443 1587; x_wconf 89' lang='lat' dir='ltr'>posse</span> <span class='ocrx_word' id='word_1_159' title='bbox 1484 1518 1547 1568; x_wconf 88' lang='lat' dir='ltr'>vt</span> <span class='ocrx_word' id='word_1_160' title='bbox 1588 1526 1706 1568; x_wconf 86' lang='lat' dir='ltr'>vna</span> <span class='ocrx_word' id='word_1_161' title='bbox 1745 1511 2038 1586; x_wconf 80' lang='lat' dir='ltr'>peraeque</span> <span class='ocrx_word' id='word_1_162' title='bbox 2076 1527 2150 1568; x_wconf 88' lang='lat' dir='ltr'>ac</span> <span class='ocrx_word' id='word_1_163' title='bbox 2187 1507 2372 1568; x_wconf 88' lang='lat' dir='ltr'>altera</span> <span class='ocrx_word' id='word_1_164' title='bbox 2415 1507 2629 1566; x_wconf 89' lang='lat' dir='ltr'>nitatur</span> <span class='ocrx_word' id='word_1_165' title='bbox 2657 1504 2949 1584; x_wconf 88' lang='lat' dir='ltr'>aequitate</span> <span class='ocrx_word' id='word_1_166' title='bbox 2983 1505 3162 1566; x_wconf 87' lang='lat' dir='ltr'>iusta:</span> <span class='ocrx_word' id='word_1_167' title='bbox 3199 1505 3310 1565; x_wconf 91' lang='lat' dir='ltr'>sed</span> 
     </span>
     <span class='ocr_line' id='line_1_15' title="bbox 392 1585 3312 1666; baseline 0.001 -24"><span class='ocrx_word' id='word_1_168' title='bbox 392 1595 589 1643; x_wconf 87' lang='lat' dir='ltr'>tamen</span> <span class='ocrx_word' id='word_1_169' title='bbox 632 1603 755 1644; x_wconf 89' lang='lat' dir='ltr'>non</span> <span class='ocrx_word' id='word_1_170' title='bbox 796 1585 1089 1666; x_wconf 90' lang='lat' dir='ltr'>sequitur,</span> <span class='ocrx_word' id='word_1_171' title='bbox 1130 1587 1179 1647; x_wconf 90' lang='lat' dir='ltr'>si</span> <span class='ocrx_word' id='word_1_172' title='bbox 1220 1590 1382 1649; x_wconf 88' lang='lat' dir='ltr'>nulla</span> <span class='ocrx_word' id='word_1_173' title='bbox 1422 1587 1667 1650; x_wconf 83' lang='lat' dir='ltr'>euidens</span> <span class='ocrx_word' id='word_1_174' title='bbox 1702 1600 1791 1649; x_wconf 90' lang='lat' dir='ltr'>est</span> <span class='ocrx_word' id='word_1_175' title='bbox 1832 1587 2048 1648; x_wconf 88' lang='lat' dir='ltr'>vtilitas</span> <span class='ocrx_word' id='word_1_176' title='bbox 2087 1598 2330 1666; x_wconf 87' lang='lat' dir='ltr'>propter</span> <span class='ocrx_word' id='word_1_177' title='bbox 2368 1603 2548 1664; x_wconf 89' lang='lat' dir='ltr'>quam</span> <span class='ocrx_word' id='word_1_178' title='bbox 2589 1585 2899 1646; x_wconf 88' lang='lat' dir='ltr'>recedatur</span> <span class='ocrx_word' id='word_1_179' title='bbox 2932 1589 2970 1644; x_wconf 78' lang='lat' dir='ltr'>a</span> <span class='ocrx_word' id='word_1_180' title='bbox 2992 1595 3234 1662; x_wconf 90' lang='lat' dir='ltr'>recepto</span> <span class='ocrx_word' id='word_1_181' title='bbox 3256 1585 3312 1644; x_wconf 72' lang='grc' dir='ltr'>δε</span> 
     </span>
     <span class='ocr_line' id='line_1_16' title="bbox 391 1663 3312 1746; baseline 0.001 -24"><span class='ocrx_word' id='word_1_182' title='bbox 391 1675 681 1724; x_wconf 87' lang='lat' dir='ltr'>consueto</span> <span class='ocrx_word' id='word_1_183' title='bbox 733 1663 889 1725; x_wconf 87' lang='lat' dir='ltr'>iure:</span> <span class='ocrx_word' id='word_1_184' title='bbox 943 1685 1065 1726; x_wconf 88' lang='lat' dir='ltr'>non</span> <span class='ocrx_word' id='word_1_185' title='bbox 1120 1666 1415 1746; x_wconf 88' lang='lat' dir='ltr'>sequitur,</span> <span class='ocrx_word' id='word_1_186' title='bbox 1470 1667 1747 1746; x_wconf 88' lang='lat' dir='ltr'>inquam,</span> <span class='ocrx_word' id='word_1_187' title='bbox 1800 1669 1995 1746; x_wconf 89' lang='lat' dir='ltr'>legem</span> <span class='ocrx_word' id='word_1_188' title='bbox 2034 1666 2342 1746; x_wconf 86' lang='lat' dir='ltr'>pristinam</span> <span class='ocrx_word' id='word_1_189' title='bbox 2381 1683 2519 1726; x_wconf 91' lang='lat' dir='ltr'>cum</span> <span class='ocrx_word' id='word_1_190' title='bbox 2564 1665 2791 1725; x_wconf 91' lang='lat' dir='ltr'>ratione</span> <span class='ocrx_word' id='word_1_191' title='bbox 2832 1675 3122 1726; x_wconf 88' lang='lat' dir='ltr'>mutatam</span> <span class='ocrx_word' id='word_1_192' title='bbox 3164 1683 3312 1724; x_wconf 88' lang='lat' dir='ltr'>esse.</span> 
     </span>
     <span class='ocr_line' id='line_1_17' title="bbox 392 1743 3312 1826; baseline 0.001 -24"><span class='ocrx_word' id='word_1_193' title='bbox 392 1743 547 1802; x_wconf 86' lang='lat' dir='ltr'>Nam</span> <span class='ocrx_word' id='word_1_194' title='bbox 588 1754 651 1804; x_wconf 78' lang='lat' dir='ltr'>vt</span> <span class='ocrx_word' id='word_1_195' title='bbox 690 1744 901 1806; x_wconf 90' lang='lat' dir='ltr'>demus</span> <span class='ocrx_word' id='word_1_196' title='bbox 938 1747 1133 1825; x_wconf 88' lang='lat' dir='ltr'>legem</span> <span class='ocrx_word' id='word_1_197' title='bbox 1172 1749 1327 1808; x_wconf 88' lang='lat' dir='ltr'>hanc</span> <span class='ocrx_word' id='word_1_198' title='bbox 1368 1765 1508 1809; x_wconf 91' lang='lat' dir='ltr'>cum</span> <span class='ocrx_word' id='word_1_199' title='bbox 1547 1749 1646 1810; x_wconf 88' lang='lat' dir='ltr'>illa</span> <span class='ocrx_word' id='word_1_200' title='bbox 1682 1747 1745 1807; x_wconf 92' lang='lat' dir='ltr'>in</span> <span class='ocrx_word' id='word_1_201' title='bbox 1784 1767 1847 1808; x_wconf 88' lang='lat' dir='ltr'>se</span> <span class='ocrx_word' id='word_1_202' title='bbox 1886 1765 2084 1824; x_wconf 91' lang='lat' dir='ltr'>aequo</span> <span class='ocrx_word' id='word_1_203' title='bbox 2124 1748 2247 1808; x_wconf 90' lang='lat' dir='ltr'>iure</span> <span class='ocrx_word' id='word_1_204' title='bbox 2288 1765 2448 1826; x_wconf 83' lang='lat' dir='ltr'>esse3</span> <span class='ocrx_word' id='word_1_205' title='bbox 2491 1744 2549 1804; x_wconf 91' lang='lat' dir='ltr'>in</span> <span class='ocrx_word' id='word_1_206' title='bbox 2591 1744 2834 1824; x_wconf 89' lang='lat' dir='ltr'>publico</span> <span class='ocrx_word' id='word_1_207' title='bbox 2876 1755 3115 1821; x_wconf 85' lang='lat' dir='ltr'>tamen,</span> <span class='ocrx_word' id='word_1_208' title='bbox 3146 1743 3312 1804; x_wconf 88' lang='lat' dir='ltr'>cuius</span> 
     </span>
     <span class='ocr_line' id='line_1_18' title="bbox 378 1823 3314 1907; baseline 0.001 -25"><span class='ocrx_word' id='word_1_209' title='bbox 378 1840 571 1899; x_wconf 48' lang='lat' dir='ltr'>,causa</span> <span class='ocrx_word' id='word_1_210' title='bbox 608 1824 873 1884; x_wconf 81' lang='lat' dir='ltr'>seruntur</span> <span class='ocrx_word' id='word_1_211' title='bbox 910 1827 1097 1904; x_wconf 87' lang='lat' dir='ltr'>leges,</span> <span class='ocrx_word' id='word_1_212' title='bbox 1138 1845 1262 1888; x_wconf 90' lang='lat' dir='ltr'>non</span> <span class='ocrx_word' id='word_1_213' title='bbox 1303 1839 1499 1907; x_wconf 90' lang='lat' dir='ltr'>potest</span> <span class='ocrx_word' id='word_1_214' title='bbox 1536 1829 1749 1889; x_wconf 88' lang='lat' dir='ltr'>eadem</span> <span class='ocrx_word' id='word_1_215' title='bbox 1789 1845 1916 1890; x_wconf 67' lang='lat' dir='ltr'>esse</span> <span class='ocrx_word' id='word_1_216' title='bbox 1957 1826 2109 1887; x_wconf 89' lang='lat' dir='ltr'>ratio</span> <span class='ocrx_word' id='word_1_217' title='bbox 2150 1825 2450 1904; x_wconf 76' lang='lat' dir='ltr'>vtritisque</span> <span class='ocrx_word' id='word_1_218' title='bbox 2488 1824 2640 1886; x_wconf 88' lang='lat' dir='ltr'>illius</span> <span class='ocrx_word' id='word_1_219' title='bbox 2678 1825 2848 1904; x_wconf 87' lang='lat' dir='ltr'>legis:</span> <span class='ocrx_word' id='word_1_220' title='bbox 2891 1823 3032 1902; x_wconf 88' lang='lat' dir='ltr'>quia</span> <span class='ocrx_word' id='word_1_221' title='bbox 3066 1823 3314 1884; x_wconf 88' lang='lat' dir='ltr'>mutatio</span> 
     </span>
     <span class='ocr_line' id='line_1_19' title="bbox 394 1901 3313 2000; baseline 0 -38"><span class='ocrx_word' id='word_1_222' title='bbox 394 1901 769 1979; x_wconf 88' lang='lat' dir='ltr'>huiusmodi,</span> <span class='ocrx_word' id='word_1_223' title='bbox 826 1905 1198 2000; x_wconf 82' lang='lat' dir='ltr'>temeritatis²</span> <span class='ocrx_word' id='word_1_224' title='bbox 1249 1927 1321 1968; x_wconf 92' lang='lat' dir='ltr'>ac</span> <span class='ocrx_word' id='word_1_225' title='bbox 1362 1926 1485 1969; x_wconf 88' lang='lat' dir='ltr'>non</span> <span class='ocrx_word' id='word_1_226' title='bbox 1528 1906 1837 1986; x_wconf 85' lang='lat' dir='ltr'>aequitatis</span> <span class='ocrx_word' id='word_1_227' title='bbox 1877 1917 1967 1968; x_wconf 92' lang='lat' dir='ltr'>est</span> <span class='ocrx_word' id='word_1_228' title='bbox 1981 1952 2000 1986; x_wconf 87' lang='lat'>,</span> <span class='ocrx_word' id='word_1_229' title='bbox 2041 1906 2088 1967; x_wconf 90' lang='lat' dir='ltr'>si</span> <span class='ocrx_word' id='word_1_230' title='bbox 2129 1925 2252 1969; x_wconf 89' lang='lat' dir='ltr'>non</span> <span class='ocrx_word' id='word_1_231' title='bbox 2294 1917 2452 1967; x_wconf 84' lang='lat' dir='ltr'>extat</span> <span class='ocrx_word' id='word_1_232' title='bbox 2491 1904 2736 1967; x_wconf 88' lang='lat' dir='ltr'>euidens</span> <span class='ocrx_word' id='word_1_233' title='bbox 2778 1903 2990 1966; x_wconf 83' lang='lat' dir='ltr'>vtilitas</span> <span class='ocrx_word' id='word_1_234' title='bbox 3032 1923 3140 1981; x_wconf 89' lang='lat' dir='ltr'>per</span> <span class='ocrx_word' id='word_1_235' title='bbox 3179 1922 3313 1963; x_wconf 91' lang='lat' dir='ltr'>eam</span> 
     </span>
     <span class='ocr_line' id='line_1_20' title="bbox 392 1982 3318 2067; baseline 0 -26"><span class='ocrx_word' id='word_1_236' title='bbox 392 1982 635 2060; x_wconf 88' lang='lat' dir='ltr'>publico</span> <span class='ocrx_word' id='word_1_237' title='bbox 691 2002 1026 2046; x_wconf 85' lang='lat' dir='ltr'>accessura:</span> <span class='ocrx_word' id='word_1_238' title='bbox 1083 1986 1319 2048; x_wconf 80' lang='lat' dir='ltr'>Deinde</span> <span class='ocrx_word' id='word_1_239' title='bbox 1371 1990 1563 2066; x_wconf 89' lang='lat' dir='ltr'>(quod</span> <span class='ocrx_word' id='word_1_240' title='bbox 1615 1986 1723 2049; x_wconf 82' lang='lat' dir='ltr'>rei·</span> <span class='ocrx_word' id='word_1_241' title='bbox 1750 1999 1931 2067; x_wconf 88' lang='lat' dir='ltr'>caput</span> <span class='ocrx_word' id='word_1_242' title='bbox 1978 1990 2090 2063; x_wconf 89' lang='lat' dir='ltr'>est)</span> <span class='ocrx_word' id='word_1_243' title='bbox 2142 1987 2388 2047; x_wconf 91' lang='lat' dir='ltr'>mutatio</span> <span class='ocrx_word' id='word_1_244' title='bbox 2442 1986 2551 2047; x_wconf 86' lang='lat' dir='ltr'>ista</span> <span class='ocrx_word' id='word_1_245' title='bbox 2592 2003 2712 2046; x_wconf 90' lang='lat' dir='ltr'>non</span> <span class='ocrx_word' id='word_1_246' title='bbox 2759 1984 2950 2064; x_wconf 88' lang='lat' dir='ltr'>iuuat,</span> <span class='ocrx_word' id='word_1_247' title='bbox 2991 1984 3097 2043; x_wconf 89' lang='lat' dir='ltr'>sed</span> <span class='ocrx_word' id='word_1_248' title='bbox 3137 1993 3318 2044; x_wconf 90' lang='lat' dir='ltr'>nocet</span> 
     </span>
     <span class='ocr_line' id='line_1_21' title="bbox 395 2062 3316 2160; baseline 0 -38"><span class='ocrx_word' id='word_1_249' title='bbox 395 2062 671 2154; x_wconf 78' lang='lat' dir='ltr'>publico:</span> <span class='ocrx_word' id='word_1_250' title='bbox 722 2062 863 2141; x_wconf 88' lang='lat' dir='ltr'>quia</span> <span class='ocrx_word' id='word_1_251' title='bbox 913 2065 1337 2128; x_wconf 85' lang='lat' dir='ltr'>mutationibus</span> <span class='ocrx_word' id='word_1_252' title='bbox 1388 2068 1669 2129; x_wconf 90' lang='lat' dir='ltr'>minuitur</span> <span class='ocrx_word' id='word_1_253' title='bbox 1715 2071 1914 2160; x_wconf 78' lang='lat' dir='ltr'>legum</span> <span class='ocrx_word' id='word_1_254' title='bbox 1960 2066 2311 2146; x_wconf 81' lang='lat' dir='ltr'>auctoritas,</span> <span class='ocrx_word' id='word_1_255' title='bbox 2364 2083 2517 2144; x_wconf 85' lang='lat' dir='ltr'>quae</span> <span class='ocrx_word' id='word_1_256' title='bbox 2566 2081 2870 2143; x_wconf 88' lang='lat' dir='ltr'>nunquam</span> <span class='ocrx_word' id='word_1_257' title='bbox 2917 2062 3031 2124; x_wconf 90' lang='lat' dir='ltr'>nisi</span> <span class='ocrx_word' id='word_1_258' title='bbox 3073 2074 3316 2142; x_wconf 89' lang='lat' dir='ltr'>propter</span> 
     </span>
     <span class='ocr_line' id='line_1_22' title="bbox 394 2143 3318 2222; baseline 0.001 -21"><span class='ocrx_word' id='word_1_259' title='bbox 394 2160 682 2203; x_wconf 80' lang='lat' dir='ltr'>maiorem</span> <span class='ocrx_word' id='word_1_260' title='bbox 730 2143 1041 2206; x_wconf 85' lang='lat' dir='ltr'>vtilitatem</span> <span class='ocrx_word' id='word_1_261' title='bbox 1096 2165 1475 2208; x_wconf 90' lang='lat' dir='ltr'>communem</span> <span class='ocrx_word' id='word_1_262' title='bbox 1535 2149 1793 2209; x_wconf 78' lang='lat' dir='ltr'>conuelli</span> <span class='ocrx_word' id='word_1_263' title='bbox 1846 2156 1947 2208; x_wconf 89' lang='lat' dir='ltr'>aut</span> <span class='ocrx_word' id='word_1_264' title='bbox 1987 2145 2356 2207; x_wconf 90' lang='lat' dir='ltr'>commoueri</span> <span class='ocrx_word' id='word_1_265' title='bbox 2396 2146 2594 2207; x_wconf 87' lang='lat' dir='ltr'>debet.</span> <span class='ocrx_word' id='word_1_266' title='bbox 2656 2143 2775 2220; x_wconf 90' lang='lat' dir='ltr'>Qui</span> <span class='ocrx_word' id='word_1_267' title='bbox 2817 2163 2961 2222; x_wconf 87' lang='lat' dir='ltr'>ergo</span> <span class='ocrx_word' id='word_1_268' title='bbox 3003 2143 3087 2204; x_wconf 90' lang='lat' dir='ltr'>sic</span> <span class='ocrx_word' id='word_1_269' title='bbox 3129 2155 3318 2204; x_wconf 89' lang='lat' dir='ltr'>mutat</span> 
     </span>
     <span class='ocr_line' id='line_1_23' title="bbox 392 2223 3316 2306; baseline 0.001 -26"><span class='ocrx_word' id='word_1_270' title='bbox 392 2223 618 2300; x_wconf 84' lang='lat' dir='ltr'>legem,</span> <span class='ocrx_word' id='word_1_271' title='bbox 658 2233 722 2282; x_wconf 87' lang='lat' dir='ltr'>vt</span> <span class='ocrx_word' id='word_1_272' title='bbox 764 2241 988 2301; x_wconf 83' lang='lat' dir='ltr'>aequae</span> <span class='ocrx_word' id='word_1_273' title='bbox 1034 2225 1132 2287; x_wconf 86' lang='lat' dir='ltr'>vni</span> <span class='ocrx_word' id='word_1_274' title='bbox 1172 2227 1489 2288; x_wconf 88' lang='lat' dir='ltr'>substituat</span> <span class='ocrx_word' id='word_1_275' title='bbox 1527 2239 1649 2289; x_wconf 89' lang='lat' dir='ltr'>tam</span> <span class='ocrx_word' id='word_1_276' title='bbox 1690 2245 1941 2306; x_wconf 88' lang='lat' dir='ltr'>aequam</span> <span class='ocrx_word' id='word_1_277' title='bbox 1983 2229 2258 2288; x_wconf 90' lang='lat' dir='ltr'>alteram:</span> <span class='ocrx_word' id='word_1_278' title='bbox 2301 2225 2414 2287; x_wconf 86' lang='lat' dir='ltr'>nisi</span> <span class='ocrx_word' id='word_1_279' title='bbox 2456 2225 2699 2287; x_wconf 91' lang='lat' dir='ltr'>vtilitate</span> <span class='ocrx_word' id='word_1_280' title='bbox 2740 2225 2980 2303; x_wconf 89' lang='lat' dir='ltr'>publica</span> <span class='ocrx_word' id='word_1_281' title='bbox 2998 2226 3054 2284; x_wconf 78' lang='grc' dir='ltr'>δι</span> <span class='ocrx_word' id='word_1_282' title='bbox 3074 2223 3316 2301; x_wconf 90' lang='lat' dir='ltr'>quidem</span> 
     </span>
     <span class='ocr_line' id='line_1_24' title="bbox 394 2301 3316 2386; baseline 0 -25"><span class='ocrx_word' id='word_1_283' title='bbox 394 2301 618 2362; x_wconf 90' lang='lat' dir='ltr'>maiore</span> <span class='ocrx_word' id='word_1_284' title='bbox 656 2307 731 2364; x_wconf 82' lang='lat' dir='ltr'>eo</span> <span class='ocrx_word' id='word_1_285' title='bbox 773 2304 1136 2381; x_wconf 88' lang='lat' dir='ltr'>adducatur,</span> <span class='ocrx_word' id='word_1_286' title='bbox 1177 2306 1227 2368; x_wconf 90' lang='lat' dir='ltr'>is</span> <span class='ocrx_word' id='word_1_287' title='bbox 1267 2310 1323 2368; x_wconf 86' lang='lat'>&amp;</span> <span class='ocrx_word' id='word_1_288' title='bbox 1366 2306 1493 2369; x_wconf 89' lang='lat' dir='ltr'>sine</span> <span class='ocrx_word' id='word_1_289' title='bbox 1532 2307 1791 2386; x_wconf 89' lang='lat' dir='ltr'>ratione,</span> <span class='ocrx_word' id='word_1_290' title='bbox 1830 2309 1886 2368; x_wconf 78' lang='grc' dir='ltr'>δι</span> <span class='ocrx_word' id='word_1_291' title='bbox 1927 2320 2136 2368; x_wconf 89' lang='lat' dir='ltr'>contra</span> <span class='ocrx_word' id='word_1_292' title='bbox 2176 2307 2468 2366; x_wconf 88' lang='lat' dir='ltr'>rationem</span> <span class='ocrx_word' id='word_1_293' title='bbox 2507 2305 2664 2366; x_wconf 81' lang='lat' dir='ltr'>facit.</span> <span class='ocrx_word' id='word_1_294' title='bbox 2707 2305 2844 2365; x_wconf 88' lang='lat' dir='ltr'>Sine</span> <span class='ocrx_word' id='word_1_295' title='bbox 2880 2302 3108 2364; x_wconf 87' lang='lat' dir='ltr'>ratione</span> <span class='ocrx_word' id='word_1_296' title='bbox 3143 2303 3316 2380; x_wconf 81' lang='lat' dir='ltr'>facit,</span> 
     </span>
     <span class='ocr_line' id='line_1_25' title="bbox 396 2380 3318 2469; baseline 0 -27"><span class='ocrx_word' id='word_1_297' title='bbox 396 2380 535 2460; x_wconf 88' lang='lat' dir='ltr'>quia</span> <span class='ocrx_word' id='word_1_298' title='bbox 569 2399 695 2443; x_wconf 87' lang='lat' dir='ltr'>rem</span> <span class='ocrx_word' id='word_1_299' title='bbox 730 2383 960 2447; x_wconf 87' lang='lat' dir='ltr'>ratione</span> <span class='ocrx_word' id='word_1_300' title='bbox 986 2385 1368 2449; x_wconf 85' lang='lat' dir='ltr'>constitutam</span> <span class='ocrx_word' id='word_1_301' title='bbox 1396 2388 1647 2469; x_wconf 84' lang='lat' dir='ltr'>abrogat</span> <span class='ocrx_word' id='word_1_302' title='bbox 1677 2406 1751 2449; x_wconf 81' lang='lat' dir='ltr'>ex</span> <span class='ocrx_word' id='word_1_303' title='bbox 1777 2389 1907 2450; x_wconf 88' lang='lat' dir='ltr'>sola</span> <span class='ocrx_word' id='word_1_304' title='bbox 1934 2386 2115 2448; x_wconf 86' lang='lat' dir='ltr'>animi</span> <span class='ocrx_word' id='word_1_305' title='bbox 2145 2386 2232 2448; x_wconf 91' lang='lat' dir='ltr'>sui</span> <span class='ocrx_word' id='word_1_306' title='bbox 2262 2385 2506 2448; x_wconf 90' lang='lat' dir='ltr'>libidine</span> <span class='ocrx_word' id='word_1_307' title='bbox 2537 2395 2716 2462; x_wconf 90' lang='lat' dir='ltr'>atque</span> <span class='ocrx_word' id='word_1_308' title='bbox 2736 2386 3070 2446; x_wconf 87' lang='lat' dir='ltr'>voluntate:</span> <span class='ocrx_word' id='word_1_309' title='bbox 3107 2395 3318 2444; x_wconf 89' lang='lat' dir='ltr'>contra</span> 
     </span>
     <span class='ocr_line' id='line_1_26' title="bbox 398 2462 3314 2547; baseline 0.001 -26"><span class='ocrx_word' id='word_1_310' title='bbox 398 2462 687 2523; x_wconf 89' lang='lat' dir='ltr'>rationem</span> <span class='ocrx_word' id='word_1_311' title='bbox 727 2464 898 2543; x_wconf 87' lang='lat' dir='ltr'>facit,</span> <span class='ocrx_word' id='word_1_312' title='bbox 940 2464 1080 2543; x_wconf 87' lang='lat' dir='ltr'>quia</span> <span class='ocrx_word' id='word_1_313' title='bbox 1120 2466 1364 2545; x_wconf 90' lang='lat' dir='ltr'>publico</span> <span class='ocrx_word' id='word_1_314' title='bbox 1402 2469 1689 2529; x_wconf 88' lang='lat' dir='ltr'>damnum</span> <span class='ocrx_word' id='word_1_315' title='bbox 1730 2470 1953 2547; x_wconf 74' lang='lat' dir='ltr'>adfert,</span> <span class='ocrx_word' id='word_1_316' title='bbox 1999 2466 2266 2528; x_wconf 90' lang='lat' dir='ltr'>minuens</span> <span class='ocrx_word' id='word_1_317' title='bbox 2306 2467 2468 2528; x_wconf 90' lang='lat' dir='ltr'>illam</span> <span class='ocrx_word' id='word_1_318' title='bbox 2507 2466 2626 2526; x_wconf 89' lang='lat' dir='ltr'>vim</span> <span class='ocrx_word' id='word_1_319' title='bbox 2668 2465 3030 2545; x_wconf 81' lang='lat' dir='ltr'>obligantem</span> <span class='ocrx_word' id='word_1_320' title='bbox 3072 2466 3127 2524; x_wconf 70' lang='grc' dir='ltr'>δι</span> <span class='ocrx_word' id='word_1_321' title='bbox 3171 2481 3314 2524; x_wconf 90' lang='lat' dir='ltr'>con-</span> 
     </span>
     <span class='ocr_line' id='line_1_27' title="bbox 394 2541 3318 2627; baseline 0 -26"><span class='ocrx_word' id='word_1_322' title='bbox 394 2542 776 2620; x_wconf 85' lang='lat' dir='ltr'>stringentem</span> <span class='ocrx_word' id='word_1_323' title='bbox 828 2546 1059 2623; x_wconf 86' lang='lat' dir='ltr'>legum,</span> <span class='ocrx_word' id='word_1_324' title='bbox 1114 2548 1169 2607; x_wconf 74' lang='grc' dir='ltr'>δι</span> <span class='ocrx_word' id='word_1_325' title='bbox 1224 2547 1633 2609; x_wconf 88' lang='lat' dir='ltr'>auctoritatem</span> <span class='ocrx_word' id='word_1_326' title='bbox 1674 2566 1876 2609; x_wconf 86' lang='lat' dir='ltr'>earum</span> <span class='ocrx_word' id='word_1_327' title='bbox 1917 2548 2240 2627; x_wconf 84' lang='lat' dir='ltr'>propinans</span> <span class='ocrx_word' id='word_1_328' title='bbox 2279 2545 2660 2608; x_wconf 84' lang='lat' dir='ltr'>illudendam.</span> <span class='ocrx_word' id='word_1_329' title='bbox 2703 2563 2822 2623; x_wconf 88' lang='lat' dir='ltr'>qua</span> <span class='ocrx_word' id='word_1_330' title='bbox 2859 2545 3086 2605; x_wconf 89' lang='lat' dir='ltr'>ratione</span> <span class='ocrx_word' id='word_1_331' title='bbox 3125 2546 3180 2603; x_wconf 70' lang='grc' dir='ltr'>δι</span> <span class='ocrx_word' id='word_1_332' title='bbox 3220 2541 3318 2602; x_wconf 87' lang='lat' dir='ltr'>hic</span> 
     </span>
     <span class='ocr_line' id='line_1_28' title="bbox 395 2623 3372 2706; baseline 0 -25"><span class='ocrx_word' id='word_1_333' title='bbox 395 2638 635 2700; x_wconf 91' lang='lat' dir='ltr'>quoque</span> <span class='ocrx_word' id='word_1_334' title='bbox 695 2623 992 2703; x_wconf 86' lang='lat' dir='ltr'>legislator</span> <span class='ocrx_word' id='word_1_335' title='bbox 1026 2626 1087 2686; x_wconf 87' lang='lat' dir='ltr'>in</span> <span class='ocrx_word' id='word_1_336' title='bbox 1130 2626 1298 2706; x_wconf 90' lang='lat' dir='ltr'>peius</span> <span class='ocrx_word' id='word_1_337' title='bbox 1338 2628 1591 2689; x_wconf 88' lang='lat' dir='ltr'>deficere</span> <span class='ocrx_word' id='word_1_338' title='bbox 1634 2639 1865 2705; x_wconf 91' lang='lat' dir='ltr'>praeter</span> <span class='ocrx_word' id='word_1_339' title='bbox 1904 2626 2192 2688; x_wconf 86' lang='lat' dir='ltr'>rationem</span> <span class='ocrx_word' id='word_1_340' title='bbox 2235 2643 2620 2688; x_wconf 88' lang='lat' dir='ltr'>communem</span> <span class='ocrx_word' id='word_1_341' title='bbox 2661 2624 2821 2686; x_wconf 89' lang='lat' dir='ltr'>illam</span> <span class='ocrx_word' id='word_1_342' title='bbox 2867 2623 3152 2686; x_wconf 91' lang='lat' dir='ltr'>dicendus</span> <span class='ocrx_word' id='word_1_343' title='bbox 3194 2635 3313 2683; x_wconf 90' lang='lat' dir='ltr'>est:</span> <span class='ocrx_word' id='word_1_344' title='bbox 3365 2654 3372 2663; x_wconf 92' lang='lat'><strong>·</strong></span> 
     </span>
     <span class='ocr_line' id='line_1_29' title="bbox 400 2700 3316 2786; baseline 0.001 -25"><span class='ocrx_word' id='word_1_345' title='bbox 400 2700 588 2779; x_wconf 84' lang='lat' dir='ltr'>Quia,</span> <span class='ocrx_word' id='word_1_346' title='bbox 630 2713 691 2763; x_wconf 89' lang='lat' dir='ltr'>vt</span> <span class='ocrx_word' id='word_1_347' title='bbox 730 2704 941 2765; x_wconf 90' lang='lat' dir='ltr'>demus</span> <span class='ocrx_word' id='word_1_348' title='bbox 978 2707 1141 2785; x_wconf 86' lang='lat' dir='ltr'>leges</span> <span class='ocrx_word' id='word_1_349' title='bbox 1180 2706 1331 2768; x_wconf 87' lang='lat' dir='ltr'>inter</span> <span class='ocrx_word' id='word_1_350' title='bbox 1372 2728 1435 2769; x_wconf 90' lang='lat' dir='ltr'>se</span> <span class='ocrx_word' id='word_1_351' title='bbox 1475 2707 1640 2769; x_wconf 90' lang='lat' dir='ltr'>omni</span> <span class='ocrx_word' id='word_1_352' title='bbox 1680 2728 1754 2768; x_wconf 84' lang='lat' dir='ltr'>ex</span> <span class='ocrx_word' id='word_1_353' title='bbox 1794 2718 1959 2786; x_wconf 91' lang='lat' dir='ltr'>parte</span> <span class='ocrx_word' id='word_1_354' title='bbox 1997 2709 2271 2785; x_wconf 77' lang='lat' dir='ltr'>aequales</span> <span class='ocrx_word' id='word_1_355' title='bbox 2313 2726 2467 2781; x_wconf 88' lang='lat' dir='ltr'>esse,</span> <span class='ocrx_word' id='word_1_356' title='bbox 2523 2724 2645 2766; x_wconf 88' lang='lat' dir='ltr'>non</span> <span class='ocrx_word' id='word_1_357' title='bbox 2687 2716 2779 2767; x_wconf 89' lang='lat' dir='ltr'>est</span> <span class='ocrx_word' id='word_1_358' title='bbox 2816 2715 3015 2765; x_wconf 88' lang='lat' dir='ltr'>tamen</span> <span class='ocrx_word' id='word_1_359' title='bbox 3055 2701 3316 2781; x_wconf 85' lang='lat' dir='ltr'>aequalis</span> 
     </span>
     <span class='ocr_line' id='line_1_30' title="bbox 397 2784 3315 2867; baseline 0.001 -26"><span class='ocrx_word' id='word_1_360' title='bbox 397 2800 598 2842; x_wconf 64' lang='lat' dir='ltr'>mrum</span> <span class='ocrx_word' id='word_1_361' title='bbox 638 2784 789 2843; x_wconf 90' lang='lat' dir='ltr'>ratio</span> <span class='ocrx_word' id='word_1_362' title='bbox 831 2786 908 2843; x_wconf 88' lang='lat' dir='ltr'>ad</span> <span class='ocrx_word' id='word_1_363' title='bbox 952 2805 1271 2848; x_wconf 89' lang='lat' dir='ltr'>commune</span> <span class='ocrx_word' id='word_1_364' title='bbox 1313 2788 1570 2865; x_wconf 89' lang='lat' dir='ltr'>bonum,</span> <span class='ocrx_word' id='word_1_365' title='bbox 1607 2790 1663 2848; x_wconf 74' lang='grc' dir='ltr'>δι</span> <span class='ocrx_word' id='word_1_366' title='bbox 1696 2800 1965 2865; x_wconf 90' lang='lat' dir='ltr'>respectu</span> <span class='ocrx_word' id='word_1_367' title='bbox 1987 2787 2173 2867; x_wconf 83' lang='lat' dir='ltr'>illius3</span> <span class='ocrx_word' id='word_1_368' title='bbox 2207 2786 2302 2848; x_wconf 86' lang='lat' dir='ltr'>cui</span> <span class='ocrx_word' id='word_1_369' title='bbox 2325 2804 2626 2865; x_wconf 87' lang='lat' dir='ltr'>nunquam</span> <span class='ocrx_word' id='word_1_370' title='bbox 2647 2804 2773 2846; x_wconf 87' lang='lat' dir='ltr'>non</span> <span class='ocrx_word' id='word_1_371' title='bbox 2793 2786 2968 2846; x_wconf 90' lang='lat' dir='ltr'>obest</span> <span class='ocrx_word' id='word_1_372' title='bbox 2985 2784 3315 2844; x_wconf 76' lang='lat' dir='ltr'>secundum</span> 
     </span>
     <span class='ocr_line' id='line_1_31' title="bbox 398 2862 1115 2941; baseline 0.007 -20"><span class='ocrx_word' id='word_1_373' title='bbox 398 2879 462 2921; x_wconf 87' lang='lat' dir='ltr'>se</span> <span class='ocrx_word' id='word_1_374' title='bbox 502 2862 699 2940; x_wconf 86' lang='lat' dir='ltr'>legum</span> <span class='ocrx_word' id='word_1_375' title='bbox 739 2864 1115 2941; x_wconf 81' lang='lat' dir='ltr'>permutatio,</span> 
     </span>
    </p>

    <p class='ocr_par' dir='ltr' id='par_1_4' title="bbox 393 2942 3328 4464">
     <span class='ocr_line' id='line_1_32' title="bbox 476 2942 3315 3025; baseline 0.001 -24"><span class='ocrx_word' id='word_1_376' title='bbox 476 2944 593 3002; x_wconf 87' lang='lat' dir='ltr'>Sed</span> <span class='ocrx_word' id='word_1_377' title='bbox 630 2944 780 3003; x_wconf 88' lang='lat' dir='ltr'>haec</span> <span class='ocrx_word' id='word_1_378' title='bbox 822 2964 999 3006; x_wconf 87' lang='lat' dir='ltr'>causa</span> <span class='ocrx_word' id='word_1_379' title='bbox 1040 2944 1100 3006; x_wconf 92' lang='lat' dir='ltr'>in</span> <span class='ocrx_word' id='word_1_380' title='bbox 1144 2946 1415 3007; x_wconf 86' lang='lat' dir='ltr'>humanis</span> <span class='ocrx_word' id='word_1_381' title='bbox 1456 2946 1715 3025; x_wconf 76' lang='lat' dir='ltr'>legibuS,</span> <span class='ocrx_word' id='word_1_382' title='bbox 1756 2965 1902 3024; x_wconf 89' lang='lat' dir='ltr'>quas</span> <span class='ocrx_word' id='word_1_383' title='bbox 1942 2946 2215 3009; x_wconf 85' lang='lat' dir='ltr'>homines</span> <span class='ocrx_word' id='word_1_384' title='bbox 2258 2948 2448 3007; x_wconf 72' lang='lat' dir='ltr'>solum</span> <span class='ocrx_word' id='word_1_385' title='bbox 2486 2947 2682 3006; x_wconf 85' lang='lat' dir='ltr'>ferunt</span> <span class='ocrx_word' id='word_1_386' title='bbox 2699 2990 2718 3023; x_wconf 91' lang='lat'>,</span> <span class='ocrx_word' id='word_1_387' title='bbox 2748 2944 2857 3005; x_wconf 87' lang='lat' dir='ltr'>etsi</span> <span class='ocrx_word' id='word_1_388' title='bbox 2875 2942 3176 3004; x_wconf 85' lang='lat' dir='ltr'>verissima</span> <span class='ocrx_word' id='word_1_389' title='bbox 3195 2954 3315 3003; x_wconf 90' lang='lat' dir='ltr'>est:</span> 
     </span>
     <span class='ocr_line' id='line_1_33' title="bbox 396 3022 3316 3105; baseline 0.001 -25"><span class='ocrx_word' id='word_1_390' title='bbox 396 3032 591 3081; x_wconf 89' lang='lat' dir='ltr'>tamen</span> <span class='ocrx_word' id='word_1_391' title='bbox 632 3024 787 3083; x_wconf 76' lang='lat' dir='ltr'><em>nihil</em></span> <span class='ocrx_word' id='word_1_392' title='bbox 819 3026 907 3084; x_wconf 89' lang='lat' dir='ltr'>ad</span> <span class='ocrx_word' id='word_1_393' title='bbox 936 3028 1117 3103; x_wconf 78' lang='lat' dir='ltr'>legem</span> <span class='ocrx_word' id='word_1_394' title='bbox 1157 3028 1355 3087; x_wconf 83' lang='lat' dir='ltr'>Mosis</span> <span class='ocrx_word' id='word_1_395' title='bbox 1392 3030 1621 3105; x_wconf 79' lang='lat' dir='ltr'>attinet,</span> <span class='ocrx_word' id='word_1_396' title='bbox 1666 3028 1830 3087; x_wconf 82' lang='lat' dir='ltr'>cuius</span> <span class='ocrx_word' id='word_1_397' title='bbox 1870 3037 2080 3088; x_wconf 80' lang='lat' dir='ltr'>auctor</span> <span class='ocrx_word' id='word_1_398' title='bbox 2121 3028 2197 3087; x_wconf 67' lang='grc' dir='ltr'>ὁ·</span> <span class='ocrx_word' id='word_1_399' title='bbox 2234 3029 2496 3088; x_wconf 80' lang='lat' dir='ltr'>sancitor</span> <span class='ocrx_word' id='word_1_400' title='bbox 2526 3026 2715 3085; x_wconf 86' lang='lat' dir='ltr'>Deus.</span> <span class='ocrx_word' id='word_1_401' title='bbox 2755 3026 2908 3086; x_wconf 77' lang='lat' dir='ltr'>Cum</span> <span class='ocrx_word' id='word_1_402' title='bbox 2931 3022 3090 3084; x_wconf 89' lang='lat' dir='ltr'>enim</span> <span class='ocrx_word' id='word_1_403' title='bbox 3112 3041 3316 3083; x_wconf 88' lang='lat' dir='ltr'>earum</span> 
     </span>
     <span class='ocr_line' id='line_1_34' title="bbox 394 3102 3315 3183; baseline 0 -23"><span class='ocrx_word' id='word_1_404' title='bbox 394 3104 594 3179; x_wconf 87' lang='lat' dir='ltr'>legum</span> <span class='ocrx_word' id='word_1_405' title='bbox 637 3120 789 3179; x_wconf 90' lang='lat' dir='ltr'>quae</span> <span class='ocrx_word' id='word_1_406' title='bbox 830 3104 1171 3183; x_wconf 89' lang='lat' dir='ltr'>simpliciter</span> <span class='ocrx_word' id='word_1_407' title='bbox 1211 3108 1505 3167; x_wconf 88' lang='lat' dir='ltr'>humanae</span> <span class='ocrx_word' id='word_1_408' title='bbox 1547 3116 1709 3182; x_wconf 88' lang='lat' dir='ltr'>sunt,</span> <span class='ocrx_word' id='word_1_409' title='bbox 1750 3106 1901 3167; x_wconf 86' lang='lat' dir='ltr'>ratio</span> <span class='ocrx_word' id='word_1_410' title='bbox 1944 3108 1998 3166; x_wconf 88' lang='lat'>&amp;</span> <span class='ocrx_word' id='word_1_411' title='bbox 2039 3106 2358 3167; x_wconf 90' lang='lat' dir='ltr'>auctoritas</span> <span class='ocrx_word' id='word_1_412' title='bbox 2399 3110 2658 3167; x_wconf 89' lang='lat' dir='ltr'>humana</span> <span class='ocrx_word' id='word_1_413' title='bbox 2698 3104 2804 3183; x_wconf 92' lang='lat' dir='ltr'>sit,</span> <span class='ocrx_word' id='word_1_414' title='bbox 2845 3122 3096 3181; x_wconf 88' lang='lat' dir='ltr'>quarum</span> <span class='ocrx_word' id='word_1_415' title='bbox 3136 3102 3234 3163; x_wconf 91' lang='lat' dir='ltr'>illa</span> <span class='ocrx_word' id='word_1_416' title='bbox 3256 3102 3315 3162; x_wconf 90' lang='lat' dir='ltr'>in</span> 
     </span>
     <span class='ocr_line' id='line_1_35' title="bbox 396 3180 3312 3265; baseline 0 -24"><span class='ocrx_word' id='word_1_417' title='bbox 396 3180 669 3255; x_wconf 88' lang='lat' dir='ltr'>homine,</span> <span class='ocrx_word' id='word_1_418' title='bbox 712 3182 855 3243; x_wconf 90' lang='lat' dir='ltr'>dum</span> <span class='ocrx_word' id='word_1_419' title='bbox 898 3184 997 3245; x_wconf 79' lang='lat' dir='ltr'>hic</span> <span class='ocrx_word' id='word_1_420' title='bbox 1038 3185 1214 3265; x_wconf 84' lang='lat' dir='ltr'>viuit,</span> <span class='ocrx_word' id='word_1_421' title='bbox 1255 3205 1490 3265; x_wconf 89' lang='lat' dir='ltr'>semper</span> <span class='ocrx_word' id='word_1_422' title='bbox 1527 3186 1873 3264; x_wconf 85' lang='lat' dir='ltr'>imperfecta</span> <span class='ocrx_word' id='word_1_423' title='bbox 1912 3200 2029 3247; x_wconf 86' lang='lat' dir='ltr'>est:</span> <span class='ocrx_word' id='word_1_424' title='bbox 2071 3188 2218 3247; x_wconf 86' lang='lat' dir='ltr'>haec</span> <span class='ocrx_word' id='word_1_425' title='bbox 2258 3190 2295 3246; x_wconf 76' lang='lat' dir='ltr'>a</span> <span class='ocrx_word' id='word_1_426' title='bbox 2325 3204 2556 3247; x_wconf 89' lang='lat' dir='ltr'>summa</span> <span class='ocrx_word' id='word_1_427' title='bbox 2575 3184 2925 3245; x_wconf 89' lang='lat' dir='ltr'>auctoritate</span> <span class='ocrx_word' id='word_1_428' title='bbox 2945 3182 3135 3243; x_wconf 85' lang='lat' dir='ltr'>Dei&amp;</span> <span class='ocrx_word' id='word_1_429' title='bbox 3158 3182 3312 3243; x_wconf 90' lang='lat' dir='ltr'>ordi-</span> 
     </span>
     <span class='ocr_line' id='line_1_36' title="bbox 396 3261 3316 3345; baseline 0.001 -26"><span class='ocrx_word' id='word_1_430' title='bbox 396 3261 635 3321; x_wconf 82' lang='lat' dir='ltr'>natione</span> <span class='ocrx_word' id='word_1_431' title='bbox 675 3264 923 3340; x_wconf 87' lang='lat' dir='ltr'>pendet:</span> <span class='ocrx_word' id='word_1_432' title='bbox 978 3276 1207 3326; x_wconf 89' lang='lat' dir='ltr'>certum</span> <span class='ocrx_word' id='word_1_433' title='bbox 1248 3277 1337 3327; x_wconf 88' lang='lat' dir='ltr'>est</span> <span class='ocrx_word' id='word_1_434' title='bbox 1374 3268 1660 3327; x_wconf 84' lang='lat' dir='ltr'>humanas</span> <span class='ocrx_word' id='word_1_435' title='bbox 1698 3268 1860 3345; x_wconf 86' lang='lat' dir='ltr'>leges</span> <span class='ocrx_word' id='word_1_436' title='bbox 1898 3268 1955 3328; x_wconf 73' lang='grc' dir='ltr'>δι</span> <span class='ocrx_word' id='word_1_437' title='bbox 1997 3265 2226 3326; x_wconf 88' lang='lat' dir='ltr'>ratione</span> <span class='ocrx_word' id='word_1_438' title='bbox 2265 3268 2320 3327; x_wconf 72' lang='grc' dir='ltr'>δι</span> <span class='ocrx_word' id='word_1_439' title='bbox 2361 3264 2710 3327; x_wconf 87' lang='lat' dir='ltr'>auctoritate</span> <span class='ocrx_word' id='word_1_440' title='bbox 2750 3264 3126 3343; x_wconf 86' lang='lat' dir='ltr'>imperfectas</span> <span class='ocrx_word' id='word_1_441' title='bbox 3167 3281 3316 3323; x_wconf 88' lang='lat' dir='ltr'>esse.</span> 
     </span>
     <span class='ocr_line' id='line_1_37' title="bbox 398 3340 3314 3424; baseline 0 -24"><span class='ocrx_word' id='word_1_442' title='bbox 398 3342 504 3401; x_wconf 89' lang='lat' dir='ltr'>Est</span> <span class='ocrx_word' id='word_1_443' title='bbox 544 3353 742 3401; x_wconf 88' lang='lat' dir='ltr'>autem</span> <span class='ocrx_word' id='word_1_444' title='bbox 786 3340 847 3403; x_wconf 92' lang='lat' dir='ltr'>id</span> <span class='ocrx_word' id='word_1_445' title='bbox 886 3344 963 3404; x_wconf 89' lang='lat' dir='ltr'>de</span> <span class='ocrx_word' id='word_1_446' title='bbox 1001 3355 1211 3405; x_wconf 86' lang='lat' dir='ltr'>natura</span> <span class='ocrx_word' id='word_1_447' title='bbox 1252 3344 1723 3424; x_wconf 82' lang='lat' dir='ltr'>imperfectarum</span> <span class='ocrx_word' id='word_1_448' title='bbox 1769 3365 1994 3423; x_wconf 80' lang='lat' dir='ltr'>rerum,</span> <span class='ocrx_word' id='word_1_449' title='bbox 2033 3358 2096 3406; x_wconf 86' lang='lat' dir='ltr'>vt</span> <span class='ocrx_word' id='word_1_450' title='bbox 2137 3346 2498 3407; x_wconf 89' lang='lat' dir='ltr'>contendant</span> <span class='ocrx_word' id='word_1_451' title='bbox 2539 3346 2614 3405; x_wconf 85' lang='lat' dir='ltr'>ad</span> <span class='ocrx_word' id='word_1_452' title='bbox 2653 3344 3076 3424; x_wconf 81' lang='lat' dir='ltr'>perfectionem</span> <span class='ocrx_word' id='word_1_453' title='bbox 3098 3342 3214 3420; x_wconf 91' lang='lat' dir='ltr'>sui,</span> <span class='ocrx_word' id='word_1_454' title='bbox 3253 3342 3314 3403; x_wconf 91' lang='lat' dir='ltr'>id</span> 
     </span>
     <span class='ocr_line' id='line_1_38' title="bbox 397 3421 3316 3505; baseline 0.001 -25"><span class='ocrx_word' id='word_1_455' title='bbox 397 3432 518 3495; x_wconf 87' lang='lat' dir='ltr'>est,</span> <span class='ocrx_word' id='word_1_456' title='bbox 554 3422 630 3481; x_wconf 88' lang='lat' dir='ltr'>ad</span> <span class='ocrx_word' id='word_1_457' title='bbox 667 3421 1051 3484; x_wconf 87' lang='lat' dir='ltr'>mutationem</span> <span class='ocrx_word' id='word_1_458' title='bbox 1082 3424 1172 3485; x_wconf 90' lang='lat' dir='ltr'>sui</span> <span class='ocrx_word' id='word_1_459' title='bbox 1204 3424 1263 3485; x_wconf 90' lang='lat' dir='ltr'>in</span> <span class='ocrx_word' id='word_1_460' title='bbox 1298 3423 1525 3487; x_wconf 89' lang='lat' dir='ltr'>melius.</span> <span class='ocrx_word' id='word_1_461' title='bbox 1568 3428 1731 3505; x_wconf 87' lang='lat' dir='ltr'>Ergo</span> <span class='ocrx_word' id='word_1_462' title='bbox 1764 3428 1857 3486; x_wconf 89' lang='lat' dir='ltr'>vel</span> <span class='ocrx_word' id='word_1_463' title='bbox 1888 3438 2096 3487; x_wconf 88' lang='lat' dir='ltr'>natura</span> <span class='ocrx_word' id='word_1_464' title='bbox 2129 3425 2255 3503; x_wconf 89' lang='lat' dir='ltr'>ipsa</span> <span class='ocrx_word' id='word_1_465' title='bbox 2274 3426 2652 3499; x_wconf 85' lang='lat' dir='ltr'>testificante,</span> <span class='ocrx_word' id='word_1_466' title='bbox 2687 3425 3074 3485; x_wconf 86' lang='lat' dir='ltr'>confiteamur</span> <span class='ocrx_word' id='word_1_467' title='bbox 3108 3441 3316 3483; x_wconf 90' lang='lat' dir='ltr'>omnes</span> 
     </span>
     <span class='ocr_line' id='line_1_39' title="bbox 398 3501 3318 3584; baseline 0.001 -23"><span class='ocrx_word' id='word_1_468' title='bbox 398 3502 453 3561; x_wconf 76' lang='grc' dir='ltr'>ὅτ</span> <span class='ocrx_word' id='word_1_469' title='bbox 507 3501 719 3579; x_wconf 87' lang='lat' dir='ltr'>singuli</span> <span class='ocrx_word' id='word_1_470' title='bbox 772 3520 1017 3563; x_wconf 91' lang='lat' dir='ltr'>necesse</span> <span class='ocrx_word' id='word_1_471' title='bbox 1070 3517 1187 3583; x_wconf 87' lang='lat' dir='ltr'>est,</span> <span class='ocrx_word' id='word_1_472' title='bbox 1228 3507 1387 3582; x_wconf 87' lang='lat' dir='ltr'>leges</span> <span class='ocrx_word' id='word_1_473' title='bbox 1425 3508 1747 3579; x_wconf 78' lang='lat' dir='ltr'>humanas,</span> <span class='ocrx_word' id='word_1_474' title='bbox 1789 3526 1943 3584; x_wconf 91' lang='lat' dir='ltr'>quae</span> <span class='ocrx_word' id='word_1_475' title='bbox 1982 3504 2223 3584; x_wconf 90' lang='lat' dir='ltr'>quidem</span> <span class='ocrx_word' id='word_1_476' title='bbox 2265 3504 2608 3581; x_wconf 87' lang='lat' dir='ltr'>simpliciter</span> <span class='ocrx_word' id='word_1_477' title='bbox 2647 3506 2942 3565; x_wconf 88' lang='lat' dir='ltr'>humanae</span> <span class='ocrx_word' id='word_1_478' title='bbox 2983 3513 3148 3572; x_wconf 87' lang='lat' dir='ltr'>sunt,</span> <span class='ocrx_word' id='word_1_479' title='bbox 3189 3522 3318 3563; x_wconf 83' lang='lat' dir='ltr'>esse</span> 
     </span>
     <span class='ocr_line' id='line_1_40' title="bbox 398 3580 3313 3664; baseline 0.001 -23"><span class='ocrx_word' id='word_1_480' title='bbox 398 3580 741 3659; x_wconf 89' lang='lat' dir='ltr'>mutabiles,</span> <span class='ocrx_word' id='word_1_481' title='bbox 781 3581 922 3659; x_wconf 88' lang='lat' dir='ltr'>quia</span> <span class='ocrx_word' id='word_1_482' title='bbox 965 3583 1317 3663; x_wconf 87' lang='lat' dir='ltr'>principium</span> <span class='ocrx_word' id='word_1_483' title='bbox 1359 3586 1582 3646; x_wconf 89' lang='lat' dir='ltr'>habent</span> <span class='ocrx_word' id='word_1_484' title='bbox 1622 3588 1699 3647; x_wconf 87' lang='lat' dir='ltr'>ab</span> <span class='ocrx_word' id='word_1_485' title='bbox 1730 3586 2078 3664; x_wconf 87' lang='lat' dir='ltr'>imperfecta</span> <span class='ocrx_word' id='word_1_486' title='bbox 2111 3584 2339 3646; x_wconf 89' lang='lat' dir='ltr'>ratione</span> <span class='ocrx_word' id='word_1_487' title='bbox 2359 3586 2414 3645; x_wconf 72' lang='grc' dir='ltr'>δι</span> <span class='ocrx_word' id='word_1_488' title='bbox 2436 3584 2810 3663; x_wconf 88' lang='lat' dir='ltr'>auctoritate,</span> <span class='ocrx_word' id='word_1_489' title='bbox 2847 3584 3050 3643; x_wconf 73' lang='lat' dir='ltr'>verimi</span> <span class='ocrx_word' id='word_1_490' title='bbox 3073 3582 3133 3643; x_wconf 90' lang='lat' dir='ltr'>in</span> <span class='ocrx_word' id='word_1_491' title='bbox 3153 3582 3313 3659; x_wconf 86' lang='lat' dir='ltr'>Lege</span> 
     </span>
     <span class='ocr_line' id='line_1_41' title="bbox 400 3660 3328 3743; baseline 0.001 -22"><span class='ocrx_word' id='word_1_492' title='bbox 400 3660 619 3731; x_wconf 82' lang='lat' dir='ltr'>Mosis,</span> <span class='ocrx_word' id='word_1_493' title='bbox 662 3674 973 3739; x_wconf 90' lang='lat' dir='ltr'>vtrumque</span> <span class='ocrx_word' id='word_1_494' title='bbox 1011 3663 1191 3739; x_wconf 77' lang='lat' dir='ltr'>longe</span> <span class='ocrx_word' id='word_1_495' title='bbox 1230 3664 1399 3725; x_wconf 89' lang='lat' dir='ltr'>aliter</span> <span class='ocrx_word' id='word_1_496' title='bbox 1437 3683 1501 3724; x_wconf 90' lang='lat' dir='ltr'>se</span> <span class='ocrx_word' id='word_1_497' title='bbox 1538 3666 1751 3738; x_wconf 84' lang='lat' dir='ltr'>habet,</span> <span class='ocrx_word' id='word_1_498' title='bbox 1789 3664 1970 3735; x_wconf 87' lang='lat' dir='ltr'>ratio,</span> <span class='ocrx_word' id='word_1_499' title='bbox 2015 3679 2192 3743; x_wconf 90' lang='lat' dir='ltr'>atque</span> <span class='ocrx_word' id='word_1_500' title='bbox 2233 3664 2568 3726; x_wconf 88' lang='lat' dir='ltr'>auctoritas.</span> <span class='ocrx_word' id='word_1_501' title='bbox 2611 3666 2765 3725; x_wconf 89' lang='lat' dir='ltr'>Nam</span> <span class='ocrx_word' id='word_1_502' title='bbox 2806 3662 3090 3742; x_wconf 85' lang='lat' dir='ltr'>quicquid</span> <span class='ocrx_word' id='word_1_503' title='bbox 3111 3664 3328 3723; x_wconf 81' lang='lat' dir='ltr'>Moses.</span> 
     </span>
     <span class='ocr_line' id='line_1_42' title="bbox 398 3738 3317 3824; baseline 0.002 -26"><span class='ocrx_word' id='word_1_504' title='bbox 398 3738 698 3819; x_wconf 91' lang='lat' dir='ltr'>praecepit</span> <span class='ocrx_word' id='word_1_505' title='bbox 752 3742 911 3819; x_wconf 85' lang='lat' dir='ltr'>lege,</span> <span class='ocrx_word' id='word_1_506' title='bbox 966 3740 1027 3801; x_wconf 92' lang='lat' dir='ltr'>id</span> <span class='ocrx_word' id='word_1_507' title='bbox 1079 3744 1403 3805; x_wconf 67' lang='lat' dir='ltr'>certi‘sime</span> <span class='ocrx_word' id='word_1_508' title='bbox 1456 3748 1495 3805; x_wconf 79' lang='lat' dir='ltr'>a</span> <span class='ocrx_word' id='word_1_509' title='bbox 1547 3744 1775 3806; x_wconf 88' lang='lat' dir='ltr'>ratione</span> <span class='ocrx_word' id='word_1_510' title='bbox 1829 3760 2070 3807; x_wconf 86' lang='lat' dir='ltr'>aeterna</span> <span class='ocrx_word' id='word_1_511' title='bbox 2123 3756 2212 3806; x_wconf 89' lang='lat' dir='ltr'>est</span> <span class='ocrx_word' id='word_1_512' title='bbox 2265 3750 2410 3824; x_wconf 80' lang='lat' dir='ltr'>pure</span> <span class='ocrx_word' id='word_1_513' title='bbox 2467 3746 2833 3823; x_wconf 81' lang='lat' dir='ltr'>profectum:</span> <span class='ocrx_word' id='word_1_514' title='bbox 2873 3741 3051 3803; x_wconf 84' lang='lat' dir='ltr'>etiam</span> <span class='ocrx_word' id='word_1_515' title='bbox 3092 3740 3317 3803; x_wconf 89' lang='lat' dir='ltr'>ratione</span> 
     </span>
     <span class='ocr_line' id='line_1_43' title="bbox 396 3820 3316 3903; baseline 0.001 -24"><span class='ocrx_word' id='word_1_516' title='bbox 396 3820 645 3879; x_wconf 88' lang='lat' dir='ltr'>naturali</span> <span class='ocrx_word' id='word_1_517' title='bbox 688 3820 747 3879; x_wconf 93' lang='lat' dir='ltr'>in</span> <span class='ocrx_word' id='word_1_518' title='bbox 794 3822 971 3883; x_wconf 89' lang='lat' dir='ltr'>rebus</span> <span class='ocrx_word' id='word_1_519' title='bbox 1012 3834 1255 3883; x_wconf 87' lang='lat' dir='ltr'>naturae</span> <span class='ocrx_word' id='word_1_520' title='bbox 1276 3868 1294 3901; x_wconf 91' lang='lat'>,</span> <span class='ocrx_word' id='word_1_521' title='bbox 1336 3828 1389 3885; x_wconf 79' lang='grc' dir='ltr'>δι</span> <span class='ocrx_word' id='word_1_522' title='bbox 1430 3824 1657 3885; x_wconf 88' lang='lat' dir='ltr'>ratione</span> <span class='ocrx_word' id='word_1_523' title='bbox 1697 3822 1899 3885; x_wconf 89' lang='lat' dir='ltr'>diuina</span> <span class='ocrx_word' id='word_1_524' title='bbox 1932 3824 1992 3885; x_wconf 89' lang='lat' dir='ltr'>in</span> <span class='ocrx_word' id='word_1_525' title='bbox 2026 3826 2204 3885; x_wconf 89' lang='lat' dir='ltr'>rebus</span> <span class='ocrx_word' id='word_1_526' title='bbox 2227 3826 2446 3903; x_wconf 87' lang='lat' dir='ltr'>gratiae</span> <span class='ocrx_word' id='word_1_527' title='bbox 2464 3834 2854 3886; x_wconf 89' lang='lat' dir='ltr'>contestante.</span> <span class='ocrx_word' id='word_1_528' title='bbox 2897 3822 2995 3883; x_wconf 92' lang='lat' dir='ltr'>Sic</span> <span class='ocrx_word' id='word_1_529' title='bbox 3015 3823 3235 3883; x_wconf 90' lang='lat' dir='ltr'>nullam</span> <span class='ocrx_word' id='word_1_530' title='bbox 3259 3822 3316 3882; x_wconf 92' lang='lat' dir='ltr'>in</span> 
     </span>
     <span class='ocr_line' id='line_1_44' title="bbox 395 3898 3318 3982; baseline 0 -21"><span class='ocrx_word' id='word_1_531' title='bbox 395 3920 459 3961; x_wconf 86' lang='lat' dir='ltr'>se</span> <span class='ocrx_word' id='word_1_532' title='bbox 499 3898 1007 3976; x_wconf 86' lang='lat' dir='ltr'>imperfectionem</span> <span class='ocrx_word' id='word_1_533' title='bbox 1051 3902 1292 3964; x_wconf 88' lang='lat' dir='ltr'>rationis</span> <span class='ocrx_word' id='word_1_534' title='bbox 1330 3906 1425 3964; x_wconf 84' lang='lat' dir='ltr'>lex</span> <span class='ocrx_word' id='word_1_535' title='bbox 1468 3904 1651 3965; x_wconf 87' lang='lat' dir='ltr'>Mosis</span> <span class='ocrx_word' id='word_1_536' title='bbox 1692 3922 1949 3982; x_wconf 88' lang='lat' dir='ltr'>vnquam</span> <span class='ocrx_word' id='word_1_537' title='bbox 1991 3905 2230 3977; x_wconf 84' lang='lat' dir='ltr'>habuit,</span> <span class='ocrx_word' id='word_1_538' title='bbox 2271 3916 2370 3965; x_wconf 90' lang='lat' dir='ltr'>aut</span> <span class='ocrx_word' id='word_1_539' title='bbox 2410 3905 2684 3965; x_wconf 88' lang='lat' dir='ltr'>habuisse</span> <span class='ocrx_word' id='word_1_540' title='bbox 2713 3903 2968 3965; x_wconf 85' lang='lat' dir='ltr'>dicenda</span> <span class='ocrx_word' id='word_1_541' title='bbox 2987 3914 3092 3962; x_wconf 90' lang='lat' dir='ltr'>est.</span> <span class='ocrx_word' id='word_1_542' title='bbox 3134 3902 3318 3977; x_wconf 78' lang='lat' dir='ltr'>Quod</span> 
     </span>
     <span class='ocr_line' id='line_1_45' title="bbox 393 3980 3319 4063; baseline 0 -23"><span class='ocrx_word' id='word_1_543' title='bbox 393 3980 553 4041; x_wconf 86' lang='lat' dir='ltr'>enim</span> <span class='ocrx_word' id='word_1_544' title='bbox 598 3998 663 4040; x_wconf 89' lang='lat' dir='ltr'>se</span> <span class='ocrx_word' id='word_1_545' title='bbox 701 3982 1187 4042; x_wconf 85' lang='lat' dir='ltr'>accommodauit</span> <span class='ocrx_word' id='word_1_546' title='bbox 1227 3984 1453 4062; x_wconf 89' lang='lat' dir='ltr'>populo</span> <span class='ocrx_word' id='word_1_547' title='bbox 1496 3984 1580 4045; x_wconf 92' lang='lat' dir='ltr'>illi</span> <span class='ocrx_word' id='word_1_548' title='bbox 1618 3983 1713 4044; x_wconf 89' lang='lat' dir='ltr'>cui</span> <span class='ocrx_word' id='word_1_549' title='bbox 1754 3986 2079 4059; x_wconf 84' lang='lat' dir='ltr'>ferebatur,</span> <span class='ocrx_word' id='word_1_550' title='bbox 2119 3985 2176 4045; x_wconf 88' lang='lat'>&amp;</span> <span class='ocrx_word' id='word_1_551' title='bbox 2218 3984 2332 4045; x_wconf 90' lang='lat' dir='ltr'>illis</span> <span class='ocrx_word' id='word_1_552' title='bbox 2370 3985 2768 4063; x_wconf 89' lang='lat' dir='ltr'>temporibus:</span> <span class='ocrx_word' id='word_1_553' title='bbox 2811 3984 2872 4043; x_wconf 89' lang='lat' dir='ltr'>id</span> <span class='ocrx_word' id='word_1_554' title='bbox 2894 3988 3055 4043; x_wconf 78' lang='lat' dir='ltr'>certe</span> <span class='ocrx_word' id='word_1_555' title='bbox 3078 3982 3319 4042; x_wconf 88' lang='lat' dir='ltr'>rationis</span> 
     </span>
     <span class='ocr_line' id='line_1_46' title="bbox 393 4058 3318 4143; baseline 0.001 -22"><span class='ocrx_word' id='word_1_556' title='bbox 393 4070 486 4121; x_wconf 88' lang='lat' dir='ltr'>est</span> <span class='ocrx_word' id='word_1_557' title='bbox 523 4058 845 4121; x_wconf 84' lang='lat' dir='ltr'>maximae:</span> <span class='ocrx_word' id='word_1_558' title='bbox 889 4071 1117 4122; x_wconf 87' lang='lat' dir='ltr'>tantum</span> <span class='ocrx_word' id='word_1_559' title='bbox 1160 4064 1361 4141; x_wconf 88' lang='lat' dir='ltr'>abest,</span> <span class='ocrx_word' id='word_1_560' title='bbox 1402 4075 1467 4124; x_wconf 81' lang='grc' dir='ltr'>νι</span> <span class='ocrx_word' id='word_1_561' title='bbox 1508 4082 1583 4125; x_wconf 91' lang='grc' dir='ltr'>εο</span> <span class='ocrx_word' id='word_1_562' title='bbox 1624 4062 1865 4125; x_wconf 89' lang='lat' dir='ltr'>nomine</span> <span class='ocrx_word' id='word_1_563' title='bbox 1902 4064 2168 4125; x_wconf 87' lang='lat' dir='ltr'>accusari</span> <span class='ocrx_word' id='word_1_564' title='bbox 2212 4064 2668 4143; x_wconf 77' lang='lat' dir='ltr'>imperfectionis</span> <span class='ocrx_word' id='word_1_565' title='bbox 2709 4064 2768 4124; x_wconf 89' lang='lat' dir='ltr'>in</span> <span class='ocrx_word' id='word_1_566' title='bbox 2808 4082 2903 4140; x_wconf 90' lang='lat' dir='ltr'>se,</span> <span class='ocrx_word' id='word_1_567' title='bbox 2943 4074 3045 4122; x_wconf 84' lang='lat' dir='ltr'>aut</span> <span class='ocrx_word' id='word_1_568' title='bbox 3076 4060 3318 4123; x_wconf 88' lang='lat' dir='ltr'>rationis</span> 
     </span>
     <span class='ocr_line' id='line_1_47' title="bbox 396 4139 3319 4223; baseline 0.001 -24"><span class='ocrx_word' id='word_1_569' title='bbox 396 4139 657 4201; x_wconf 85' lang='lat' dir='ltr'>minutae</span> <span class='ocrx_word' id='word_1_570' title='bbox 696 4139 903 4219; x_wconf 87' lang='lat' dir='ltr'>possit.</span> <span class='ocrx_word' id='word_1_571' title='bbox 942 4142 1374 4203; x_wconf 84' lang='lat' dir='ltr'>Auctoritatem</span> <span class='ocrx_word' id='word_1_572' title='bbox 1417 4148 1559 4205; x_wconf 78' lang='lat' dir='ltr'>vero</span> <span class='ocrx_word' id='word_1_573' title='bbox 1600 4146 1696 4205; x_wconf 85' lang='lat' dir='ltr'>lex</span> <span class='ocrx_word' id='word_1_574' title='bbox 1736 4144 1923 4205; x_wconf 86' lang='lat' dir='ltr'>Mosis</span> <span class='ocrx_word' id='word_1_575' title='bbox 1963 4158 2274 4223; x_wconf 88' lang='lat' dir='ltr'>vtramque</span> <span class='ocrx_word' id='word_1_576' title='bbox 2313 4144 2550 4205; x_wconf 88' lang='lat' dir='ltr'>habuit:</span> <span class='ocrx_word' id='word_1_577' title='bbox 2594 4144 2758 4223; x_wconf 91' lang='lat' dir='ltr'>quod</span> <span class='ocrx_word' id='word_1_578' title='bbox 2799 4160 2978 4205; x_wconf 89' lang='lat' dir='ltr'>nemo</span> <span class='ocrx_word' id='word_1_579' title='bbox 2999 4142 3186 4203; x_wconf 88' lang='lat' dir='ltr'>homo</span> <span class='ocrx_word' id='word_1_580' title='bbox 3208 4142 3319 4203; x_wconf 92' lang='lat' dir='ltr'>sibi</span> 
     </span>
     <span class='ocr_line' id='line_1_48' title="bbox 398 4220 3320 4303; baseline 0.001 -23"><span class='ocrx_word' id='word_1_581' title='bbox 398 4232 595 4297; x_wconf 85' lang='lat' dir='ltr'>potest</span> <span class='ocrx_word' id='word_1_582' title='bbox 654 4238 983 4299; x_wconf 86' lang='lat' dir='ltr'>assumere,</span> <span class='ocrx_word' id='word_1_583' title='bbox 1026 4221 1135 4282; x_wconf 84' lang='lat' dir='ltr'>fuit</span> <span class='ocrx_word' id='word_1_584' title='bbox 1173 4223 1331 4283; x_wconf 88' lang='lat' dir='ltr'>enim</span> <span class='ocrx_word' id='word_1_585' title='bbox 1370 4234 1578 4284; x_wconf 90' lang='lat' dir='ltr'>auctor</span> <span class='ocrx_word' id='word_1_586' title='bbox 1619 4227 1675 4285; x_wconf 72' lang='grc' dir='ltr'>δι</span> <span class='ocrx_word' id='word_1_587' title='bbox 1716 4224 1978 4285; x_wconf 87' lang='lat' dir='ltr'>sancitor</span> <span class='ocrx_word' id='word_1_588' title='bbox 2015 4226 2161 4301; x_wconf 88' lang='lat' dir='ltr'>legis</span> <span class='ocrx_word' id='word_1_589' title='bbox 2201 4224 2355 4285; x_wconf 88' lang='lat' dir='ltr'>illius</span> <span class='ocrx_word' id='word_1_590' title='bbox 2396 4223 2638 4303; x_wconf 88' lang='lat' dir='ltr'>publica</span> <span class='ocrx_word' id='word_1_591' title='bbox 2677 4220 3086 4285; x_wconf 84' lang='lat' dir='ltr'>testificatione</span> <span class='ocrx_word' id='word_1_592' title='bbox 3127 4224 3320 4300; x_wconf 90' lang='lat' dir='ltr'>Deus,</span> 
     </span>
     <span class='ocr_line' id='line_1_49' title="bbox 400 4299 3318 4382; baseline 0.001 -23"><span class='ocrx_word' id='word_1_593' title='bbox 400 4299 565 4359; x_wconf 88' lang='lat' dir='ltr'>cuius</span> <span class='ocrx_word' id='word_1_594' title='bbox 606 4317 835 4361; x_wconf 87' lang='lat' dir='ltr'>summa</span> <span class='ocrx_word' id='word_1_595' title='bbox 873 4314 963 4361; x_wconf 82' lang='lat' dir='ltr'>est</span> <span class='ocrx_word' id='word_1_596' title='bbox 1004 4305 1059 4362; x_wconf 74' lang='grc' dir='ltr'>δι</span> <span class='ocrx_word' id='word_1_597' title='bbox 1099 4301 1491 4363; x_wconf 88' lang='lat' dir='ltr'>ineluctabilis</span> <span class='ocrx_word' id='word_1_598' title='bbox 1531 4305 1595 4379; x_wconf 86' lang='lat' dir='ltr'>(f.</span> <span class='ocrx_word' id='word_1_599' title='bbox 1644 4324 1665 4363; x_wconf 87' lang='lat'>1</span> <span class='ocrx_word' id='word_1_600' title='bbox 1725 4308 1819 4381; x_wconf 81' lang='grc' dir='ltr'>ιο)</span> <span class='ocrx_word' id='word_1_601' title='bbox 1858 4304 1919 4365; x_wconf 90' lang='lat' dir='ltr'>in</span> <span class='ocrx_word' id='word_1_602' title='bbox 1961 4302 2215 4364; x_wconf 86' lang='lat' dir='ltr'>ferendis</span> <span class='ocrx_word' id='word_1_603' title='bbox 2253 4304 2482 4382; x_wconf 86' lang='lat' dir='ltr'>legibus</span> <span class='ocrx_word' id='word_1_604' title='bbox 2503 4304 2952 4381; x_wconf 76' lang='lat' dir='ltr'>sanciendssque</span> <span class='ocrx_word' id='word_1_605' title='bbox 2971 4302 3318 4381; x_wconf 73' lang='lat' dir='ltr'>auctoritaS,</span> 
     </span>
     <span class='ocr_line' id='line_1_50' title="bbox 404 4380 3318 4464; baseline 0.002 -26"><span class='ocrx_word' id='word_1_606' title='bbox 404 4390 530 4439; x_wconf 87' lang='lat' dir='ltr'>tum</span> <span class='ocrx_word' id='word_1_607' title='bbox 572 4380 980 4441; x_wconf 87' lang='lat' dir='ltr'>auctoritatem</span> <span class='ocrx_word' id='word_1_608' title='bbox 1024 4384 1341 4443; x_wconf 85' lang='lat' dir='ltr'>humanam</span> <span class='ocrx_word' id='word_1_609' title='bbox 1382 4384 1438 4442; x_wconf 74' lang='grc' dir='ltr'>δι</span> <span class='ocrx_word' id='word_1_610' title='bbox 1478 4386 1630 4445; x_wconf 88' lang='lat' dir='ltr'>subo</span> <span class='ocrx_word' id='word_1_611' title='bbox 1704 4384 1923 4445; x_wconf 88' lang='lat' dir='ltr'>inatam</span> <span class='ocrx_word' id='word_1_612' title='bbox 1967 4390 2054 4461; x_wconf 86' lang='lat' dir='ltr'>(vt</span> <span class='ocrx_word' id='word_1_613' title='bbox 2094 4389 2332 4460; x_wconf 88' lang='lat' dir='ltr'>vocant)</span> <span class='ocrx_word' id='word_1_614' title='bbox 2353 4383 2403 4446; x_wconf 91' lang='lat' dir='ltr'>si</span> <span class='ocrx_word' id='word_1_615' title='bbox 2423 4384 2484 4445; x_wconf 90' lang='lat' dir='ltr'>in</span> <span class='ocrx_word' id='word_1_616' title='bbox 2502 4385 2635 4464; x_wconf 86' lang='lat' dir='ltr'>lege</span> <span class='ocrx_word' id='word_1_617' title='bbox 2657 4382 2845 4445; x_wconf 89' lang='lat' dir='ltr'>Mosis</span> <span class='ocrx_word' id='word_1_618' title='bbox 2862 4382 3318 4458; x_wconf 74' lang='lat' dir='ltr'>desideraueriS,</span> 
     </span>
    </p>

    <p class='ocr_par' dir='ltr' id='par_1_5' title="bbox 3211 4462 3320 4523">
     <span class='ocr_line' id='line_1_51' title="bbox 3211 4462 3320 4523; baseline 0.009 -1"><span class='ocrx_word' id='word_1_619' title='bbox 3211 4462 3320 4523; x_wconf 78' lang='lat' dir='ltr'>fuit</span> 
     </span>
    </p>
   </div>
  </div>
 </body>
</html>
