3923 4875
100 628 119 1323 -—--.-*-·t-·=-

97 2100 100 2133 ““
96 2016 103 2055 ‘⁷-
98 1932 103 1973 «νὴ
98 1852 103 1893 ’-·-
98 1768 103 1811 ——
99 1692 105 1729 ν-
98 1608 105 1649 =—-
100 1526 107 1567 --
100 1444 107 1485 —

1430 375 1839 421 Eur-tuter
1896 371 2110 421 rans
2169 377 2210 421 1.
3134 373 3248 433 405

1447 615 1943 675 PSALMVS
2011 632 2141 673 122.

814 829 863 869 1.
924 810 1151 869 Laetor
1186 810 1258 867 de
1295 808 1610 869 dicentibus
1634 808 1795 877 ‘milti
1804 852 1821 881 ,
1858 808 2090 867 Eamus
2131 808 2194 867 in
2235 808 2462 867 domum
2503 802 2778 867 Iehouae.

405 1012 611 1072 Huius
652 1011 861 1091 psalmi
900 1010 1061 1071 Finis
1100 1022 1218 1088 est,
1262 1022 1323 1071 vt
1364 1012 1529 1071 Deus
1568 1010 1629 1071 in
1672 1008 1938 1071 Ecclesia
1958 1028 2064 1071 sua
2081 1009 2439 1090 glorificetur
2457 1010 2612 1069 intus
2631 1008 2780 1085 fide,
2799 1007 2942 1069 foris
2961 1007 3252 1085 obsequio

310 1092 475 1153 fidei
514 1091 911 1169 omnibusque
952 1092 1161 1152 officiis
1203 1090 1461 1170 pietatis,
1502 1091 1561 1151 in
1600 1091 1820 1152 vnitate
1860 1090 2111 1169 Spiritus
2149 1109 2258 1169 per
2296 1088 2600 1151 vinculum
2641 1086 2824 1168 pacis.
2865 1090 3107 1150 Summa
3145 1098 3253 1166 est,

306 1174 614 1233 Fructum
656 1171 903 1250 Spiritus
942 1170 1003 1230 in
1042 1172 1323 1232 omnibus
1360 1170 1473 1251 piis
1516 1190 1644 1233 esse
1680 1170 1961 1250 gaudium
2003 1169 2293 1249 spiritale,
2333 1171 2391 1230 ὅτ
2429 1188 2640 1249 pacem
2681 1170 2744 1229 in
2781 1167 3028 1247 iustitia3
3077 1186 3254 1245 quarn

308 1272 540 1331 pacem
578 1254 744 1313 Deus
786 1250 845 1312 in
890 1250 1132 1313 Christo
1174 1250 1413 1331 publice
1452 1252 1617 1312 dedit
1657 1251 1961 1313 Ecclesiae
1977 1297 1995 1329 ,
2027 1254 2082 1312 δι
2103 1250 2345 1329 singulis
2364 1250 2642 1311 membris
2667 1248 2821 1309 illius
2835 1292 2853 1327 ,
2873 1249 2934 1309 in
2955 1267 3039 1324 se,
3078 1259 3256 1325 atque

310 1332 483 1391 inter
538 1350 602 1391 se
656 1330 971 1393 colendam
1026 1349 1163 1392 cum
1220 1333 1354 1393 Deo
1404 1334 1459 1393 δι
1498 1332 1827 1392 secundum
1869 1333 2086 1393 Deum.
2126 1332 2306 1391 Rom.
2355 1350 2444 1405 14.
2475 1348 2568 1407 17.
2627 1330 2826 1389 Partes
2869 1329 3066 1407 itaque
3105 1328 3258 1389 duae

306 1426 495 1472 sunt:
540 1413 695 1473 Nam
735 1411 989 1489 primum
1033 1411 1293 1489 loquitur
1335 1414 1558 1473 Psaltes
1598 1412 1674 1473 de
1714 1411 1957 1491 spiritali
2001 1410 2238 1490 piorum
2278 1411 2500 1489 gaudio
2541 1410 2601 1469 in
2644 1408 2883 1471 Christo
2914 1412 2969 1470 δι
2989 1408 3256 1468 Ecclesia

310 1492 483 1551 eius:
540 1491 615 1551 ad
666 1492 832 1585 quod
886 1492 1169 1569 gaudium
1225 1510 1434 1553 omnes
1476 1492 1745 1554 homines
1798 1510 2072 1553 sermone
2111 1490 2312 1553 salutis
2351 1494 2406 1552 δι
2447 1492 2724 1567 exemplo
2759 1488 2994 1567 piorum
3037 1508 3254 1567 prouo-

314 1582 559 1645 cantur,
602 1590 864 1650 qumque
904 1572 1207 1633 versibus:
1248 1572 1481 1633 Deinde
1520 1576 1665 1633 vero
1703 1592 1821 1651 pax
1863 1572 1964 1632 illa
1997 1570 2328 1633 ostenditur
2360 1588 2540 1649 quam
2561 1568 2829 1631 Ecclesia
2849 1569 3019 1647 colit,
3039 1588 3114 1629 ex
3135 1586 3256 1646 quo

314 1652 565 1712 caelesti
604 1652 706 1712 illo
746 1652 969 1731 gaudio
1009 1653 1200 1731 (quod
1244 1654 1431 1713 modo
1468 1652 1747 1729 diximus)
1788 1654 2026 1732 perfusa
2046 1663 2162 1729 est,
2203 1662 2460 1729 quatuor
2479 1648 2746 1711 versibus
2766 1650 2981 1709 vltimis
3005 1652 3065 1725 (f.
3089 1650 3253 1727 685).

401 1734 746 1808 Antequam
789 1735 933 1792 vero
972 1733 1049 1793 de
1089 1732 1181 1792 his
1220 1732 1484 1809 partibus
1524 1732 1799 1793 distincte
1840 1732 2092 1793 dicimus
2108 1777 2125 1807 ,
2167 1750 2290 1792 non
2331 1741 2420 1792 est
2454 1730 2884 1809 praetereunda
2903 1728 3135 1789 silentio
3157 1728 3256 1789 illa

317 1810 597 1883 occasio,
640 1830 795 1889 quae
834 1811 953 1871 suis
993 1812 1363 1890 temporibus
1402 1813 1697 1873 Dauidem
1740 1812 2018 1873 excitauit
2061 1824 2124 1871 vt
2166 1813 2326 1871 hunc
2367 1810 2798 1873 sanctissimum
2839 1812 3134 1889 psalmum
3173 1812 3254 1871 ad

320 1889 585 1970 gloriam
628 1892 745 1951 Dei
784 1893 1121 1953 canendum
1158 1892 1463 1953 Ecclesiae
1494 1894 1773 1953 traderet.
1814 1892 2098 1969 Quisquis
2117 1896 2210 1953 vel
2233 1891 2610 1952 mediocriter
2629 1890 2692 1951 in
2709 1888 2962 1951 lectione
2983 1888 3258 1950 historiae

322 1990 533 2032 sacrae
592 1982 855 2033 versatus
898 1982 1015 2048 est,
1068 1991 1191 2033 non
1232 1970 1465 2051 ignorat
1503 1973 1736 2050 quantis
1774 1972 2223 2033 difficultatibus
2261 1971 2402 2033 inde
2439 1974 2478 2031 a
2516 1980 2710 2032 morte
2749 1973 2960 2031 Iosuae
2999 1970 3255 2048 populus

323 2052 443 2111 Dei
487 2050 879 2130 laborauerit,
920 2051 981 2111 in
1022 2052 1280 2132 peccatis
1323 2053 1441 2113 suis
1482 2072 1741 2147 mersus,
1782 2054 1837 2113 δι
1880 2052 1939 2113 in
1981 2051 2151 2113 malis
2192 2050 2638 2130 quamplurimis
2677 2048 2838 2110 varie
2857 2063 3100 2128 propter
3122 2068 3254 2129 pec-

320 2144 461 2191 cata
500 2148 607 2191 sua
644 2134 681 2191 a
722 2132 857 2191 Deo
901 2132 1222 2193 exercitus:
1264 2136 1301 2193 a
1339 2132 1558 2210 quibus
1597 2136 1767 2193 malis
1808 2133 1919 2193 etsi
1958 2133 2255 2193 interdum
2294 2133 2477 2223 longo
2517 2131 2832 2191 interuallo
2855 2132 3252 2205 recreabatur,

318 2212 701 2271 liberationes
740 2210 966 2289 aliquas
1005 2212 1209 2273 diuina
1248 2230 1429 2273 manu
1463 2213 1825 2291 adipiscens,
1848 2224 2046 2273 tamen
2066 2232 2142 2273 ne
2171 2214 2456 2273 Samuelis
2477 2210 2720 2289 quidem
2740 2210 2922 2302 ipsius
2943 2220 3044 2269 aut
3064 2210 3252 2271 Saulis

320 2290 692 2369 temporibus
761 2292 938 2352 fuisse
996 2292 1109 2371 piis
1170 2292 1535 2372 refrigerium
1577 2298 1665 2370 (vt
1704 2312 1841 2354 cum
1881 2292 2172 2372 scriptura
2211 2294 2444 2371 loquar)
2485 2290 2802 2369 eiusmod13
2850 2309 2922 2350 ac
2964 2302 3102 2369 post
3139 2290 3252 2351 inis

325 2370 579 2450 contigit
621 2374 801 2450 quam
844 2372 1041 2433 Dauid
1084 2372 1143 2433 in
1185 2390 1433 2454 regnum
1475 2382 1715 2435 euectus
1758 2384 1879 2449 est,
1920 2384 2098 2452 atque
2137 2372 2199 2432 in
2240 2390 2314 2432 eo
2357 2374 2756 2433 confirmatus.
2817 2372 2997 2430 Hanc
3036 2368 3251 2431 consti·

326 2451 614 2513 tutionem
656 2453 951 2513 Dauidem
992 2465 1363 2533 assecutum,
1405 2455 1539 2515 cum
1581 2453 1671 2514 sui
1710 2455 1890 2532 officij
1909 2499 1928 2535 ,
1979 2465 2106 2514 tum
2147 2453 2479 2514 diuinarum
2519 2453 2578 2512 in
2620 2455 2750 2530 lege
2789 2451 3252 2530 promissionum

328 2532 769 2612 recordantem,
810 2533 887 2594 de
928 2553 1067 2594 arca
1104 2533 1361 2594 foederis
1399 2534 1461 2595 in
1504 2533 1802 2595 ciuitatem
1835 2553 2004 2596 suam
2024 2533 2430 2612 importanda,
2471 2536 2526 2594 δι
2545 2533 2732 2593 domo
2754 2531 3078 2592 extruenda
3099 2531 3252 2595 serio

327 2610 712 2690 cogitauisse:
764 2631 1021 2690 quorum
1072 2613 1234 2692 prius
1254 2659 1273 2692 ,
1324 2613 1385 2674 id
1440 2627 1563 2686 est,
1620 2633 1791 2676 arcae
1841 2614 2186 2694 importatio
2233 2613 2294 2674 in
2337 2612 2636 2674 ciuitatem
2675 2609 2951 2690 Dauidis,
3005 2612 3252 2692 contigit

330 2691 565 2753 viuente
606 2692 770 2770 ipso:
812 2693 1135 2788 posterius,
1176 2694 1393 2756 domus
1434 2694 1800 2772 aedificatiO,
1840 2693 1901 2755 in
1942 2709 2177 2773 tempus
2217 2694 2316 2771 filij
2346 2693 2627 2754 reiectum
2649 2703 2756 2753 est.
2803 2711 2834 2751 2
2859 2693 3016 2753 Sam.
3038 2694 3095 2752 6.
3118 2695 3172 2752 81
3196 2711 3249 2768 7.

328 2772 479 2832 Cirm
519 2782 719 2832 autem
761 2791 823 2833 re
864 2774 924 2834 in
966 2773 1279 2836 consilium
1320 2775 1496 2836 missa
1512 2821 1528 2853 ,
1568 2785 1707 2836 a'rca
1746 2773 1845 2835 illa
1884 2775 1998 2835 Dei
2041 2775 2101 2834 in
2125 2775 2443 2835 tentorium
2459 2819 2475 2852 ,
2517 2773 2685 2852 quod
2703 2773 2904 2832 Dauid
2921 2785 3249 2850 parauerat,

331 2851 633 2912 inferenda
682 2863 861 2933 esset,
912 2855 1319 2916 celebritatem
1370 2855 1544 2916 fuisse
1598 2855 1914 2916 maximam
1967 2859 2004 2916 a
2049 2855 2286 2916 Dauide
2323 2854 2670 2932 imperatam
2707 2851 2786 2912 ad
2827 2853 3246 2912 deducendum

332 2949 527 2992 arcam
580 2933 839 2994 Iehouae
886 2933 949 2994 in
1001 2938 1201 2996 locum
1254 2935 1380 2995 eius
1394 2981 1411 3012 ,
1466 2951 1643 3013 quem
1698 2945 2010 3013 parauerat
2059 2935 2146 2996 ei:
2201 2935 2257 2995 &
2305 2933 2666 2995 alacritatem
2707 2949 3001 2993 summam
3041 2942 3168 2992 tum
3207 2935 3246 2992 a

329 3011 729 3074 sacerdotibus
772 3015 1144 3093 Leuitisque,
1164 3025 1310 3074 tum
1355 3019 1392 3076 a
1433 3013 1815 3094 popularibus
1855 3015 2096 3094 singulis
2133 3013 2484 3094 exhibitam,
2523 3012 2667 3092 sibi,
2701 3015 2757 3074 δι
2777 3013 3079 3073 Ecclesiae
3097 3013 3243 3093 toti,

332 3098 630 3170 regnoque
668 3095 824 3154 hanc
862 3095 977 3155 Dei
1016 3095 1263 3174 gratiam
1303 3095 1729 3174 gratulantibus
1768 3107 2044 3174 expertus
2084 3107 2190 3156 est.
2239 3115 2264 3154 1
2309 3094 2588 3156 Chronic.
2637 3113 2663 3153 r
2673 3109 2725 3171 5.
2752 3096 2808 3154 81
2835 3095 2928 3154 16.
2967 3092 3067 3152 Ad
3085 3094 3240 3153 hanc

331 3171 499 3249 igitur
546 3173 923 3234 occasionem
965 3177 1103 3236 cum
1142 3175 1342 3236 Dauid
1380 3185 1677 3236 anteactas
1717 3175 1907 3254 gentis
1945 3193 2088 3237 suae
2129 3179 2184 3238 δι
2223 3175 2527 3236 Ecclesiae
2565 3174 2679 3235 Dei
2718 3173 3083 3234 calamitates
3123 3191 3243 3234 me·

337 3251 519 3311 moria
558 3263 875 3330 repetetet,
916 3255 1366 3333 praesentiaque
1406 3256 1695 3317 beneficia
1732 3273 1870 3316 cum
1910 3256 2024 3317 illis
2065 3265 2464 3334 compararet,
2504 3255 2584 3314 ad
2623 3256 2742 3314 hoc
2781 3253 3080 3314 canticum
3109 3273 3242 3314 exa-

336 3333 579 3392 randum
638 3333 1177 3414 deponendumque
1220 3335 1281 3396 in
1320 3335 1587 3396 Ecclesia
1626 3334 1735 3396 fuit
1770 3346 2014 3396 auctore
2051 3335 2168 3396 Dei
2206 3335 2410 3415 spiritu
2449 3335 2768 3413 adductus3
2805 3343 2870 3394 vt
2909 3332 2980 3393 est
3013 3333 3242 3394 ratione

338 3421 602 3472 testatum
662 3413 881 3474 faceret
896 3459 913 3490 ,
955 3435 1019 3476 se
1058 3427 1185 3475 tum
1224 3434 1419 3476 rerum
1458 3415 1882 3494 praesentium,
1925 3433 2074 3494 quas
2112 3417 2352 3477 videbat
2390 3413 2608 3492 oculis,
2646 3424 2773 3474 tum
2815 3413 3045 3474 illarum
3094 3432 3242 3491 quas

339 3491 525 3552 animo
567 3496 847 3554 cernebat
886 3494 947 3554 in
990 3495 1259 3556 Ecclesia
1296 3497 1439 3574 Dei,
1480 3507 1830 3574 argumento
1863 3497 1941 3556 ad
1981 3498 2136 3557 hanc
2173 3495 2678 3576 praedicationem
2699 3493 2960 3555 diuinam
2984 3494 3241 3556 excitari.

338 3570 583 3632 Videbat
623 3573 780 3634 enim
822 3577 1108 3652 populum
1146 3593 1315 3636 suum
1357 3577 1435 3635 ab
1474 3579 1645 3636 hoste
1686 3577 1998 3636 liberatum
2015 3622 2032 3655 ,
2075 3595 2140 3638 se
2159 3595 2362 3656 regem
2381 3575 2760 3652 tranquillum
2780 3575 3017 3652 datum,
3038 3578 3239 3634 locum

342 3651 583 3711 electum
624 3654 661 3713 a
700 3656 835 3714 Deo
876 3654 1244 3734 designatum
1260 3701 1277 3734 ,
1336 3659 1549 3716 Arcam
1590 3657 1703 3716 Dei
1744 3659 2082 3734 symbolum
2123 3657 2415 3736 gratiosae
2453 3655 2818 3734 praesentiae
2857 3654 2982 3715 eius
3021 3654 3238 3746 impor-

340 3741 508 3791 tatam
558 3731 617 3790 in
674 3733 969 3795 ciuitatem
1012 3753 1176 3796 suam
1194 3781 1211 3812 ,
1267 3739 1555 3814 populum
1593 3737 1761 3813 De0,
1810 3736 1996 3815 Regi,
2037 3739 2092 3798 ἃ
2132 3735 2244 3798 sibi
2282 3737 2702 3814 gratulantem,
2742 3734 2944 3794 omnia
2984 3735 3239 3812 denique

339 3811 597 3872 laudibus
637 3817 692 3875 δι
730 3817 939 3893 plausu
980 3815 1215 3895 piorum
1258 3815 1635 3894 personantia
1676 3817 1752 3876 de
1794 3825 1884 3877 tot
1923 3823 2218 3895 tantisque
2254 3815 2511 3894 acceptis
2549 3812 2869 3876 beneficiis.
2931 3815 3052 3875 Sed
3091 3815 3240 3875 haec

340 3893 606 3968 quantula
664 3895 928 3972 fuerunt,
987 3895 1037 3956 si
1079 3913 1216 3956 cum
1258 3895 1644 3974 spiritalibus,
1684 3913 1838 3973 quae
1877 3896 1994 3956 iam
2035 3907 2162 3956 tum
2201 3899 2484 3958 cernebat
2512 3895 2740 3973 animo,
2783 3889 3239 3972 comparentur?

344 3971 625 4032 Cernebat
665 3976 955 4052 populum
994 3974 1110 4036 Dei
1149 3977 1227 4036 ab
1264 3977 1437 4037 hoste
1463 3975 1691 4040 ‚Satana
1724 3976 2036 4037 liberatum
2071 3976 2132 4037 in
2153 3977 2388 4037 Christo
2407 3977 2784 4052 redemptore
2801 3985 3040 4034 nostro:
3082 3975 3240 4035 hunc

342 4069 527 4130 regem
567 4055 731 4130 pacis
770 4057 809 4114 a
847 4056 982 4115 Deo
1023 4057 1226 4116 datum
1239 4101 1257 4134 ,
1299 4073 1479 4135 quem
1519 4057 1911 4117 adumbrabat
1946 4055 2176 4118 Dauid:
2218 4058 2416 4116 Deum
2457 4054 2570 4116 sibi
2610 4058 2666 4116 ἀ
2709 4053 3010 4115 Ecclesiae
3049 4053 3158 4114 toti
3177 4054 3238 4114 in

344 4131 563 4192 Christo
618 4153 745 4195 esse
790 4135 1325 4213 praesentissimum
1376 4135 1657 4214 singulari
1694 4135 2024 4214 praesentia
2065 4135 2287 4215 gratiae
2331 4155 2438 4215 per
2473 4134 3074 4196 communicationem
3127 4135 3238 4213 spi-

346 4211 505 4291 rituS,
562 4215 617 4273 δι
668 4214 1035 4276 mansionem
1084 4216 1244 4292 apud
1295 4234 1360 4277 se
1408 4219 1813 4296 populumque
1866 4233 2038 4278 suum
2079 4218 2376 4278 statuisse:
2428 4216 2559 4294 pios
2599 4233 2808 4276 ornnes
2843 4215 3240 4276 acclamantes

350 4291 469 4352 lmic
523 4295 891 4356 sanctissimo
941 4295 1059 4355 Dei
1108 4296 1421 4357 aduentui:
1476 4296 1751 4376 Denique
1802 4297 1953 4358 haec
2001 4295 2202 4358 omnia
2240 4295 2574 4375 plenissime
2609 4297 2648 4356 a
2686 4295 2924 4356 Christo
2961 4311 3236 4356 consum-

352 4373 585 4453 manda,
624 4384 752 4435 tum
792 4376 988 4454 priore
1025 4377 1288 4438 aduentu
1324 4375 1541 4457 ipsius,
1594 4379 1735 4438 clim
1776 4395 1976 4440 samo
2015 4378 2206 4440 factius
2243 4387 2334 4439 est
2375 4378 2568 4452 Caro,
2606 4377 2663 4436 δι
2703 4373 3136 4438 consummauit
3173 4373 3234 4438 in

2953 4473 3018 4516 se
3056 4473 3234 4532 quae.
