3923 4875
641 377 713 450 58
1568 381 1673 430 1111
1732 376 1959 429 VERA
2020 376 2554 429 Tnnonooht.

640 547 823 623 Quod
861 545 1103 625 perinde
1142 555 1230 606 est
1268 556 1445 624 atque
1484 546 1533 607 si
1572 545 1817 624 dixeris,
1858 545 2252 625 Theologiam
2291 545 2451 606 illam
2490 544 2551 604 in
2590 542 2850 622 potentia
2889 539 3229 623 simpliciter
3269 539 3536 634 conside-

638 639 856 704 ratam,
899 626 1167 686 eamdem
1208 636 1394 687 totam
1432 625 1494 686 in
1535 626 1770 687 Christo
1811 625 2052 688 demum
2092 638 2229 688 actu
2267 644 2396 686 esse
2434 623 2824 685 terminatam.
2865 626 3290 684 Verumtamen
3323 621 3373 682 si
3405 621 3537 699 quis

639 711 790 767 forte
831 706 998 766 511151
1038 706 1353 784 desideret,
1394 726 1532 784 age,
1574 706 1968 784 Theologiam
2005 709 2161 768 hanc
2199 705 2452 767 Vnionis
2491 715 2783 765 tentemus
2813 705 3138 765 secundum
3167 720 3376 762 causas
3394 703 3538 761 defi-

639 786 783 846 nire.
844 789 951 846 Est
1010 785 1185 864 igitur
1245 789 1395 846 haec
1446 787 1808 865 Theologia,
1872 790 2168 867 Sapientia
2219 806 2420 846 rerum
2474 788 2846 862 diuinarum,
2893 788 2956 844 in
3007 787 3219 862 spiritu
3261 785 3384 841 Dei
3416 783 3540 841 sine

639 886 912 926 mensura
962 887 1087 926 cum
1140 867 1367 926 homine
1402 870 1817 926 communicata
1859 869 2165 945 diuinitus,
2207 868 2296 926 ad
2325 885 2520 925 eorum
2557 867 2809 924 omnium
2847 867 2954 942 qui
2985 864 3292 924 secundum
3332 863 3536 952 imagi-

636 967 762 1005 nem
816 948 943 1005 Dei
996 949 1181 1006 creati
1233 956 1399 1024 sunt,
1458 949 1922 1007 illustrationem.
1985 947 2158 1007 Haec
2211 956 2299 1006 est
2356 945 2456 1005 illa
2513 943 2842 1035 Theologia
2901 943 2964 1004 in
3023 962 3116 1004 se:
3177 959 3332 1019 quae
3383 939 3432 1000 si
3473 940 3535 1000 in

636 1025 906 1087 subiecto
968 1029 1169 1104 (prout
1226 1043 1377 1104 opus
1437 1030 1546 1103 est)
1609 1025 1865 1086 cernitur
1874 1071 1896 1116 ,
1956 1027 2168 1087 eadem
2217 1035 2307 1085 est
2358 1024 2690 1117 Theologia
2729 1023 2910 1084 solius
2952 1021 3170 1084 Christi
3207 1019 3536 1084 Seruatoris

630 1105 847 1184 nostri,
910 1107 1237 1166 secundum
1296 1106 1719 1196 humanitatem
1779 1105 1986 1182 ipsius:
2048 1124 2173 1165 non
2231 1103 2446 1182 Angeli
2491 1103 2665 1163 vllius
2724 1103 2785 1163 in
2846 1103 3060 1180 caelis,
3118 1112 3221 1163 aut
3277 1099 3535 1163 hominis

633 1185 975 1262 cuiusquam
1014 1185 1268 1246 alterius,
1308 1187 1461 1246 Cum
1501 1185 1659 1245 enim
1702 1184 1945 1245 scientia
1987 1184 2306 1245 diuinitatis
2339 1184 2414 1243 sit
2442 1183 2612 1244 fons
2596 1201 2926 1244 inaccessus
2945 1186 3001 1245 &
3021 1185 3270 1272 abyssus
3290 1199 3532 1258 magna:

629 1265 985 1357 Sapientiam
1046 1269 1205 1326 certe
1264 1264 1638 1340 humanitati,
1711 1283 1889 1341 quam
1947 1263 2220 1326 assumsit
2283 1265 2478 1342 DeuS,
2538 1261 2964 1323 subministrari
3023 1261 3315 1341 oportuit,
3373 1262 3536 1320 velut

631 1345 823 1405 riuum
860 1345 1453 1423 abundantissimum,
1495 1345 1601 1403 sed
1641 1345 1815 1405 rebus
1858 1345 2068 1405 creatis
2089 1343 2512 1420 commodum,
2533 1344 2690 1404 vnde
2709 1342 3045 1403 hauriemus
3076 1359 3318 1403 omnes:
3339 1357 3538 1417 quem·

628 1426 955 1486 admodum
1018 1443 1233 1501 aquam
1292 1433 1328 1483 5
1386 1425 1549 1483 fonte
1602 1423 1904 1484 inaccesso
1956 1434 2326 1500 manantem,
2379 1425 2456 1483 de
2515 1425 2757 1483 55515110
2818 1432 2918 1484 5111
2967 1425 3098 1483 lacu
3149 1419 3534 1482 hauriendam

626 1509 910 1582 praebent
949 1503 1277 1564 sitientibus
1316 1503 1627 1594 aquileges.
1664 1506 1733 1562 In
1766 1505 1881 1564 hac
1912 1515 2110 1565 autem
2139 1502 2482 1564 definitione
2515 1503 2722 1562 Genus
2756 1512 2870 1580 est,
2901 1513 2965 1562 vt
2997 1505 3166 1581 ante,
3199 1502 3538 1579 Sapientia:

630 1605 735 1662 per
774 1602 980 1644 causas
1019 1594 1321 1662 ponuntur
1362 1581 1739 1643 differentiae.
1780 1583 2032 1643 Materia
2070 1603 2272 1642 rerum
2311 1585 2648 1643 diuinarum
2683 1593 2804 1672 est,
2838 1601 3053 1660 nempe
3071 1591 3360 1659 quatenus
3379 1598 3541 1638 com-

630 1664 915 1724 municari
954 1674 1231 1742 possunt,
1272 1665 1326 1721 &
1368 1662 1542 1723 nobis
1580 1661 1857 1723 omnibus
1898 1663 2118 1740 exponi
2157 1679 2308 1740 opus
2349 1672 2439 1723 est
2477 1661 2539 1722 in
2580 1661 2837 1722 Christo.
2899 1665 3117 1723 Forma
3158 1670 3248 1722 est
3287 1661 3544 1750 Spiritus

632 1745 756 1803 Dei
810 1747 931 1802 sine
992 1762 1265 1801 mensura
1304 1743 1491 1800 datus.
1556 1742 1792 1801 Etenim
1844 1753 1925 1818 (vt
1965 1743 2084 1803 suis
2125 1744 2525 1834 respondebat
2564 1744 2853 1820 Ioannes,
2895 1745 3068 1802 Ioan.
3111 1761 3185 1816 3:
3233 1739 3357 1820 34.)
3395 1738 3548 1797 filius

632 1841 807 1899 quem
870 1822 1029 1883 misit
1088 1824 1277 1899 DeuS,
1340 1823 1522 1881 verba
1579 1820 1693 1880 Dei
1750 1821 2040 1914 loquitur3
2101 1841 2226 1882 non
2285 1823 2442 1882 enim
2493 1821 2632 1881 huic
2673 1821 2955 1898 Spiritum
2994 1819 3312 1881 admetitur
3351 1820 3547 1878 1)5115.

632 1905 802 1962 Ρ5151
842 1901 1029 1978 diligit
1068 1901 1279 1978 filium,
1322 1903 1377 1960 δι
1419 1900 1623 1961 omnia
1662 1899 1825 1961 dedit
1864 1902 1920 1962 ei
1957 1901 2020 1961 in
2059 1920 2319 1963 manum.
2363 1901 2642 1962 Efficiens
2681 1911 2771 1961 est
2811 1903 3043 1960 Diuina
3082 1900 3548 1960 communicatio:

632 1994 757 2041 tum
796 1997 914 2058 qua
950 1982 1113 2041 Deus
1152 1983 1324 2040 Pater
1364 1979 1768 2040 communicat
1808 1999 1945 2040 cum
1989 1981 2109 2042 filio
2151 1980 2431 2060 Spiritum
2461 1980 2759 2042 exinanito
2779 1981 3105 2042 secundum
3125 1977 3548 2040 humanitatem

632 2059 892 2119 diuinam
951 2058 1162 2139 ipsiuS,
1214 2077 1353 2119 cum
1396 2060 1696 2140 Spiritum
1714 2060 2117 2121 communicat
2157 2080 2294 2121 cum
2334 2061 2701 2120 humanitate
2739 2077 2846 2120 sua
2885 2079 2992 2138 per
3029 2059 3262 2120 vnionis
3302 2056 3550 2137 gratiam

632 2149 693 2199 vt
730 2141 1030 2216 appellant
1070 2139 1446 2216 Scholastici,
1485 2143 1541 2200 &
1581 2134 1990 2201 efficacitatem
2032 2140 2202 2200 illius,
2260 2142 2430 2202 Idem
2468 2138 2626 2201 enim
2669 2141 2935 2201 Christus
2974 2159 3200 2218 vngens
3241 2141 3296 2199 &
3335 2144 3548 2197 vnctus

632 2228 749 2278 est:
792 2221 1065 2297 VngenS,
1106 2221 1431 2280 secundum
1473 2219 1862 2280 diuinitatem.
1904 2232 2114 2281 vnctus
2153 2222 2480 2281 secundum
2523 2219 2944 2281 humanitatem
2984 2238 3184 2293 suam,
3224 2219 3286 2279 in
3327 2215 3546 2276 vnitate

630 2317 937 2375 personae.
975 2264 1135 2359 Finis
1176 2309 1297 2377 est,
1336 2300 1653 2359 illustratio
1693 2319 1889 2359 eorum
1930 2304 2037 2377 qui
2071 2303 2375 2360 secundam
2417 2302 2724 2375 imaginem
2765 2302 2891 2359 Dei
2929 2302 3116 2360 creati
3149 2306 3302 2359 sunt.
3363 2299 3542 2356 Hanc

630 2377 789 2437 enim
852 2378 1297 2440 illustrationem
1356 2379 1687 2471 percipiunt
1740 2379 1801 2439 in
1842 2380 2026 2441 coelis
2065 2379 2278 2459 Angeli
2318 2381 2373 2439 δι
2416 2378 2606 2457 beati,
2647 2390 2956 2457 praesente
2997 2379 3224 2441 visione
3263 2376 3402 2457 Dei,
3444 2375 3544 2435 hic

630 2462 769 2519 vero
809 2458 868 2518 in
910 2458 1076 2521 terris
1115 2461 1345 2538 fideles,
1385 2459 1649 2521 eiusdem
1692 2460 2082 2539 reuelatione,
2127 2463 2285 2521 velut
2326 2461 2602 2521 absentes
2639 2462 2677 2517 a
2715 2459 3001 2521 Domino.
3043 2461 3400 2536 Quanquam
3419 2474 3542 2516 non

630 2541 809 2616 longe
868 2539 1037 2599 abest
1094 2542 1171 2600 ab
1210 2557 1570 2617 vnoquoque
1612 2539 1913 2631 nostrum,
1955 2552 2019 2600 vt
2061 2540 2284 2617 optime
2325 2541 2692 2601 demonstrat
2735 2541 2977 2600 Paulus:
3037 2542 3244 2600 Actor.
3294 2556 3402 2613 17·
3447 2550 3541 2609 27.

634 2620 751 2677 Sed
810 2629 1009 2679 tamen
1068 2619 1213 2679 dum
1268 2618 1367 2677 1115
1407 2636 1848 2711 commoramur
1888 2619 1949 2679 in
1992 2639 2279 2699 corpore,
2317 2623 2562 2697 peregre
2603 2621 2877 2680 absentes
2916 2622 2952 2678 a
2992 2618 3291 2695 Domine,
3333 2615 3546 2693 singuli

629 2718 735 2776 per
776 2700 985 2777 fidem,
1026 2717 1149 2758 non
1188 2716 1294 2775 per
1332 2710 1636 2776 aspectum
1737 2698 2022 2760 cedimus.
2069 2721 2121 2759 2.
2170 2701 2304 2760 Cor.
2353 2717 2426 2777 5:
2474 2716 2526 2773 7.
2567 2701 2638 2758 In
2661 2698 2897 2759 Christo
2917 2698 3116 2776 itaque
3135 2698 3541 2773 Redemptore

630 2789 833 2839 nostro
874 2780 1093 2877 duplex
1134 2788 1223 2838 est
1262 2778 1592 2854 Sapientiae
1732 2779 2037 2857 eologicae
2078 2780 2323 2840 modus:
2371 2782 2538 2838 Vnus
2573 2776 2837 2857 diuinus,
2868 2778 3193 2838 secundum
3215 2776 3539 2837 Deitatem:

628 2860 793 2918 Alter
833 2858 996 2935 quasi
1036 2858 1267 2918 diuinus
1309 2859 1635 2949 secundum
1672 2859 2099 2919 humanitatem
2141 2858 2282 2919 eius.
2326 2860 2447 2919 Hic
2486 2868 2683 2917 autern
2705 2824 2873 2949 quasi
2895 2858 3128 2918 diuinus
3149 2858 3391 2930 modus,
3411 2865 3538 2915 tum

630 2937 861 2997 diuinus
901 2948 990 2998 est
1031 2938 1089 2997 in
1130 2948 1369 2997 aeterno
1410 2937 1701 3015 principio
1744 2956 1851 2999 suo
1872 2950 2346 3016 ,aeternumque
2376 2956 2728 3029 permanens
2747 2937 2808 2997 in
2829 2937 3050 2998 vnitate
3070 2955 3392 3015 personae,
3413 2945 3537 2994 tum

631 3017 799 3093 quasi
836 3016 1069 3077 diuinus
1109 3019 1203 3076 vel
1242 3016 1510 3093 proxime
1550 3017 1847 3098 diuinum,
1889 3020 2212 3079 secundum
2251 3020 2496 3078 modum
2535 3016 2931 3096 ipsiuS.Na1n
2951 3027 3266 3094 vtrumque
3285 2980 3494 3077 simul'
3477 3032 3537 3073 m

630 3096 867 3157 Christo
907 3096 1230 3157 mediatore
1270 3106 1476 3156 nostro
1518 3116 1646 3158 esse
1684 3065 1972 3175 oportuit:
2013 3109 2078 3157 vt
2119 3097 2319 3158 diuina
2358 3101 2477 3158 hoc
2515 3108 2692 3173 pacto
2729 3096 3102 3157 consociaret
3133 3098 3532 3169 adunaretque

626 3175 923 3255 humanis,
962 3167 1159 3236 Deum
1198 3175 1539 3236 conciliaret
1579 3177 1947 3255 hominibuS,
1989 3178 2378 3254 hominesque
2414 3178 2491 3237 ad
2525 3179 2717 3236 Deum
2738 3176 3092 3237 adduceret:
3115 3176 3340 3236 Vnieus
3359 3172 3528 3234 nimi-

626 3272 757 3314 rum
796 3257 1117 3327 Emanuel,
1158 3257 1426 3316 Verbum
1467 3276 1609 3315 caro
1650 3258 1869 3317 factum
1901 3261 1956 3318 &
1979 3259 2140 3317 Deus
2163 3256 2388 3318 factus
2373 3277 2432 3316 ιιι
2456 3275 2629 3316 carne
2649 3256 3019 3333 perspicuuS,
3039 3258 3102 3316 in
3121 3273 3241 3333 quo
3263 3257 3325 3331 (f.
3352 3255 3529 3330 1386)

628 3346 762 3393 sunt
802 3354 1009 3395 omnes
1048 3336 1304 3395 thesauri
1344 3335 1679 3413 Sapientiae
1717 3337 1773 3395 &
1812 3336 2092 3398 scientiae
2131 3337 2497 3415 absconditi,
2533 3338 2587 3396 &
2627 3334 2730 3412 qui
2769 3336 2946 3397 nobis
2985 3338 3170 3397 faetus
3212 3344 3300 3395 est
3331 3337 3369 3392 a
3401 3336 3532 3392 Deo

628 3413 950 3490 Sapientia,
990 3424 1053 3474 vt
1090 3416 1269 3474 docet
1307 3418 1648 3492 Apostolus.
1690 3420 1892 3476 Isaiae
1938 3434 2044 3491 17:
2096 3420 2397 3490 14.Ioan.
2449 3435 2719 3488 1:14.1
2753 3416 3002 3478 ΤίηιαίΙι.
3025 3436 3092 3493 3:
3137 3418 3226 3476 16.
3253 3416 3438 3474 Colos.
3467 3433 3533 3471 2·

627 3514 752 3568 9.1
807 3494 1069 3553 Corinth.
1116 3514 1323 3569 1:30.
1362 3497 1562 3571 Atque
1602 3498 1747 3555 haec
1787 3495 2149 3576 Theologia,
2181 3507 2358 3575 prout
2379 3498 2440 3556 in
2459 3494 2733 3556 Christo
2717 3514 2848 3571 ipso
2871 3497 3280 3557 consideratur
3297 3494 3530 3553 absolu·

624 3572 847 3633 tissima
861 3617 878 3650 ,
934 3572 1303 3665 distinguitur
1350 3573 1524 3633 etiam
1564 3576 1641 3634 ab
1679 3574 1777 3635 illa
1816 3543 2149 3653 Theologia
2185 3577 2536 3668 archetypa,
2577 3575 2652 3634 de
2691 3592 2808 3652 qua
2845 3575 3102 3668 primum
3142 3574 3423 3650 diximus,
3461 3571 3533 3631 iis

624 3652 763 3729 ipsis
804 3652 999 3744 modis
1039 3670 1191 3729 quos
1232 3653 1423 3729 capite
1464 3674 1521 3727 4.
1558 3654 1983 3715 constituimus
2025 3658 2179 3715 Nam
2201 3656 2310 3716 etsi
2331 3674 2513 3716 vnum
2535 3666 2622 3715 est
2643 3673 2964 3717 commune
2989 3657 3287 3731 vtriusque
3307 3652 3528 3714 subiec—

625 3744 751 3792 tum
790 3731 913 3793 siue
954 3732 1363 3824 suppositum,
1394 3742 1453 3791 vt
1492 3744 1737 3812 vocant,
1781 3734 2002 3795 scilicet
2039 3754 2293 3813 persona
2335 3734 2580 3796 Christi:
2623 3734 2722 3793 illa
2761 3744 2958 3795 tamen
2997 3737 3316 3811 archetypa
3334 3734 3530 3792 Theo-

625 3812 781 3889 logia
820 3814 897 3873 ab
937 3823 1176 3874 aeterno
1220 3822 1307 3872 est
1346 3812 1635 3873 increata:
1678 3813 1999 3875 essentialis
2041 3814 2164 3874 siue
2205 3816 2498 3894 formalis,
2537 3834 2656 3874 vna
2697 3815 3022 3907 eademque
3050 3815 3238 3876 Patris
3248 3812 3451 3894 ,Fi1ij,
3471 3814 3526 3871 &

624 3892 869 3968 Spiritus
929 3894 1144 3954 sancti:
1206 3892 1267 3951 in
1328 3910 1455 3952 sese
1513 3893 1978 3971 absolutissima,
2017 3904 2080 3953 vt
2121 3913 2272 3971 quae
2312 3896 2528 3956 habeat
2565 3894 2624 3954 in
2665 3913 2728 3953 se
2768 3894 2969 3955 omnia
3008 3896 3084 3955 de
3126 3912 3234 3955 suo
3248 3860 3526 3952 1111111115;

622 3970 869 4031 infinita:
910 3973 1084 4032 simul
1124 3984 1275 4049 tota,
1302 3984 1418 4049 51(Ι
1424 3992 1493 4031 115
1534 3972 2129 4034 incommunicabilis.
2170 3978 2344 4034 Haec
2383 3979 2525 4036 vero
2566 3984 2776 4051 ectypa
2795 3974 3128 4053 Theologia
3167 3984 3367 4033 creata
3407 3982 3526 4049 est,

622 4052 677 4109 &
719 4052 916 4127 coepit
952 4052 1012 4111 in
1050 4062 1348 4143 tempore:
1389 4052 1701 4112 habitualis
1743 4064 1859 4113 est:
1903 4052 2336 4115 absolutissima
2377 4055 2702 4115 secundum
2737 4064 2978 4113 naturae
3000 4065 3228 4115 creatae
3248 4052 3494 4113 modum
3511 4096 3528 4129 ,

620 4139 683 4187 vt
743 4147 895 4205 quae
951 4133 1169 4192 habeat
1226 4133 1285 4191 in
1346 4150 1597 4209 persona
1656 4132 1731 4191 de
1771 4134 1994 4192 lumine
2033 4145 2275 4192 naturae
2317 4136 2550 4194 alterius
2590 4134 2972 4223 personaliter
3013 4136 3331 4211 adunatae,
3372 4133 3530 4191 velut

618 4208 1047 4286 simplicissimo
1108 4214 1163 4271 &
1224 4210 1657 4271 absolutissimo
1715 4212 2008 4288 principio
2071 4230 2206 4273 suo:
2268 4214 2494 4272 Eadem
2555 4212 2720 4303 quasi
2779 4211 3004 4273 infinita
3045 4224 3132 4274 est
3171 4214 3226 4272 &
3267 4211 3526 4272 infinitae

615 4287 910 4379 proxima,
972 4292 1122 4351 adeo
1163 4302 1226 4350 vt
1266 4290 1499 4349 diuerso
1542 4304 1816 4369 respectu
1855 4290 2143 4351 infinitam
2183 4294 2237 4350 &
2279 4292 2501 4352 finitam
2542 4312 2664 4352 non
2703 4290 3088 4354 incommode
3129 4293 3371 4354 dixeris:
3431 4293 3524 4352 In·

616 4368 836 4428 finitam
896 4369 944 4427 si
989 4388 1124 4429 cum
1168 4380 1498 4429 mensurata
1538 4370 1593 4427 81
1634 4370 1843 4447 exigua
1886 4370 2130 4429 scientia
2167 4381 2396 4431 nostra:
2439 4371 2690 4448 finitam,
2735 4370 2784 4428 si
2823 4389 2960 4431 cum
3000 4372 3100 4434 1115
3138 4369 3430 4435 essentiali
3468 4370 3524 4427 &

3301 4448 3526 4511 infinita
