3923 4875
619 0 681 18 Ὃν

602 118 809 210 itidem
850 117 1175 196 procedant
1212 119 1458 198 singuli,
1498 138 1610 180 nec
1658 117 1833 212 solia,
1874 121 2070 190 flores,
2113 119 2338 180 fructus
2377 119 2559 180 edant
2599 116 2681 178 illi
2723 117 2956 196 pariter.
2997 119 3106 180 Est
3123 127 3322 180 autem
3352 130 3538 198 caput

606 197 691 258 rei
729 202 784 258 δι
823 199 1271 260 fundamentum
1326 199 1626 279 Christus,
1678 199 1961 276 SpintuS,
2023 202 2076 259 δι
2133 199 2250 259 vita
2303 198 2475 260 illius.
2557 197 2678 274 Qui
2739 199 2884 258 alias
2923 217 3016 259 res
3055 197 3116 256 in
3157 198 3366 276 seipsis
3411 219 3534 260 non

607 277 852 369 perinde
912 281 1165 358 habent,
1215 299 1410 357 neque
1451 245 1671 340 Christi
1718 282 1773 340 δι
1814 245 2061 358 Spiritus
2095 280 2150 338 δι
2191 279 2344 340 vitae
2381 281 2606 340 fructus
2645 279 2865 356 pariter
2905 277 3228 357 explicatos
3271 279 3538 340 sentiunt

604 359 667 418 in
708 379 801 433 se,
844 373 945 419 aut
987 379 1191 420 coram
1232 359 1345 421 illis
1390 362 1729 438 proferunt,
1772 360 1833 420 hi
1874 378 1999 420 non
2040 359 2326 420 continuo
2369 357 2600 420 extrudi
2639 369 2888 436 possunt
2927 378 3002 418 ex
3042 377 3228 436 regno
3273 359 3534 438 Christi,

605 449 705 498 aut
754 439 943 518 frangi
996 458 1205 500 eorum
1256 439 1435 501 animi
1491 439 1711 501 odiosis
1766 439 2331 517 comparationibus.
2383 442 2538 500 Nam
2579 437 2626 498 si
2665 457 2868 500 ramos
2908 441 2964 500 δι
3005 440 3228 498 fructus
3275 441 3528 500 eosdem

604 538 725 579 non
768 519 1017 601 habent3
1060 531 1120 580 at
1158 520 1317 580 idem
1358 519 1737 598 principium,
1780 521 2032 580 eandem
2075 519 2339 580 radicem
2377 520 2641 580 habent:
2683 539 2756 579 ac
2794 519 3046 598 proinde
3087 520 3224 578 cum
3265 519 3328 578 in
3371 520 3533 598 prin-

608 599 765 676 cipio
826 601 882 660 &
941 566 1143 660 radice
1202 601 1257 659 δι
1306 601 1423 660 vita
1484 600 1598 660 sint
1636 619 1840 679 pares,
1880 599 2100 678 pariter
2145 599 2544 690 coagmentati
2582 602 2621 658 a
2657 599 2837 660 nobis
2883 599 3164 660 censendi
3205 611 3366 660 sunt.
3411 605 3530 678 quo

604 679 958 756 respiciebat
1010 682 1336 758 Apostolus
1378 681 1608 759 dicenS,
1648 681 1873 740 nullum
1915 700 2022 758 per
2061 678 2341 758 Spiritum
2382 681 2498 740 Dei
2535 682 2882 758 loquentem
2923 679 3122 739 dicere
3163 681 3362 740 Iesum
3399 701 3534 740 ana-

606 761 832 836 thema,
876 763 931 821 &
970 759 1267 820 neminem
1312 779 1487 837 posse
1526 763 1721 820 Iesum
1763 759 1964 821 dicere
2005 759 2369 838 Dominum,
2411 759 2522 820 nisi
2561 779 2669 838 per
2689 760 2968 838 Spiritum
2991 771 3287 821 sanctum.
3315 779 3364 820 1.
3389 762 3534 822 Cor.

612 859 701 900 12.
742 861 801 916 3.
840 841 947 900 Est
986 840 1145 900 enim
1188 843 1399 916 relata,
1443 841 1621 900 etiam
1661 839 1888 900 minimi
1928 839 2216 918 cuiusque
2257 839 2317 899 in
2361 859 2548 918 regno
2586 841 2893 900 caelorum
2913 857 3050 899 cum
3071 837 3314 900 Christo
3337 841 3533 918 capite

606 931 811 980 nostro
852 919 1327 1012 coagmentatiO,
1370 940 1486 999 qua
1528 939 1737 981 omnes
1782 937 2091 981 manemus
2131 919 2192 979 in
2233 919 2365 998 illo,
2406 921 2462 980 δι
2507 919 2604 980 ille
2642 917 2704 979 in
2747 919 2924 981 nobis
2965 930 3194 978 manet·
3237 939 3311 979 ac
3351 941 3530 999 prop-

608 1011 767 1060 terea
821 1012 997 1078 prout
1036 1000 1233 1060 anima
1288 999 1349 1060 in
1390 1000 1669 1062 omnibus
1708 999 1978 1078 corporis
2019 999 2304 1060 membris
2344 999 2522 1078 viuit,
2563 1001 2620 1060 δι
2660 999 2868 1060 omnia
2907 997 3166 1060 vicissim
3204 998 3276 1091 in·
3303 999 3438 1078 illa,
3479 1005 3532 1062 ἃ

608 1079 755 1140 viuit
791 1079 1105 1140 indiscreta
1146 1079 1299 1158 vita,
1343 1097 1497 1174 quae
1540 1079 1805 1141 omniurn
1845 1085 1901 1142 δι
1941 1081 2308 1158 singulorum
2349 1079 2684 1140 communis
2741 1091 2860 1141 est·
2918 1078 2999 1138 ita
3039 1078 3216 1139 etiarn
3255 1077 3318 1138 in
3355 1081 3530 1143 nobis

609 1159 894 1220 ChristuS.
936 1162 1049 1219 Par
1086 1159 1285 1238 itaque
1329 1161 1597 1222 omnium
1639 1171 1727 1222 est
1765 1162 1941 1239 vnio,
1986 1163 2040 1222 δι
2063 1160 2410 1220 communio
2431 1179 2569 1251 par:
2601 1158 2744 1220 sed
2729 1179 2919 1250 impar
2937 1161 2973 1218 a
2993 1158 3234 1220 Christo
3253 1159 3534 1240 quidem3

608 1242 937 1318 donorum,
991 1239 1403 1319 vocationum,
1468 1244 1524 1303 δι
1577 1240 1988 1320 operationum
2030 1259 2104 1300 ex
2144 1258 2570 1300 communione
2622 1241 2736 1300 hac
2777 1239 2838 1298 in
2879 1257 2990 1300 nos
3025 1209 3534 1318 proficiscentium

609 1321 853 1381 modus:
896 1323 933 1379 a
974 1320 1255 1381 membris
1298 1324 1470 1399 vero,
1511 1322 1703 1402 ordo,
1745 1322 2111 1399 functioneS,
2159 1323 2215 1382 δι
2255 1319 2634 1397 operationes
2671 1319 2948 1397 impares.

684 1401 793 1460 Est
832 1399 1005 1480 igitur
1044 1399 1359 1462 Christiani
1400 1366 1703 1478 cuiusque
1726 1401 2019 1476 officium,
2066 1411 2126 1460 vt
2167 1403 2346 1477 quam
2387 1399 2832 1492 diligentissime
2866 1417 3069 1459 secum
3113 1397 3238 1476 ipse
3278 1411 3534 1492 reputet,

608 1491 891 1572 quantam
955 1481 1202 1559 gratiam
1266 1480 1677 1558 honoremque
1736 1485 1775 1541 a
1812 1483 1947 1541 Deo
1990 1480 2321 1558 acceperit,
2360 1481 2527 1558 quod
2569 1479 2628 1540 in
2670 1479 2968 1557 spirituale
3007 1478 3152 1539 illud
3190 1479 3532 1540 aedificium

604 1559 857 1638 accitus„
900 1563 955 1622 δι
996 1561 1509 1654 coagmentatione
1550 1561 1881 1622 firmissima
1920 1571 2269 1652 compactus
2309 1577 2444 1620 cum
2467 1558 2705 1621 Christo
2728 1562 2784 1620 δι
2805 1558 3086 1619 membris
3109 1555 3289 1637 iuius,
3327 1580 3534 1638 parem

605 1657 745 1700 cum
787 1639 1026 1719 reliquis
1068 1642 1186 1702 suis
1230 1641 1502 1702 fratribus
1542 1653 1761 1702 sortem
1797 1639 2174 1702 haereditatis
2194 1642 2250 1701 &
2270 1639 2530 1718 gloriae
2513 1659 2573 1700 ιιι
2596 1639 3021 1700 communione
3041 1638 3262 1699 Christi
3281 1640 3535 1718 adeptus

607 1731 731 1780 est·
794 1722 887 1781 Ac
948 1721 1201 1798 proinde
1262 1721 1769 1814 quemadmodum
1830 1721 2065 1782 interno
2126 1722 2228 1780 illo
2292 1719 2623 1780 Seruatoris
2683 1719 2872 1779 nostri
2930 1717 3274 1780 testimonio
3312 1719 3376 1779 in
3415 1721 3534 1782 fide

606 1800 825 1878 credit,
886 1804 942 1862 &
1004 1819 1111 1861 suo
1150 1800 1489 1862 testimonio
1550 1801 1608 1860 in
1652 1801 1935 1862 charitate
1969 1799 2132 1861 credi
2171 1799 2466 1860 desiderat
2507 1819 2570 1860 se
2611 1819 2739 1860 esse
2784 1801 3118 1860 membrum
3161 1798 3383 1860 Christi
3421 1803 3535 1861 Ec-

609 1879 942 1958 clesiaeque
985 1883 1313 1942 catholicae
1356 1883 1508 1960 eius,
1545 1880 1627 1942 ita
1667 1881 1841 1942 etiam
1882 1881 1959 1940 de
2002 1879 2130 1940 aliis
2172 1899 2290 1972 pro
2323 1899 2430 1940 sua
2469 1879 2531 1940 in
2575 1879 2874 1940 Christum
2915 1881 3034 1940 fide
3075 1883 3130 1940 &
3163 1878 3490 1941 charitate
3472 1899 3532 1941 ιιι

604 1963 813 2021 fratres
855 1969 1087 2036 statuat,
1132 1980 1236 2022 eos
1278 1978 1481 2020 secum
1527 1960 1586 2023 in
1628 1981 1986 2040 compagem
2029 1959 2454 2021 sanctissimam
2495 1962 2652 2020 hanc
2693 1960 3083 2020 adducendos
3104 1971 3300 2036 curet,
3345 1961 3532 2020 addu-

608 2051 738 2100 ctos
796 2058 933 2101 cum
999 2040 1237 2134 Christo
1301 2045 1355 2102 δι
1419 2041 1685 2102 Ecclesia
1726 2041 1849 2102 eius
1888 2041 2180 2101 coaluisse
2221 2039 2458 2132 sentiat,
2511 2041 2920 2117 honoremque
2961 2038 3045 2100 eis
3087 2039 3306 2098 tribuat
3347 2051 3530 2118 prout

608 2121 903 2181 honorem
943 2124 979 2181 a
1020 2123 1154 2181 Deo
1195 2120 1334 2200 ipsis
1374 2121 1577 2182 haberi
1618 2121 1797 2182 videt.
1837 2122 1976 2181 Non
2017 2120 2116 2180 hic
2154 2085 2470 2212 opiniones
2490 2119 2801 2180 hominum
2821 2136 2975 2210 quae
2997 2118 3137 2180 fidei
3159 2119 3530 2180 Christianae

608 2212 965 2292 repugnant,
1028 2220 1151 2261 non
1204 2203 1582 2262 aduersantes
1626 2199 1897 2262 charitati
1950 2199 2349 2280 suspicioneS,
2403 2199 2794 2280 offensiones,
2855 2197 3028 2276 odia,
3087 2209 3190 2258 aut
3229 2199 3528 2260 eiusmodi

607 2279 720 2340 alia
770 2281 1121 2341 adducenda
1175 2291 1338 2360 sunt,
1387 2293 1450 2340 vt
1496 2279 1726 2342 iudiciis
1780 2281 2025 2374 nostriS,
2077 2299 2230 2358 quae
2270 2247 2349 2340 de
2387 2279 2514 2341 aliis
2557 2283 2780 2340 temere
2821 2279 3104 2372 facimuS,
3145 2279 3533 2358 superciliose

606 2359 1033 2440 indulgeamus.
1076 2361 1252 2421 Fides
1293 2361 1352 2420 ιιι
1396 2361 1726 2436 Christum,
1762 2361 1867 2439 qui
1906 2363 2154 2421 alterum
2197 2371 2374 2420 vocat
2416 2369 2480 2420 vt
2518 2379 2634 2441 me,
2676 2361 2731 2419 δι
2772 2357 3027 2419 charitas
3066 2325 3128 2420 ιιι
3168 2359 3532 2439 proximum,

610 2460 761 2519 quae
813 2462 909 2502 me
956 2446 1143 2520 aeque
1195 2462 1333 2521 erga
1382 2442 1547 2502 illum
1601 2408 1825 2520 obligat
1878 2454 2056 2520 atque
2111 2442 2259 2502 alios
2303 2459 2443 2518 erga
2489 2460 2617 2520 me,
2659 2442 2808 2501 haec
2844 2440 2946 2499 illa
2986 2451 3125 2500 sunt
3161 2440 3378 2529 quibus
3417 2460 3531 2501 nos

606 2521 701 2601 agi
768 2522 829 2582 ιιι
893 2524 1005 2583 hac
1076 2523 1195 2583 vita
1255 2524 1463 2582 decet.
1530 2532 1594 2581 vt
1656 2522 1937 2601 deinceps
2000 2522 2300 2582 neminem
2369 2522 2698 2581 secundum
2759 2539 3000 2580 carnem
3063 2538 3534 2599 cognoscamus,

606 2603 1109 2679 quemadmodum
1171 2605 1479 2681 profitetur
1521 2604 1587 2677 (f.
1631 2606 1768 2679 707)
1810 2602 1883 2661 de
1926 2623 1991 2662 se
2033 2603 2386 2680 ApostoluS,
2429 2602 2534 2661 sed
2578 2600 2627 2660 si
2669 2600 2801 2679 quis
2843 2611 2931 2660 est
2969 2600 3030 2659 in
3073 2600 3345 2678 Christo,
3387 2620 3530 2661 cum

605 2699 823 2742 nouam
878 2696 1207 2743 creaturam
1264 2702 1393 2741 esse
1432 2693 1784 2757 statuamus,
1844 2686 1898 2743 ἃ*
1948 2684 2108 2759 paris
2148 2682 2464 2741 nobiscum
2503 2680 2657 2741 vitae
2699 2680 3119 2759 dignitatisque
3161 2690 3530 2742 consortem.

604 2764 745 2822 Non
806 2780 935 2822 sum
994 2762 1224 2823 nescius
1265 2762 1607 2822 Hebraeam
1669 2782 1883 2822 vocem
1945 2762 2113 2823 aliter
2171 2761 2391 2839 exponi
2429 2762 2640 2839 vulgo,
2695 2763 2752 2821 &
2795 2761 2871 2820 ad
2909 2761 3100 2820 solam
3141 2759 3532 2837 quantitatem

608 2846 695 2919 (vt
758 2846 999 2917 vocant)
1042 2843 1357 2903 discretam
1400 2840 1606 2902 referri
1644 2842 1990 2935 plurimum,
2033 2840 2199 2901 cuius
2236 2840 2464 2901 ratione
2506 2849 2740 2901 constat
2778 2860 2890 2899 nos
2929 2858 3172 2916 omneS,
3213 2840 3315 2917 qui
3357 2840 3532 2903 diuisi

610 2940 812 2982 sumus
872 2923 970 2997 alij
1022 2922 1101 2983 ab
1141 2922 1299 3002 aliis,
1354 2921 1557 2983 vocari
1598 2922 1659 2981 ιιι
1701 2922 1974 2999 corporis
2013 2922 2167 2981 illius
2213 2921 2518 2981 vnitatem.
2557 2922 2962 2981 Veruntamen
3001 2920 3138 2979 cum
3181 2938 3305 2979 rem
3348 2918 3532 2981 intro-

607 3001 794 3081 spicio
831 3000 1191 3081 diligentius,
1252 3021 1373 3063 non
1428 3019 1668 3079 possum
1719 3002 1859 3080 quin
1916 3002 1995 3063 ad
2050 3001 2433 3079 quantitatem
2485 3017 2726 3093 quoque
2769 3006 2857 3077 (vt
2897 3002 3141 3076 vocant)
3183 2998 3532 3061 continuam

610 3086 763 3143 hanc
805 3102 1017 3143 vocem
1060 3086 1344 3161 referam,
1385 3084 1441 3143 &
1494 3082 1612 3142 hoc
1655 3080 1714 3141 ιιι
1754 3085 1896 3143 loco
1937 3082 2262 3174 intelligam
2306 3080 2924 3141 conuenientissimam
2965 3079 3381 3158 aequalitatem
3423 3098 3532 3140 no-

612 3172 792 3223 stram
847 3161 1109 3222 omnium
1166 3162 1228 3222 in
1281 3180 1514 3222 summo
1566 3162 1670 3221 illo
1710 3163 2002 3223 beneficio
2044 3161 2261 3223 Christi
2303 3159 2712 3251 participando
2753 3161 2868 3221 hac
2905 3179 3058 3221 voce
3099 3159 3425 3239 declarari,
3467 3170 3534 3219 vt

612 3245 669 3304 ιιι
732 3253 1021 3303 structura
1078 3243 1229 3303 iusta
1279 3260 1486 3302 omnes
1531 3254 1725 3319 partes
1778 3243 1854 3301 ad
1908 3242 2254 3320 dignitatem
2295 3243 2351 3301 δι
2393 3239 2729 3300 firmitatem
2771 3240 2968 3318 operis
3011 3250 3149 3300 sunt
3189 3258 3298 3300 suo
3341 3241 3530 3300 modo

610 3322 969 3400 aequabiles,
1025 3322 1196 3397 Quae
1250 3322 1517 3381 doctrina
1566 3323 1880 3399 plurimum
1928 3322 2217 3381 momenti
2259 3322 2338 3381 ad
2378 3319 2833 3382 consensionem
2882 3322 2936 3381 &
2979 3340 3190 3398 pacem
3235 3320 3383 3379 inter
3423 3339 3533 3381 eos

612 3420 763 3481 quos
815 3402 1081 3463 Christus
1137 3402 1440 3462 Ecclesiae
1492 3421 1631 3462 suae
1686 3403 2018 3482 accensuit,
2069 3406 2124 3463 δε
2180 3406 2359 3478 porro
2413 3410 2731 3461 vocaturus
2771 3410 2887 3477 est,
2933 3400 3207 3460 alendam
3250 3402 3304 3460 δι
3344 3399 3534 3459 conti·

612 3484 867 3544 nendam
920 3481 1138 3543 adiicit.
1198 3486 1396 3559 Atque
1451 3484 1599 3542 haec
1654 3500 1831 3543 causa
1882 3492 1999 3559 est,
2050 3502 2155 3542 cur
2188 3484 2434 3561 pariter
2485 3480 2682 3559 potius
2736 3484 2917 3558 quam
2970 3482 3090 3541 vn&
3129 3480 3318 3540 visum
3359 3479 3536 3540 fuerit

610 3566 953 3625 Hebraeam
1002 3582 1215 3623 vocem
1258 3562 1526 3623 reddere.

719 3762 774 3813 4.
855 3742 1023 3799 Nam
1062 3742 1202 3800 illuc
1244 3742 1564 3802 ascendunt
1598 3741 1787 3802 tribus
1806 3786 1822 3815 ,
1863 3740 2050 3798 tribus
2089 3739 2209 3797 lala
2231 3782 2250 3815 ,
2291 3740 2380 3798 ad
2408 3740 2788 3799 testimonium
2829 3740 3058 3799 Israeli
3095 3740 3293 3797 datum
3314 3783 3332 3815 ,
3373 3747 3440 3799 vt

1656 3821 1939 3879 celebrent
1975 3837 2177 3878 nomen
2213 3820 2488 3879 lehouae.

690 3978 1029 4045 POSTQUAM
1070 3974 1145 4036 de
1187 3975 1377 4035 forma
1417 3972 1709 4033 essentiali
1731 3970 2035 4033 Ecclesiae
2057 3970 2311 4033 diximus
2325 4016 2344 4053 ,
2384 3974 2439 4032 δι
2461 3972 2885 4034 communione
2905 3971 3138 4032 interna
3155 3982 3536 4050 sanctorum,

3349 4069 3530 4129 quam
