3923 4875
1295 393 1399 434 DE
1458 390 1880 434 POLITIAE
1944 391 2200 435 MOSIS
2260 393 2544 436 OBSRR.
3265 397 3379 456 347

460 555 853 616 auersandum
915 555 1153 612 malum.
1216 551 1505 612 Notiones
1544 553 1685 610 vero
1726 551 1803 610 ad
1844 553 2026 612 finem
2067 551 2230 612 illum
2273 553 2629 629 pertinentes
2671 551 2846 612 trium
2888 567 3022 614 sunt
3059 574 3380 632 generum,

460 647 637 716 prout
675 635 889 712 triplex
929 645 1017 693 est
1056 633 1207 694 ordo
1251 630 1697 691 inclinationum
1735 635 1774 690 a
1813 642 2020 691 natura
2057 630 2118 692 in
2157 632 2332 694 nobis
2374 633 2712 712 dispositus.
2753 635 2987 694 Harum
3031 635 3190 696 enim
3231 637 3382 698 aliae

460 716 815 778 vniuersales
877 724 1041 790 sunt,
1101 711 1315 789 quibus
1378 709 1701 772 substantia
1762 711 2058 790 quaelibet
2111 713 2294 772 fertur
2325 713 2404 774 ad
2443 716 2671 776 bonum
2712 715 3040 774 secundum
3077 725 3384 796 naturam,

457 799 537 858 ad
578 794 667 857 sui
708 793 1220 856 conseruationem
1261 791 1551 852 adhibens
1591 808 1743 869 quae
1782 801 1917 851 sunt
1955 793 2311 873 commoda,
2371 795 2426 854 &
2468 795 2770 872 depellens
2811 794 3106 854 contraria
3145 816 3382 858 conser-

460 874 685 937 uationi
724 874 935 953 ipsius,
996 873 1144 934 aliae
1186 889 1535 932 communes
1575 869 1990 948 animantium,
2052 890 2198 949 quas
2239 885 2446 934 natura
2487 873 2688 934 omnia
2725 871 3000 934 animalia
3041 876 3276 956 docuit,
3321 887 3384 938 vt

458 955 871 1036 propagationi
932 953 987 1014 δι
1050 951 1485 1013 conseruationi
1544 969 1685 1012 suae
1737 950 1953 1029 speciei
1994 951 2224 1030 singula
2262 951 2609 1033 inseruiant,
2671 953 3002 1014 cuiusmodi
3041 965 3178 1016 sunt
3219 954 3380 1016 coni-

460 1035 663 1096 unctio
723 1033 899 1096 maris
952 1037 1007 1094 δι
1057 1033 1377 1110 faeminae,
1436 1031 1758 1093 liberorum
1800 1031 2104 1110 educatio,
2153 1035 2209 1093 &
2249 1032 2460 1094 similia
2501 1037 2716 1112 multa,
2769 1033 2918 1094 aliae
2959 1035 3212 1112 denique
3251 1056 3382 1113 par-

460 1117 731 1177 ticulares
792 1113 1081 1191 hominiS,
1142 1114 1469 1173 secundum
1530 1122 1799 1173 naturam
1856 1111 2097 1172 rationis
2117 1158 2135 1190 ,
2196 1131 2316 1190 qua
2371 1113 2768 1174 animantibus
2828 1116 3002 1190 cae(f.
3062 1115 3380 1194 1493)teris

459 1194 788 1273 antecellit3
828 1193 1041 1272 quibus
1079 1194 1266 1253 homo
1308 1203 1432 1252 tum
1474 1191 1551 1252 ad
1592 1191 1896 1253 scientiam
1938 1192 2416 1270 cognitionemve
2456 1195 2570 1254 Dei
2611 1198 2665 1254 δι
2706 1211 2901 1253 rerum
2922 1193 3220 1274 omnium,
3251 1207 3378 1256 tum

460 1277 538 1336 ad
578 1276 759 1338 vitam
800 1273 1219 1334 instituendam
1259 1284 1469 1333 natura
1509 1273 1662 1332 duce
1704 1271 1976 1352 inclinat,
2018 1283 2082 1332 vt
2121 1286 2466 1350 assequatur
2506 1277 2756 1336 bonum.
2798 1273 2913 1334 His
2954 1292 3097 1352 ergo
3137 1275 3377 1336 inclina-

457 1355 717 1418 tionibus
760 1374 833 1415 ne
875 1371 1086 1414 caecus
1128 1353 1578 1430 quodammodo
1619 1353 1805 1412 homo
1848 1363 2169 1431 raperetur,
2208 1353 2482 1414 notiones
2507 1373 2748 1432 quoque
2770 1364 3014 1414 naturae
3033 1373 3380 1416 communes

457 1435 675 1496 adiecit
732 1437 930 1512 Deus,
990 1435 1045 1493 δι
1087 1433 1146 1493 in
1188 1433 1526 1494 hominibus
1568 1431 1809 1511 singulis
1851 1431 2171 1510 impressit,
2212 1451 2364 1511 quae
2405 1437 2500 1494 lex
2541 1443 2695 1494 esset
2735 1431 2964 1494 homini
2999 1436 3076 1494 ad
3119 1455 3212 1494 res
3253 1436 3380 1496 illas

458 1515 795 1576 naturaliter
834 1513 1165 1574 inclinanti:
1208 1525 1271 1574 vt
1308 1515 1527 1591 home,
1567 1522 1849 1589 tanquam
1890 1513 2217 1574 substantia
2255 1533 2372 1574 vna
2409 1513 2744 1593 indiuidua,
2789 1515 2863 1574 de
2905 1533 3014 1574 suo
3036 1533 3166 1576 esse
3192 1519 3278 1592 (vt
3299 1515 3380 1576 ita

456 1597 796 1674 loquamur)
838 1593 1183 1672 dispiceret3
1226 1605 1509 1670 tanquam
1550 1592 1801 1671 animal,
1842 1593 1918 1654 de
1960 1610 2066 1654 sua
2105 1593 2328 1672 specie:
2373 1601 2655 1673 tanquam
2695 1595 2914 1673 hom0,
2956 1595 3031 1654 de
3052 1612 3160 1656 sua
3176 1595 3377 1674 cogni·

457 1677 623 1737 tione
665 1678 720 1735 &
762 1675 883 1736 uita
923 1692 1060 1734 cum
1101 1673 1327 1734 ratione
1369 1671 1759 1732 informanda.

538 1759 773 1816 Harum
827 1758 971 1814 vero
1024 1753 1367 1832 notionum,
1430 1772 1576 1830 quas
1629 1762 1871 1812 naturae
1925 1755 2219 1813 humanae
2267 1754 2663 1814 communiter
2717 1753 2931 1814 inditas
2985 1755 3378 1832 affirmamuS,

458 1838 606 1897 duas
660 1845 855 1914 partes
908 1833 1155 1894 omnino
1210 1833 1545 1910 statuimus;
1606 1849 1855 1909 quarum
1912 1853 2091 1892 vnam
2125 1836 2596 1914 principiorum,
2653 1837 2896 1894 alteram
2951 1837 3376 1894 conclusionum

458 1915 867 1976 communium
920 1913 1164 1973 nomine
1216 1913 1607 1992 designamus,
1664 1913 1959 1990 Principia
2013 1932 2084 1974 ea
2136 1913 2414 1993 dicimus,
2469 1933 2622 1992 quae
2669 1934 2778 1993 per
2829 1933 2894 1974 se
2934 1924 3078 1974 nota
3118 1925 3280 1992 sunt,
3321 1917 3376 1976 &

456 1995 735 2072 immota,
784 1998 839 2056 &
892 1993 1419 2072 (quemadmodum
1471 1991 1819 2054 Scholastici
1875 1997 2117 2068 vocant)
2155 1993 2732 2068 indemonstrabilia,
2774 1993 2834 2054 id
2876 2006 2996 2066 est,
3041 1999 3130 2070 (vt
3169 1993 3376 2054 melius

459 2073 674 2138 Graeci
714 2075 1011 2150 dixerunt)
1052 2073 1474 2132 ἀναποδεικτάε
1516 2073 2062 2152 quemadmodum,
2101 2073 2356 2151 exempli
2375 2092 2584 2153 causa,
2618 2073 2969 2152 principium
2991 2073 3272 2134 scientiae
3291 2085 3380 2134 est

455 2155 723 2217 innatum
776 2152 991 2233 menti,
1041 2155 1237 2212 Deum
1292 2172 1451 2231 esse,
1506 2151 1565 2212 in
1617 2153 1769 2232 vita,
1811 2155 1878 2212 τὸ
1922 2148 2078 2212 εἶναι
2119 2164 2424 2232 nostrum,
2464 2155 2723 2232 speciem
2767 2164 3060 2232 nostram,
3101 2153 3378 2214 iustitiam

456 2237 947 2297 conseruandam.
1008 2231 1439 2294 Conclusiones
1497 2237 1639 2294 vero
1690 2251 2042 2293 communes
2094 2235 2460 2312 appellamus
2515 2254 2642 2313 eaS,
2697 2252 2842 2312 quas
2896 2235 3045 2296 ratio
3099 2233 3378 2296 naturalis

455 2326 775 2395 praeeunte
816 2325 1061 2374 naturae
1100 2315 1235 2372 luce
1278 2313 1517 2373 conficit
1557 2333 1630 2373 ex
1670 2312 2006 2391 principiis:
2049 2323 2113 2374 vt
2156 2316 2355 2375 Deum
2400 2317 2716 2374 colendum
2741 2334 2902 2393 esse,
2936 2325 3170 2375 nostrae
3191 2313 3376 2384 vitae,

456 2393 701 2475 speciei,
750 2393 1000 2457 iustitiae
1054 2392 1397 2454 adiumenta
1448 2413 1576 2455 esse
1635 2395 2029 2471 procuranda.
2091 2393 2188 2455 Sic
2240 2396 2319 2456 ad
2373 2413 2523 2473 opus
2573 2405 2850 2474 naturae,
2905 2394 3030 2455 siue
3082 2394 3377 2473 integrae,

456 2494 635 2554 quam
684 2480 821 2537 ante
876 2474 1245 2543 dicebamu5‚
1304 2473 1427 2534 siue
1484 2476 1869 2554 deprauatae,
1923 2475 1984 2535 in
2037 2493 2156 2551 qua
2206 2492 2368 2535 nunc
2419 2475 2677 2554 agimus,
2729 2474 2958 2537 homini
3006 2485 3242 2535 sanctus
3283 2473 3378 2534 ille

458 2556 665 2616 mundi
705 2557 911 2617 oculus
946 2552 1247 2633 prospexit
1282 2555 1411 2631 lege
1444 2553 1694 2615 naturali
1721 2553 2309 2634 conuenientissime,
2343 2558 2480 2615 cum
2515 2554 2832 2635 principia,
2867 2556 3094 2633 media,
3125 2557 3180 2615 &
3199 2556 3376 2615 finem

455 2647 697 2697 naturae
738 2646 897 2696 tanta
938 2632 1365 2695 commoditate
1404 2633 1864 2713 circumscripsit
1902 2634 1961 2694 in
1997 2634 2364 2713 singulorum
2384 2636 2708 2715 mentibuS,
2742 2638 2798 2696 δι
2821 2639 2858 2694 a
2873 2634 3178 2714 principiis
3202 2639 3376 2713 (quae

456 2715 865 2777 inclinationes
917 2714 1045 2775 illas
1096 2715 1387 2773 naturales
1434 2716 1743 2791 generant)
1797 2714 1876 2776 ad
1917 2714 2329 2776 conclusiones
2370 2716 2594 2777 ducens
2633 2714 3117 2777 commodissime
3158 2714 3372 2775 iustum

457 2800 634 2857 finem
676 2794 1013 2875 proposuit,
1052 2794 1128 2855 ad
1172 2812 1350 2871 quem
1391 2805 1600 2854 natura
1638 2794 1791 2855 duce
1831 2814 1943 2855 nos
1983 2814 2192 2855 omnes
2236 2794 2374 2856 ferri
2417 2798 2605 2857 fuerat
2643 2794 3076 2873 aequissimum.

537 2877 659 2936 Sed
709 2876 951 2936 istarum
1005 2875 1319 2934 notionum
1374 2873 1791 2951 actionumque
1846 2874 1993 2953 legis
2046 2874 2326 2936 naturalis
2381 2878 2596 2937 modus
2645 2876 2902 2937 maximo
2959 2885 3165 2935 nostro
3218 2876 3376 2935 malo

458 2956 717 3018 variauit.
761 2956 898 3016 Fuit
937 2955 1095 3015 enim
1136 2952 1361 3031 primus
1400 2952 1497 3013 ille
1546 2954 1761 3014 modus
1801 2952 1863 3015 in
1903 2964 2113 3015 natura
2151 2955 2378 3035 integra
2416 2955 2642 3035 integre
2675 2976 2744 3015 ac
2767 2958 3026 3033 perfecte
3047 2955 3376 3015 secundum

457 3048 701 3097 naturae
756 3038 1004 3096 modum
1057 3044 1332 3095 aeternae
1384 3034 1504 3113 legi
1557 3036 1995 3113 conformatuS,
2038 3042 2290 3112 eamque
2331 3038 2593 3115 perfecta
2633 3037 2891 3113 quadam
2929 3032 3380 3113 participatione

454 3115 849 3177 adumbrauit.
912 3116 1179 3175 Perfecta
1229 3123 1457 3191 autem,
1513 3112 1679 3189 dico,
1739 3132 1863 3175 non
1910 3116 2240 3177 secundum
2282 3114 2656 3194 perfectionis
2697 3114 2851 3175 illius
2895 3113 3141 3175 modum
3179 3114 3280 3191 qui
3321 3115 3380 3173 in

455 3207 694 3257 aeterna
722 3198 852 3274 lege
888 3194 985 3255 illa
1015 3196 1311 3273 perfectus
1346 3203 1434 3255 est
1466 3194 1666 3254 diuina
1699 3194 2098 3272 perfectione,
2133 3200 2187 3257 ἃ
2219 3194 2632 3274 immutabilis,
2668 3196 2773 3257 sed
2795 3194 3117 3255 secundum
3138 3205 3383 3253 naturae

455 3280 750 3338 humanae
805 3276 1083 3335 modum:
1128 3273 1187 3333 in
1230 3291 1348 3350 qua
1392 3274 1903 3351 quemadmodum
1948 3274 2145 3353 imago
2187 3276 2299 3336 Dei
2337 3278 2601 3354 perfecta
2641 3276 2754 3335 suit
2794 3272 3120 3335 secundum
3161 3276 3382 3353 perfec·

459 3358 685 3418 tionem
726 3357 1018 3415 humanae
1060 3354 1449 3433 conditionis,
1492 3364 1556 3413 vt
1596 3354 1794 3433 imago
1835 3354 1983 3417 Dei.
2025 3374 2148 3415 non
2187 3366 2388 3416 autem
2425 3366 2490 3415 vt
2522 3358 2721 3431 DeuS,
2756 3354 2836 3415 ita
2857 3357 2954 3414 lex
2970 3354 3249 3415 naturalis
3273 3352 3382 3413 suit

456 3437 603 3515 legis
642 3447 913 3498 aeternae
954 3434 1105 3495 illius
1145 3436 1357 3493 vmbra
1398 3435 1725 3494 secundum
1766 3434 2192 3512 perfectionem
2231 3446 2473 3496 naturae
2507 3448 2776 3514 nostrae,
2813 3447 2875 3495 vt
2910 3438 3149 3513 vmbra,
3178 3454 3300 3495 non
3320 3444 3385 3493 vt

458 3534 677 3594 corpus
716 3514 1161 3591 substantiaque
1200 3512 1372 3574 illius.
1414 3514 1554 3589 Quo
1595 3524 1792 3575 autem
1836 3514 2079 3593 propius
2120 3517 2215 3575 lex
2255 3514 2534 3577 naturalis
2575 3516 2636 3575 in
2681 3516 2925 3576 homine
2965 3512 3154 3574 abfuit
3191 3518 3227 3573 a
3250 3534 3382 3591 par—

454 3596 796 3675 ticipatione
817 3598 871 3655 δε
892 3594 1361 3655 conformatione
1401 3605 1672 3655 aeternae
1712 3593 2004 3673 legis,·eo
2045 3594 2362 3673 perfectior
2402 3597 2500 3656 lex
2544 3596 2642 3657 illa
2685 3596 2964 3655 naturalis
3005 3594 3140 3653 suit:
3184 3612 3384 3671 quem-

456 3676 785 3737 admodum
833 3693 992 3735 nunc
1034 3694 1107 3733 ex
1148 3674 1477 3746 contrario,
1528 3691 1651 3751 quo
1691 3674 1860 3735 abest
1898 3676 1976 3735 ab
2012 3675 2112 3736 illa
2151 3678 2280 3753 lege
2315 3686 2553 3736 aeterna
2580 3676 2842 3767 longius,
2880 3695 2952 3736 eo
2987 3672 3384 3751 imperfectius

457 3760 555 3817 lex
594 3754 874 3816 naturalis
920 3754 1176 3815 dicenda
1218 3766 1305 3813 est
1348 3754 1537 3815 inesse
1579 3754 1773 3815 nobis,
1812 3758 2013 3833 Atque
2055 3757 2203 3816 haec
2224 3766 2536 3831 causaest,
2573 3774 2756 3815 curm
2781 3755 3116 3815 definienda
3138 3752 3389 3813 naturali

456 3840 589 3914 lege
630 3836 828 3896 dicere
872 3834 1203 3911 maluimuS,
1242 3836 1443 3913 aliqua
1470 3837 1934 3914 particejpatione
1957 3838 2315 3897 adumbrari
2349 3844 2643 3896 aeternam
2685 3838 2863 3911 legem
2881 3850 2900 3891 .·
2941 3834 3081 3910 quia
3119 3833 3264 3893 nihil
3309 3832 3386 3891 ad

460 3916 789 3977 institutum
844 3913 1130 3990 faciebat,
1188 3912 1237 3973 si
1289 3914 1363 3973 de
1418 3916 1681 3993 perfecta
1732 3926 1834 3974 aut
1885 3915 2232 3995 imperfecta
2286 3914 2735 3993 participatione
2773 3913 3024 3975 naturali
3063 3914 3386 3973 secundum

458 3998 709 4057 modum
765 4005 1006 4055 naturae
1062 4004 1297 4054 nostrae
1352 3996 1473 4055 hoc
1526 3996 1664 4054 loco
1718 4013 2056 4073 ageremus,
2111 3995 2598 4073 quandoquidem
2644 4014 2836 4073 neque
2878 3994 3224 4072 imperfecta
3263 3993 3390 4071 ipsa

459 4088 669 4138 natura
716 4074 974 4135 hominis
1016 4074 1275 4151 perfecte
1315 4085 1613 4134 aeternam
1654 4076 1848 4152 legem
1890 4076 2215 4135 secundum
2259 4078 2504 4135 modum
2547 4074 2690 4153 legis
2732 4074 2912 4153 ipsius
2955 4072 3252 4153 percepit,
3291 4084 3390 4133 aut

458 4154 862 4237 participauit,
915 4155 1019 4215 sed
1072 4156 1301 4213 tantum
1350 4154 1715 4231 aliquatenus
1770 4154 2182 4217 adumbratam
2236 4156 2296 4215 in
2349 4176 2474 4217 sese
2530 4156 2732 4215 habuit
2773 4156 3101 4215 secundum
3145 4156 3392 4213 modum

461 4248 702 4297 naturae
756 4245 1012 4297 nostrae.
1062 4236 1375 4294 Hactenus
1430 4234 1507 4294 de
1558 4236 1687 4313 lege
1742 4236 2021 4295 naturali:
2081 4254 2239 4298 nunc
2279 4236 2356 4295 ad
2399 4255 2527 4295 eam
2575 4252 2725 4313 quae
2766 4234 3017 4295 naturali
3055 4232 3394 4312 superuenit

460 4328 846 4378 transeamus.

546 4396 697 4475 Legi
736 4394 988 4455 naturali
1026 4394 1396 4456 accessiones
1437 4394 1585 4455 duas
1628 4393 1749 4455 fieri
1790 4396 2084 4476 oportuit,
2124 4406 2188 4456 vt
2225 4397 2488 4456 humano
2530 4394 2730 4473 generi
2772 4406 2895 4455 tum
2928 4394 3004 4454 ad
3025 4403 3390 4533 praesersstcm

3279 4492 3392 4533 ane
