3923 4875
586 348 665 406 94
1531 343 1635 387 nir
1694 343 1919 386 vana
1981 343 2522 390 Tritonoem.

590 514 678 564 est
716 503 777 564 in
821 503 993 565 nobis
1032 503 1427 566 inchoationis
1466 524 1574 584 per
1610 504 1876 597 gratiam.
1914 506 2113 567 Huius
2149 518 2350 567 autem
2389 503 2844 568 modificationis
2880 517 3293 584 argumentum
3331 515 3422 568 est
3455 509 3494 568 a

592 582 763 660 signo
778 628 797 661 ,
858 585 1023 662 quod
1078 585 1190 646 sub
1242 587 1420 646 finem
1462 585 1819 647 definitionis
1856 586 2176 648 attulimus.
2233 586 2755 662 Quemadmodum
2795 586 2954 647 enim
2991 584 3332 663 qualitatem
3369 605 3496 647 esse

592 665 829 741 volunt,
867 683 941 724 ex
982 681 1099 742 qua
1140 665 1391 726 dicimur
1428 667 1660 744 quales:
1700 666 1782 727 ita
1822 667 1997 728 etiam
2036 665 2432 758 Theologiam
2473 677 2711 745 oportet
2748 665 2893 744 dici,
2935 685 3010 727 ex
3046 683 3165 744 qua
3202 665 3498 745 Theologi

590 745 974 821 appellantur.
1036 747 1146 806 Est
1180 756 1377 806 autern
1418 745 1683 807 conditio
1722 747 2169 824 Theologorum
2207 745 2574 822 huiusmodi,
2613 757 2677 807 vt
2713 745 2984 809 subiecto
3017 746 3262 822 quidem
3281 763 3496 807 conue-

592 822 758 883 niant
814 823 965 884 inter
1024 845 1086 884 se
1148 843 1267 901 qua
1321 825 1593 888 homines
1644 836 1807 900 sunt3
1850 827 1959 887 sed
1997 826 2225 888 ratione
2266 825 2584 904 plurimum
2623 825 2989 906 discrepent3
3027 825 3169 903 quia
3205 825 3298 886 his
3335 829 3497 906 plus,

594 902 707 964 illis
748 903 939 964 minus
980 903 1248 964 videmus
1288 903 1475 966 inesse
1515 905 1899 984 Theologiae.
1958 907 2114 966 Nam
2155 905 2204 966 si
2243 905 2375 982 quis
2407 915 2679 982 tyronem
2707 907 2858 967 adee
2878 924 3084 984 sapere
3105 905 3498 984 Theologiam

594 993 788 1062 putet,
829 987 1009 1061 quam
1046 985 1343 1046 Iohannes
1379 995 1481 1045 aut
1520 987 1735 1046 Paulus
1774 985 2006 1064 fecerit,
2047 997 2150 1046 aut
2186 985 2466 1048 eumdem
2503 985 2809 1048 hominem
2839 987 3218 1065 Theologum
3247 995 3498 1048 tantum·

594 1063 733 1124 dem
791 1073 1090 1140 praestare
1146 1083 1323 1142 posse
1382 1082 1566 1140 quum
1618 1063 1809 1142 prima
1846 1065 2212 1144 Theologiae
2251 1067 2544 1126 elementa
2581 1064 2781 1144 discit,
2819 1069 2999 1158 quam
3037 1083 3224 1144 quum
3255 1075 3500 1144 propter

592 1142 935 1203 diuturnum
975 1142 1243 1204 habitum
1281 1161 1485 1205 sensus
1524 1145 1705 1206 habet
1744 1143 2092 1206 exercitatos
2131 1145 2210 1206 ad
2250 1144 2666 1206 discretionem
2707 1147 2854 1207 bom
2891 1145 2948 1204 &
2991 1145 3133 1206 mali
3162 1163 3236 1206 ex
3253 1146 3498 1206 Canone

593 1241 766 1284 verae
822 1222 1218 1302 Theologiae,
1276 1224 1327 1286 is
1385 1225 1657 1302 profecto
1716 1225 1795 1285 ad
1850 1235 2098 1303 agnatos
2146 1227 2338 1366 (quog
2389 1222 2574 1300 aiunt)
2612 1228 2667 1284 δε
2705 1225 2950 1304 gentiles
2990 1223 3163 1286 fuerit
3201 1227 3500 1286 bonorum

592 1302 811 1364 iudicio
851 1305 1219 1380 relegandus
1281 1306 1662 1382 Quapropter
1698 1304 2070 1366 antecedenti
2106 1303 2286 1366 defini
2331 1305 2436 1366 oni
2474 1307 2756 1384 pauculas
2785 1315 2960 1366 notas
2979 1308 3034 1366 &
3053 1304 3500 1384 praeceptiones

591 1385 667 1444 de
706 1382 879 1443 huius
917 1383 1283 1462 Theologiae
1323 1383 1509 1445 modo
1547 1383 1755 1445 subiici
1793 1383 2057 1462 oportuit
2095 1387 2152 1444 δι
2183 1384 2374 1446 causis
2393 1383 2575 1464 illius;
2596 1386 2678 1445 Vt
2701 1385 2781 1446 ab
2801 1396 3066 1446 extremo
3087 1395 3338 1461 vtroque
3355 1384 3499 1446 vitio

592 1463 677 1539 (in
725 1480 982 1540 quorum
1020 1465 1267 1524 alterum
1311 1467 1519 1542 vulgus
1559 1464 1729 1524 facile
1767 1463 2083 1540 delabitur)
2123 1475 2285 1526 certa
2321 1463 2606 1543 religione
2645 1465 3075 1542 prudentiaque
3114 1475 3439 1526 caueretur.

674 1543 824 1604 Sunt
864 1543 1020 1604 enim
1054 1542 1185 1624 qui,
1226 1563 1300 1604 ex
1339 1562 1461 1622 quo
1500 1542 1757 1620 primum
1796 1543 2052 1621 aliquem
2091 1556 2328 1624 gustum
2371 1546 2437 1621 (f.
2465 1549 2659 1621 1417.)
2697 1547 2794 1605 vel
2815 1543 3122 1605 minimum
3143 1543 3503 1606 imbiberunt

588 1623 759 1684 huius
820 1623 1168 1701 sapientiae,
1228 1643 1291 1684 se
1348 1641 1531 1703 puros
1580 1633 1757 1703 putos
1806 1643 1933 1685 esse
1972 1626 2349 1703 Theologos,
2391 1626 2446 1685 δι
2485 1623 2631 1685 nihil
2669 1643 2793 1686 non
2839 1625 3218 1702 Tbeologum
3255 1643 3501 1702 crepare

586 1713 823 1782 putant:
866 1722 1021 1780 quos
1059 1705 1456 1772 ἐνθουσιαςοίς
1498 1703 1687 1765 verius
1722 1703 1935 1765 merito
1968 1703 2231 1782 ipsorum
2251 1703 2656 1783 appellaueriS.
2698 1707 2846 1765 Sunt
2865 1714 3099 1783 contra,
3118 1703 3220 1781 qui
3239 1703 3500 1764 animad-

587 1803 757 1843 versa
817 1782 1074 1843 exilitate
1114 1792 1352 1842 nostrae
1390 1783 1561 1844 huius
1596 1783 1965 1862 Theologiae
2007 1783 2069 1844 in
2108 1785 2378 1862 subjecto
2419 1801 2556 1863 suo,
2593 1787 2650 1845 δι
2691 1785 3138 1862 Theologorum
3181 1786 3502 1844 multorum

586 1865 763 1941 (proh
806 1863 1005 1938 dolor)
1048 1861 1333 1940 vanitate,
1368 1861 1514 1922 nihil
1551 1872 1760 1942 putant
1794 1883 1919 1924 non
1961 1883 2088 1926 esse
2127 1866 2542 1955 ματαιόλοῙονι
2584 1862 2690 1942 qui
2723 1863 2996 1925 homines
3025 1862 3292 1924 certatim
3327 1872 3505 1924 ruunt

583 1943 644 2002 in
702 1941 985 2002 nefariam
1047 1941 1344 2016 ἀθεόθητα
1363 1987 1379 2014 ,
1436 1943 1581 2004 dum
1644 1943 1705 2004 in
1766 1943 1885 2004 suis
1924 1943 2040 2005 illis
2080 1942 2538 2021 cogitationibus
2573 1954 2958 2005 euanescunt:
3022 1945 3122 2004 Ad
3161 1945 3310 2004 haec
3349 1945 3505 2004 mala

584 2021 857 2098 religiose
913 2024 969 2081 &
1030 2028 1231 2080 sancte
1290 2024 1719 2098 praeuertenda
1734 2068 1752 2102 ,
1810 2024 2208 2085 necessarium
2263 2023 2454 2084 visum
2501 2035 2592 2084 est
2628 2043 2822 2115 pauca
2857 2024 3152 2100 quaedam
3191 2021 3386 2100 capita
3424 2022 3504 2083 de

588 2101 772 2161 modo
813 2101 984 2161 huius
1016 2099 1381 2178 Theologiae
1422 2102 1785 2180 adscribere,
1815 2114 1881 2164 vt
1916 2103 2004 2165 rei
2041 2103 2277 2164 diuinae
2318 2113 2694 2180 quantumuis
2733 2105 3024 2164 obscurae
3057 2101 3270 2164 veritas
3287 2105 3326 2164 a
3343 2121 3506 2162 men-

584 2179 760 2242 dacio
800 2179 1109 2241 hominum
1150 2178 1497 2246 vindicetur.
1539 2183 1799 2244 Primum
1840 2196 1928 2245 est
1967 2182 2342 2260 huiusmodi,
2373 2183 2540 2244 Thes.
2581 2200 2773 2244 xxxv.
2817 2183 3024 2242 Huius
3056 2184 3406 2258 Theologiae
3442 2184 3506 2242 in

586 2262 832 2321 subiecto
871 2261 1272 2320 circumscribi
1305 2282 1421 2322 non
1448 2271 1647 2344 potest
1680 2265 1883 2324 modus
1900 2309 1917 2343 ,
1954 2267 2098 2341 quia
2138 2265 2216 2323 ἂν·
2254 2266 2318 2322 in
2355 2283 2690 2341 vnoquoque
2727 2264 2958 2338 variat,
2998 2263 3076 2322 ὁ·
3115 2264 3272 2324 inter
3311 2281 3504 2322 omnes

586 2349 673 2400 est
707 2342 1154 2402 diuersissimas.
1214 2341 1467 2403 Modum
1507 2345 1625 2403 hoc
1666 2344 1806 2404 loco
1846 2345 2212 2422 appellamus
2225 2388 2242 2422 ,
2283 2361 2407 2404 non
2446 2343 2701 2404 formam
2741 2341 2825 2403 rei
2867 2346 3031 2418 (nam
3073 2343 3269 2402 forma
3305 2341 3506 2403 Theo-

574 2419 779 2501 legiae
820 2419 881 2482 in
928 2419 1155 2483 omneis
1195 2421 1412 2499 gradus
1454 2422 1635 2501 ipsius
1674 2444 1906 2502 semper
1945 2423 2148 2485 diuina
2187 2425 2299 2500 est)
2339 2442 2464 2484 non
2504 2421 2664 2485 viam
2703 2419 3251 2500 comprehensionis
3291 2425 3346 2483 δι
3379 2442 3506 2500 per-

587 2500 878 2578 ceptionis
934 2502 1087 2563 illius
1146 2505 1308 2579 (nam
1359 2505 1507 2564 haec
1560 2520 1801 2582 quoque
1843 2502 2111 2564 diuinum
2161 2520 2314 2581 opus
2353 2513 2442 2563 est
2482 2506 2536 2563 δε
2575 2502 2798 2582 gratiae
2836 2501 3074 2563 diuinae
3113 2502 3504 2581 signaculum)

584 2582 693 2643 sed
755 2582 1139 2660 quantitatem
1205 2585 1291 2658 (vt
1334 2580 1413 2642 ita
1464 2582 1759 2659 dicamus)
1822 2581 2374 2662 comprehensionis
2437 2588 2492 2644 &
2551 2582 2948 2661 perceptionis
3011 2580 3191 2658 illius,
3236 2599 3390 2660 quae
3429 2582 3508 2642 ad

581 2660 885 2723 hominem
940 2660 1291 2740 peruenerit.
1349 2663 1505 2723 Nam
1548 2675 1609 2723 vt
1646 2662 1798 2723 vasis
1836 2683 1948 2741 pro
1991 2661 2314 2741 quantitate
2353 2661 2618 2739 ipsorum
2661 2665 2793 2740 plus
2837 2661 3084 2739 liquoris
3099 2707 3116 2737 ,
3157 2672 3258 2722 aut
3313 2661 3507 2722 minus

583 2740 937 2818 infunditur,
978 2741 1060 2802 ita
1100 2740 1277 2801 etiam
1317 2742 1547 2803 animae
1586 2741 1899 2803 hominum
1938 2744 2070 2821 plus
2111 2754 2212 2802 aut
2253 2740 2446 2805 minus
2487 2741 2805 2805 dilatantur
2843 2740 3056 2803 virtute
3095 2740 3246 2820 Dei,
3285 2752 3348 2801 vt
3369 2743 3510 2801 fiant

583 2840 832 2898 capaces
874 2824 1010 2882 cum
1050 2820 1303 2881 aliorum
1343 2823 1643 2883 donorum
1684 2821 2100 2900 spiritualium,
2143 2824 2270 2882 tum
2309 2820 2484 2883 huius
2521 2821 2703 2899 ipsius
2741 2819 3083 2899 sapientiae.
3133 2822 3514 2899 Quapropter

586 2900 989 2961 circumscribi
1048 2920 1173 2961 non
1232 2920 1407 2979 posse
1459 2901 1633 2963 huius
1673 2901 2040 2981 Theologiae
2081 2901 2327 2962 modum
2341 2947 2359 2980 ,
2398 2903 2496 2963 vel
2532 2901 2733 2980 potius
2771 2899 3083 2963 hominum
3122 2901 3280 2961 hanc
3314 2902 3511 2962 Theo-

584 2980 807 3058 logiam
848 2979 1321 3059 participantium
1336 3027 1353 3059 ,
1396 2992 1555 3043 recte
1596 2984 1976 3043 affirmamuS.
2027 2982 2182 3057 cum
2223 2981 2384 3041 enim
2425 2980 2672 3043 scientia
2713 2980 2787 3041 sit
2823 2977 3242 3041 vniuersalium
3255 3024 3274 3059 ,
3298 2980 3513 3041 modus

584 3071 782 3121 autem
820 3060 927 3121 iste
966 3059 1409 3122 indiuiduorum
1448 3062 1521 3122 sit
1560 3064 1647 3138 (vt
1687 3065 1927 3139 vocant)
1971 3059 2350 3139 singularium
2364 3106 2381 3137 ,
2423 3060 2623 3123 cribro
2665 3060 2838 3122 citius
2877 3059 3141 3121 hauseris
3165 3061 3476 3121 Oceanum
3494 3105 3513 3138 ,

581 3143 760 3218 quam
802 3150 1023 3200 certam
1065 3141 1241 3200 vllam
1280 3140 1451 3203 huius
1494 3140 1579 3203 rei
1618 3140 1924 3203 scientiam
1964 3139 2326 3219 adipiscaris.
2369 3141 2566 3202 Huius
2605 3152 2804 3202 autem
2843 3139 3142 3201 varietatis
3163 3138 3510 3200 innumerae

581 3219 839 3297 primum
881 3237 1091 3280 causae
1132 3220 1426 3281 videndae
1477 3232 1646 3298 sunt,
1684 3222 1903 3283 deinde
1941 3233 2104 3282 certa
2143 3220 2440 3297 quaedam
2481 3220 2676 3299 capita
2718 3220 2792 3296 (si
2831 3219 2958 3280 fieri
3001 3224 3220 3297 potest)
3261 3219 3512 3280 demon-

580 3298 818 3361 stranda
833 3343 850 3376 ,
913 3298 1127 3376 quibus
1188 3298 1387 3378 aliqua
1446 3303 1655 3361 saltem
1707 3300 1881 3361 huius
1939 3300 2023 3361 rei
2086 3316 2238 3377 quae
2299 3300 2519 3379 agitur,
2574 3300 2725 3361 ratio
2769 3298 3162 3361 demonstrari
3205 3298 3391 3377 possit
3433 3298 3514 3359 ad

580 3378 1071 3439 commoditatem
1112 3378 1361 3439 instituti
1394 3379 1600 3441 nostri.
1642 3382 1735 3439 Ac
1774 3397 1990 3441 causae
2033 3380 2278 3457 quidem
2317 3380 2380 3455 in
2421 3381 2550 3459 ipsa
2588 3378 2919 3457 Theologia
2953 3378 3196 3441 minime
3225 3378 3512 3440 resident:

581 3460 719 3519 cum
755 3456 885 3536 ipsa
923 3476 1027 3535 per
1068 3476 1131 3518 se
1173 3458 1479 3519 vniformis
1518 3460 1695 3537 plane
1736 3458 1839 3536 sit,
1878 3478 1992 3519 nec
2033 3459 2278 3521 diuersis
2310 3461 2506 3522 modis
2546 3479 2610 3521 se
2651 3460 2872 3520 habere
2906 3458 3110 3536 possit.
3147 3462 3217 3518 In
3239 3460 3510 3535 subjecto

580 3538 757 3617 igitur
812 3536 943 3615 ipso
1006 3553 1213 3597 causas
1228 3583 1246 3616 ,
1306 3555 1695 3615 quaecunque
1742 3538 1877 3599 illae
1936 3537 2082 3617 sint,
2133 3540 2574 3617 deprendamus
2612 3549 2868 3617 oportet.
2930 3540 3080 3599 Sunt
3118 3550 3315 3599 autem
3358 3539 3512 3598 duae

583 3616 828 3680 omnino
886 3634 1100 3678 causae
1160 3621 1193 3677 e
1245 3616 1593 3679 conditione
1644 3617 1895 3679 subiecti
1928 3619 2352 3696 procedentes:
2397 3622 2536 3681 Vna
2549 3664 2568 3699 ,
2607 3619 2774 3696 qued
2817 3617 3115 3697 singulare
3155 3617 3486 3679 subiectum
3499 3663 3514 3687 ,

583 3697 648 3758 id
691 3708 811 3777 est,
852 3700 1037 3757 homo
1080 3696 1482 3775 vnusquisque
1522 3697 1583 3757 in
1622 3717 1687 3759 se
1728 3709 1849 3759 tam
1892 3697 2080 3759 variat
2121 3703 2300 3775 quam
2340 3701 2508 3778 quod
2549 3699 2832 3779 maxime,
2865 3698 3306 3777 innumerisque
3329 3708 3514 3757 muta-

583 3776 845 3838 tionibus
882 3778 1145 3845 §infestus
1206 3787 1327 3839 est:
1388 3780 1619 3856 Altera,
1672 3779 1842 3856 quod
1878 3778 1995 3838 alia
2033 3779 2112 3838 ab
2151 3777 2278 3840 aliis
2319 3778 2723 3857 maximopere
2769 3790 2905 3840 sunt
2945 3778 3293 3840 differentia.
3359 3777 3517 3838 Ciim

584 3856 743 3917 enim
802 3858 959 3919 adeo
1020 3856 1093 3917 sit
1154 3856 1315 3917 varia
1368 3876 1440 3919 ac
1480 3855 1787 3936 multiplex
1826 3857 2234 3928 subiectorum
2273 3869 2399 3919 tum
2443 3859 2506 3919 in
2547 3880 2610 3920 se
2651 3858 2823 3937 ipsiS,
2865 3870 2992 3919 tum
3031 3858 3184 3919 inter
3223 3876 3288 3919 se
3333 3856 3484 3918 ratio
3500 3902 3518 3937 ,

585 3936 833 3998 omnino
874 3938 1055 3997 etiam
1096 3936 1321 3999 variare
1359 3956 1511 4015 opus
1551 3948 1641 3998 est
1682 3938 1931 3999 modum
1969 3936 2144 3997 huius
2183 3939 2504 4015 sapientiae
2543 3938 2826 3999 subiectis
2865 3949 2990 3997 tam
3031 3934 3415 3998 mutabilibus
3457 3936 3516 3997 in

584 4036 649 4077 se
709 4035 781 4076 ac
841 4015 993 4077 inter
1050 4036 1115 4078 se
1175 4016 1581 4079 differentibus
1622 4016 1999 4078 inhaerentis.
2063 4019 2158 4077 De
2199 4018 2395 4095 priore
2439 4017 2782 4079 mutationis
2823 4018 3008 4077 modo
3050 4016 3131 4077 ita
3171 4014 3482 4077 statuimus
3499 4064 3517 4095 ,

594 4096 763 4156 Thes.
804 4113 1021 4156 xxxvi.
1062 4098 1143 4156 In
1182 4118 1518 4175 vnoquoque
1556 4101 1763 4159 variat
1808 4098 2126 4171 Theologia
2139 4114 2164 4169 ,⁰
2205 4098 2344 4173 quia
2385 4100 2535 4158 inest
2571 4100 2873 4175 vnicuique
2879 4098 3248 4176 principium
3271 4098 3486 4175 dupleoe
3502 4140 3522 4169 ,

584 4184 804 4235 natura
866 4178 943 4234 ἐφ’
985 4179 1197 4251 gratia
1212 4193 1232 4233 .·
1272 4197 1524 4254 quarum
1563 4179 1728 4237 illam
1767 4179 2040 4246 diminui,
2082 4178 2236 4235 lzanc
2275 4180 2490 4251 augeri
2526 4191 2746 4239 necesse
2789 4187 2874 4237 est
2886 4221 2903 4254 ,
2943 4178 3011 4235 de
3040 4178 3248 4250 gloria
3289 4179 3350 4235 in
3387 4179 3516 4251 glo-

568 4254 743 4315 'riam
804 4256 1020 4315 virtute
1064 4256 1328 4335 Spiritus
1341 4302 1359 4335 ,
1400 4259 1476 4317 ἐφ’
1514 4257 1754 4334 qsficace
1804 4258 1865 4315 Τ
1852 4258 2154 4331 lecologiae
2191 4260 2720 4317 communicatione.
2775 4254 2993 4316 Mutari
3033 4254 3092 4313 in
3135 4274 3266 4316 sese
3305 4272 3516 4316 vnum-

592 4352 919 4413 quemque,
979 4353 1053 4394 ac
1112 4334 1365 4412 proinde
1422 4336 1483 4395 in
1532 4336 1749 4396 eodem
1792 4334 2008 4397 mutari
2051 4333 2300 4396 modum
2340 4335 2745 4415 Theologiae,
2783 4334 3120 4396 communis
3159 4332 3517 4414 experientia

3274 4423 3517 4474 testatur
