3923 4875
1363 363 1688 407 ‘russas
1743 361 2404 406 rnnonoorcxn.
3242 363 3353 425 205

413 527 633 668 {ige-m,
695 526 752 585 &
809 528 848 584 a
905 521 1174 602 potentia
1233 524 1484 584 Satanae
1543 523 1622 583 ad
1683 521 1876 600 ipsum
1936 542 2011 584 ex
2066 521 2443 600 beneplacito
2511 541 2649 584 suae
2704 522 3248 601 praedestinationis
3288 523 3349 582 in

515 605 654 666 risto
694 608 850 666 Iesu.

494 705 552 764 9.
630 688 804 746 Haec
841 682 1054 744 eadem
1095 682 1332 744 vocatio
1373 701 1496 743 non
1537 683 1689 743 male
1730 681 2098 761 particularis
2136 683 2467 774 appellatur
2481 727 2499 761 ,
2542 685 2701 743 velut
2720 683 3025 744 communi
3043 682 3339 774 opposita,

416 765 556 843 quia
613 767 780 826 Deus
707 782 945 906 mgr
997 761 1375 824 vocationem
1414 764 1569 823 hanc
1609 761 1922 902 iffimam·
1941 763 2047 914 de
2058 781 2367 904 commillii
2406 763 2719 905 Ιιοῖιιιιέιιιιιι
2758 761 2883 824 siue
2924 763 3131 904 ιιὲιιιάι
3171 761 3347 843 parti-

907 859 1368 904 mseucous
1557 859 1634 903 eu
1721 862 1987 904 eexmi
2088 859 2276 904 secun
2360 861 2817 906 meeconem
2927 863 3107 904 aae·
3194 861 3353 904 uem-

419 925 746 988 admodum
804 922 1000 986 aiebat
1056 862 1354 1001 Chrisrtiis,
1407 841 1621 986 ffih.
1685 943 1780 984 2ο.
1841 863 2065 984 &pa-2.
2130 921 2305 983 Multi
2364 925 2593 1000 vocati,
2654 921 2831 1002 pauci
2813 863 3098 1001 8ἰιι-Ιιιιιιι,
3092 891 3110 923 ’
3151 865 3217 985 ild
3270 934 3360 984 est

424 1005 628 1066 donati
666 1003 982 1066 vocatione
1022 1002 1302 1082 singulari
1339 1002 1668 1064 secundum
1706 1003 2061 1064 electionem
2101 1011 2404 1064 aeternam
2444 1009 2500 1066 δι
2540 1003 2897 1098 singularem
2938 1002 3137 1098 ipsius.

509 1104 598 1148 ιο.
678 1085 977 1146 Differunt
1015 1086 1164 1146 haec
1203 1084 1327 1144 duo
1368 1082 1752 1144 vocationum
1793 1103 2045 1162 genera,
2085 1084 2253 1160 quod
2293 1085 2445 1144 haee
2484 1087 2521 1146 a
2560 1083 2747 1164 gratia
2786 1083 3067 1164 singulari
3107 1095 3215 1161 est,
3255 1083 3353 1144 illa

423 1163 729 1227 communi
785 1164 1000 1242 gratia.
1061 1166 1214 1225 haec
1272 1161 1508 1242 piorum
1521 1209 1538 1243 ,
1598 1164 1927 1224 electorum
1982 1173 2158 1242 puta,
2197 1163 2298 1224 illa
2338 1167 2657 1226 multorum
2700 1174 2824 1238 est,
2863 1165 3173 1226 hominum
3212 1173 3354 1242 puta

421 1243 780 1324 promiscue:
844 1245 994 1304 haec
1055 1244 1348 1304 internam
1410 1243 1824 1304 efficacitatem
1885 1243 2132 1320 Spiritus
2174 1241 2700 1305 Sanctificationis:
2762 1245 2871 1304 Illa
2912 1256 3215 1306 externam
3256 1255 3360 1304 aut

422 1341 804 1386 communem
820 1369 838 1402 ,
898 1333 1002 1385 aut
1053 1326 1214 1384 certe
1251 1341 1376 1384 non
1417 1341 1606 1400 vsque
1643 1325 1796 1384 adeo
1839 1335 2117 1402 agentem
2157 1325 2339 1384 habet
2377 1323 2439 1384 in
2478 1323 2890 1404 audientibus,
2930 1335 2997 1384 vt
3037 1323 3360 1386 sanctifica-

419 1405 643 1466 tionem
703 1406 1018 1465 salutarem
1077 1423 1149 1464 ex
1211 1422 1282 1463 ea
1330 1414 1803 1496 consequantur:
1845 1403 1997 1464 haec
2038 1415 2263 1476 metae,
2306 1403 2539 1482 salutis,
2580 1408 2634 1466 δι
2675 1368 3055 1482 perfec’tionis
3095 1415 3214 1465 est:
3256 1404 3357 1463 illa

421 1483 815 1546 inchoationis
829 1529 846 1562 ,
887 1486 944 1545 &
982 1483 1224 1562 praeuia
1264 1481 1466 1544 salutis
1505 1486 1733 1544 solum:
1776 1483 2035 1562 denique
2075 1487 2223 1544 haec
2263 1483 2498 1546 vocatio
2540 1495 2627 1546 est
2661 1483 2997 1559 Ecclesiae
3021 1483 3179 1562 qua
3162 1483 3357 1544 muisi-

423 1564 556 1626 bilis
615 1564 822 1625 vinens
881 1563 1037 1624 intus
1095 1563 1157 1623 in
1198 1581 1449 1641 corpore
1503 1562 1720 1625 Christi
1773 1564 1850 1624 de
1891 1563 2111 1642 Spiritu
2150 1563 2401 1642 Christi
2442 1565 2543 1626 illa
2583 1563 2889 1624 Ecclesiae
2932 1564 3359 1638 communiter,

426 1645 542 1723 qua
582 1655 674 1706 est
709 1643 984 1722 visibilis,
1024 1645 1252 1704 habens
1289 1643 1350 1703 in
1391 1660 1646 1721 corpore
1684 1643 1904 1705 Christi
1945 1643 2122 1704 etiam
2142 1645 2414 1706 membra
2434 1644 2846 1724 adnascentia,
2880 1645 2935 1704 δι
2958 1664 3081 1707 ιιοιι
3103 1643 3359 1705 viuentia

429 1725 504 1784 de
543 1723 765 1816 Spiritu
805 1723 1045 1784 Christi.

512 1824 538 1864 1
553 1825 603 1865 1.
682 1802 844 1864 Finis
884 1813 972 1866 est
1011 1809 1244 1881 vtrique
1279 1800 1580 1864 vocationi
1620 1803 1868 1882 duplex.
1914 1796 2241 1882 proximus
2242 1806 2321 1865 &
2339 1822 2635 1866 summus:
2679 1807 3000 1866 Proximus
3020 1803 3357 1866 communis

425 1883 760 1946 vocationis
817 1895 906 1945 est
945 1882 1148 1945 electis
1185 1881 1614 1945 conscientiam
1651 1883 1836 1977 affici,
1874 1884 1932 1944 δι
1976 1903 2212 1946 sensum
2254 1883 2381 1944 indi
2418 1884 2743 1946 efficaciter
2780 1885 2920 1946 mali
2960 1885 3258 1963 ipsorum,
3299 1886 3354 1944 δι

431 1981 600 2026 vsnm
637 1962 792 2024 tradi
835 1963 976 2042 ipsis
1016 1962 1255 2024 diuinae
1295 1963 1516 2042 gratiae
1561 1983 1702 2042 erga
1741 1931 1903 2042 ipsos
1943 1963 2235 2043 salutariS,
2276 1955 2403 2024 aliis
2445 1969 2621 2039 vero,
2662 1965 2803 2030 mali
2848 1965 3111 2058 ipsorum
3150 1970 3240 2038 (vt
3260 1965 3362 2042 qui

433 2063 556 2105 non
597 2044 851 2106 credunt
887 2043 1178 2105 voluntati
1211 2043 1371 2136 eiuS,
1411 2044 1522 2104 sed
1559 2043 1836 2106 resistunt
1876 2044 2115 2124 Spiritui
2147 2044 2393 2122 gratiae)
2414 2061 2652 2106 sensum
2672 2043 2795 2105 indi
2817 2048 2872 2106 δι
2895 2044 3321 2137 conscientiam
3345 2091 3363 2121 ,

429 2141 548 2202 qua
605 2123 954 2185 euincantur
1013 2121 1360 2185 iustissimae
1409 2121 1662 2184 iustitiae
1702 2124 1836 2185 Dei.
1879 2126 2092 2201 Sumff.
2154 2125 2490 2201 1680)mus‚
2530 2124 2817 2184 declarari
2854 2125 3106 2218 gloriam
3146 2126 3261 2185 Dei
3300 2124 3362 2185 in

429 2204 606 2266 nobis
664 2203 986 2297 gratiosam
999 2250 1016 2283 ,
1077 2206 1132 2265 δι
1191 2203 1634 2266 misericordem
1647 2249 1664 2281 ‚
1719 2203 1780 2264 in
1833 2203 1959 2266 aliis
2013 2203 2259 2284 iustam,
2312 2203 2373 2264 in
2424 2203 2703 2264 omnibus
2753 2205 3243 2283 sapientissimam
3286 2225 3357 2264 ac

512 2282 924 2345 tentissimarn.

428 2305 970 2441 po12.Quatuor
1007 2375 1144 2424 sunt
1181 2362 1380 2441 itaque
1419 2363 1749 2425 vocationis
1788 2383 2038 2444 genera,
2079 2381 2231 2443 quae
2270 2363 2599 2426 secundum
2640 2363 2859 2425 modos
2901 2364 3081 2444 ipsius
3102 2383 3175 2425 ex
3199 2375 3360 2424 ante·

431 2444 780 2506 cedentibus
841 2444 1125 2523 distingui
1179 2455 1444 2522 possunt.
1505 2446 1778 2505 Primum
1818 2455 1907 2505 est
1951 2444 2281 2523 aequiuoce
2320 2444 2575 2523 dictum,
2614 2445 2944 2507 vocationis
2985 2444 3328 2507 Vniuersalis
3342 2491 3360 2521 ,

432 2540 550 2601 qua
589 2528 751 2586 Deus
789 2524 1114 2585 secundum
1155 2533 1426 2585 naturam
1467 2524 1697 2585 omneis
1736 2526 1791 2584 δι
1832 2524 2095 2605 singulos
2133 2524 2407 2586 homines
2445 2524 2525 2586 ad
2563 2528 2810 2587 salutem
2852 2536 3027 2586 vocat
3061 2524 3351 2585 vniuerse.

433 2606 788 2683 Secundum,
828 2603 1162 2665 vocationis
1207 2603 1568 2683 communis,
1609 2622 1728 2682 qua
1767 2616 1946 2667 vocat
1982 2605 2256 2666 homines
2296 2604 2721 2684 communiter,
2759 2606 2899 2667 licet
2920 2624 3042 2665 non
3064 2604 3327 2683 singulos
3342 2650 3361 2682 .,

436 2684 782 2745 testimoniis
839 2687 897 2745 δι
953 2684 1322 2745 documentis
1382 2684 1636 2745 externis
1677 2683 1914 2762 gratiae.
1984 2687 2278 2762 Tertium,
2318 2684 2647 2746 vooetionis
2686 2686 3055 2765 particularis
3069 2732 3087 2761 .‚
3128 2704 3247 2763 qua
3286 2685 3363 2745 de

433 2764 736 2825 communi
787 2764 1097 2826 hominum
1151 2763 1532 2825 inuitatorurn
1573 2782 1823 2824 numero
1865 2782 2081 2843 corpus
2122 2766 2449 2825 electorum
2488 2776 2665 2825 vocat
2706 2766 3156 2844 particulariter,
3202 2764 3359 2825 testi-

431 2842 646 2905 moniis
689 2848 744 2905 δι
782 2842 1157 2905 documentis
1197 2844 1372 2905 etiam
1411 2844 1654 2906 internis
1694 2844 1917 2921 gratiae
1951 2844 2271 2905 efficaciter
2302 2865 2411 2923 per
2430 2844 2728 2921 Spiritum.
2784 2848 3079 2923 Quartum
3101 2844 3357 2921 denique

430 2923 758 2985 vocationis
819 2924 1124 3002 singularis
1138 2970 1155 3001 ‚
1213 2942 1332 3002 qua
1389 2925 1618 3002 singula
1668 2925 1936 3001 corporis
1996 2928 2319 2986 electorum
2374 2929 2430 2986 δι
2483 2926 2813 2988 catholicae
2854 2926 3007 2987 illius
3050 2924 3355 2985 Ecclesiae

434 3006 703 3065 membra
741 3005 820 3064 ad
879 3004 1231 3096 singularem
1289 3020 1526 3065 sensum
1567 3004 1931 3082 particularis
1972 3004 2301 3066 vocationis
2342 3004 2523 3085 illius,
2570 3007 2627 3066 &
2666 3006 2970 3087 singularis
3015 3022 3155 3067 suae
3200 3004 3359 3083 ipso-

435 3101 566 3145 rum
603 3084 976 3145 adducuntur
1013 3084 1200 3163 gratia
1237 3083 1352 3144 Dei
1397 3084 1578 3145 Patris
1617 3083 1676 3143 in
1719 3084 1958 3146 Christo
1999 3106 2105 3164 per
2146 3085 2425 3164 Spiritum
2468 3085 2531 3145 S.

1712 3348 2097 3359 ——-————

617 3576 869 3636 XXXII.
949 3576 1084 3635 DE
1143 3577 1782 3639 VOCATIONE
1843 3578 2373 3642 HOMINUM
2432 3582 2565 3641 AD
2626 3582 3167 3643 SALUTEM.

1687 3779 2013 3840 Tntsls
2074 3783 2123 3841 I.

501 3956 734 4016 anvs
791 3954 1094 4016 actionum
1149 3956 1262 4015 Dei
1303 3954 1364 4015 in
1417 3954 1971 4032 praedestinationis
2012 3956 2392 4035 executione,
2441 3956 2783 4037 gratiaeque
2822 3959 2973 4019 illius
3016 3960 3234 4020 manife
3248 3972 3363 4021 sta·

425 4034 619 4113 tione,
655 4034 876 4113 gradus
915 4038 970 4097 &
1009 4034 1222 4096 modus
1261 4044 1352 4096 est
1401 4037 1668 4097 Vocatio:
1705 4036 1863 4097 dicta
1902 4036 2129 4098 idcirco
2170 4038 2247 4098 ab
2288 4038 2671 4117 Augustino‘
2652 4056 2949 4117 ingressus
2969 4040 3048 4099 ad
3072 4040 3323 4101 salutem
3346 4084 3365 4118 ‚

429 4118 485 4175 δι
523 4080 748 4192 primus
787 4114 868 4175 ad
909 4115 1088 4178 fidem
1128 4115 1338 4177 aditus.
1398 4117 1532 4176 Lib.
1580 4136 1630 4176 1.
1673 4118 1761 4177 ad
1791 4118 1999 4193 Simpl.
2044 4138 2103 4195 q.
2154 4138 2206 4177 2.

515 4213 570 4254 a.
650 4194 1051 4256 vocationem
1090 4206 1288 4256 autem
1327 4195 1704 4274 intelligimus
1744 4214 1866 4257 non
1911 4196 2303 4258 vniuersalem
2342 4198 2501 4259 illam
2515 4244 2532 4278 ‚
2575 4216 2755 4277 quam
2797 4200 2976 4278 vulgo
2998 4201 3371 4278 naturalem,

431 4284 534 4333 aut
571 4273 873 4351 politicam
886 4319 903 4348 ,
945 4292 1126 4353 quam
1165 4276 1538 4352 personalem
1579 4288 1826 4337 vocant:
1868 4276 1977 4337 sed
2018 4295 2151 4337 eam
2196 4293 2349 4354 quae
2370 4298 2443 4338 ex
2464 4280 2675 4340 ordine
2694 4279 2987 4358 graduum
3009 4280 3087 4341 ad
3108 4280 3360 4340 salutem

433 4352 662 4415 initium
699 4364 789 4415 αι
827 4354 1200 4416 reuelationis
1237 4354 1460 4433 gratiae
1497 4353 1734 4417 diuinae
1773 4355 2103 4417 ordinarie'
2088 4375 2148 4416 m
2172 4355 2377 4435 nobis,
2412 4358 2537 4419 siue
2556 4364 2795 4422 externe
2815 4359 3099 4423 reuelatio
3124 4368 3359 4420 tantum

3268 4440 3371 4503 fiat
