3923 4875
1474 349 2097 402 PRAEFATIO.
3188 353 3262 402 IX

329 549 531 610 num,
582 530 702 594 vix
741 527 947 594 ullum
996 527 1319 610 reperies;
1389 536 1457 592 et
1510 527 1565 592 si
1612 548 1817 611 usque
1864 526 1952 591 ad
1999 525 2423 592 alumnorum
2463 527 2830 591 descendas
2867 524 3143 602 sorulOS,
3198 529 3265 591 in

326 641 620 687 vacuum
677 621 1009 705 impinges
1064 619 1225 684 satis
1271 618 1703 704 completum.
1765 617 1915 682 Tali
1963 627 2188 684 autem
2233 628 2595 702 tantaeque
2639 619 2916 702 egestati
2961 619 3268 684 subveni-

330 714 586 778 endum
650 716 838 779 erat!
934 712 1087 776 Non
1154 720 1379 796 potest
1436 713 1699 796 penitus
1753 710 2101 776 historiam
2164 711 2434 776 scrutari
2504 709 3096 794 defunctorumque
3140 711 3266 776 sibi

322 825 645 871 renovare
691 805 949 883 faciem,
998 803 1153 887 qui,
1222 805 1311 870 ad
1360 803 1569 868 relata
1614 803 1703 868 ab
1752 803 1897 867 aliis
1942 801 2322 886 ablegatuS,
2372 803 2512 886 ipse
2551 804 2818 886 propria
2850 803 3050 868 situla
3097 823 3264 886 quo-

327 899 553 962 minus
599 897 859 962 hauriat
896 917 939 962 a
975 894 1270 960 fontibus
1312 895 1721 980 prohibetur.
1788 895 1926 959 Iam
1968 893 2262 978 gaudent
2293 894 2598 978 papistici
2641 893 2939 978 theologi
2964 893 3263 959 nitidiore

330 1010 455 1054 sua
500 998 789 1074 patrum,
828 988 1351 1064 scolasticorum,
1398 996 1780 1051 sanctorum
1811 987 2122 1052 editione.
2169 983 2303 1048 Sua
2341 987 2543 1050 etiam
2578 987 2872 1069 gaudent
2910 985 2948 1050 e
2987 985 3264 1052 Lutheri

333 1081 618 1147 ecclesia
681 1079 915 1145 fratres
986 1078 1583 1144 ecclesiasticorum
1644 1079 2012 1143 emissione.
2105 1075 2262 1142 Sola
2321 1085 2547 1142 nostra
2591 1077 2945 1142 reformata
2987 1079 3266 1142 ecclesia

332 1173 423 1238 ad
480 1172 665 1238 hunc
710 1193 918 1256 usque
966 1173 1145 1237 diem
1193 1173 1459 1255 opimae
1505 1191 1665 1235 suae
1710 1180 1913 1254 atque
1960 1169 2474 1254 pretiosissimae
2519 1170 2833 1252 pristinae
2881 1171 3264 1235 eruditionis

336 1286 457 1329 usu
490 1273 676 1330 caret
711 1273 914 1348 atque
953 1263 1187 1328 fructu.
1227 1263 1481 1328 Idcirco
1519 1261 1980 1346 theologorum
2019 1270 2280 1326 nostrae
2321 1263 2762 1326 universitatis
2787 1264 2954 1326 ordo
2978 1263 3260 1338 censuit,

340 1377 586 1421 novam
634 1355 1347 1440 praestantissimorum
1380 1376 1416 1418 e
1454 1355 1696 1419 nostris
1742 1373 2012 1438 quoque
2057 1353 2345 1418 virorum
2390 1351 2849 1418 adornandam
2887 1375 3030 1418 esse
3069 1375 3260 1436 opus·

336 1449 641 1512 culorum
686 1448 1075 1525 editionem,
1116 1446 1303 1511 cuius
1348 1446 1669 1530 primitias
1714 1456 1917 1529 atque
1953 1443 2155 1510 veluti
2190 1446 2532 1528 specimen
2573 1467 2748 1511 nunc
2787 1446 2921 1509 iam
2969 1445 3264 1510 ecclesiis

337 1539 711 1604 reformatis
758 1550 834 1604 ut
880 1547 947 1602 et
992 1539 1139 1602 orbi
1188 1538 1479 1603 litterato
1526 1537 1757 1614 offere,
1806 1538 1990 1618 dice,
2041 1539 2460 1603 commendo.
2534 1535 2624 1602 Et
2667 1535 2832 1601 haec
2881 1537 3151 1622 quidem
3179 1538 3262 1601 de

340 1631 787 1698 bibliothecae
834 1630 1086 1715 origine
1134 1628 1473 1694 hactenus,

427 1723 514 1788 V.
606 1722 712 1788 De
780 1721 1054 1788 consilio
1113 1730 1378 1786 nostrae
1432 1719 1877 1784 bibliothecae
1932 1721 2188 1785 nonnisi
2238 1721 2636 1804 paucissima
2681 1721 2948 1786 addam.
3041 1719 3264 1784 Prouti

341 1815 512 1879 vires
577 1813 785 1879 ferent
845 1825 911 1879 et
974 1821 1299 1877 emtorum
1362 1832 1606 1877 corona
1651 1819 2035 1894 susceptum
2082 1812 2148 1875 in
2197 1813 2338 1876 {oro
2386 1813 2652 1878 librario
2699 1813 3030 1896 probabit,
3080 1812 3264 1894 prelo

342 1907 511 1969 serie
554 1907 1025 1971 submittentur
1070 1903 1392 1988 opuscula
1440 1903 1831 1988 pretiosiora
1876 1901 2211 1988 Zwinglii,
2261 1901 2551 1980 Calvini,
2623 1903 3015 1988 Bullingeri,
3088 1903 3263 1968 Mus-

342 1999 505 2074 culi,
554 1997 883 2082 MartyriS,
921 1996 1209 2074 Knoxii,
1251 1995 1501 2073 Bezae,
1544 1993 1859 2078 Hyperii,
1899 1993 2204 2074 Zanchii,
2245 1995 2594 2075 Perkinsii‚
2635 1995 2889 2074 Ursini,
2934 1995 3263 2075 Oleviani,

342 2089 857 2166 Trelcatiorum,
901 2089 1062 2152 Iunii
1085 2139 1101 2166 ,
1136 2087 1410 2152 Gomari
1432 2137 1447 2164 ,
1495 2086 1811 2170 Altingii,
1865 2086 2154 2166 Walaei,
2189 2087 2405 2152 Riveti
2427 2138 2442 2166 ,
2491 2087 2709 2152 Voetii
2731 2137 2748 2168 ,
2797 2087 3268 2166 Rutherfordii‚

343 2180 639 2245 aliorum.
712 2179 1084 2264 Quotannis
1141 2200 1346 2244 unum
1410 2179 1473 2243 in
1536 2178 1753 2243 lucem
1800 2179 2094 2262 prodibit
2138 2179 2468 2243 volumen.
2557 2178 2808 2244 Charta
2853 2179 3264 2245 adhibebitur

345 2271 550 2356 digna
597 2274 664 2336 in
710 2291 915 2355 quam
959 2292 1213 2336 vermes
1260 2291 1449 2335 suam
1486 2279 1837 2335 exerceant
1882 2271 2330 2335 voracitatem.
2396 2270 2888 2354 Tegumentum
2937 2272 3260 2336 membra-

345 2384 544 2428 neum
591 2365 737 2428 erit.
806 2363 1055 2426 Forma
1102 2363 1389 2427 nitidior.
1460 2359 1727 2447 Quippe
1773 2362 1956 2445 digni
1997 2361 2537 2427 excellentissimi
2583 2362 2736 2441 viri,
2779 2383 2949 2447 quos
2997 2363 3126 2426 iam
3176 2385 3262 2426 ex

342 2456 614 2540 indigna
660 2454 1226 2540 expergefacimus
1267 2454 1635 2533 oblivione,
1684 2453 1984 2537 talesque
2021 2455 2417 2521 videbantur
2441 2476 2482 2519 a
2510 2475 2792 2538 quorum
2821 2458 3261 2520 monumentis

342 2568 541 2613 omne
588 2550 773 2632 quod
820 2546 1137 2611 incultam
1186 2546 1511 2611 redoleret
1558 2546 1988 2611 rusticitatem
2011 2594 2028 2622 ,
2079 2556 2564 2631 quantumpote
2609 2555 2952 2611 arceretur.

428 2640 549 2703 VI.
610 2640 681 2703 A
705 2639 1061 2703 Francisco
1085 2638 1277 2702 Iunio
1298 2637 1719 2701 inchoabitur
1744 2637 2152 2703 bibliotheca
2181 2648 2422 2703 nostra.
2473 2636 2726 2721 Quodsi
2752 2659 2969 2721 rogaS,
2995 2657 3114 2701 cur
3135 2638 3268 2701 tale

342 2732 765 2797 instituamus
802 2732 1173 2809 exordium,
1225 2729 1400 2794 idem
1441 2731 1918 2812 respondeatur
1948 2730 2070 2793 tibi
2105 2732 2286 2814 quod
2309 2730 2656 2815 inquirenti
2681 2729 2840 2793 olim
2864 2729 2948 2793 de
2971 2728 3266 2812 gentium

344 2823 573 2887 ordine
621 2824 687 2886 in
734 2824 999 2887 navium
1047 2824 1231 2905 apud
1280 2822 1649 2885 Homerum
1697 2821 2053 2905 catalogo:
2105 2818 2268 2902 „Sin
2296 2823 2382 2886 ab
2409 2822 2570 2901 alio,
2622 2841 2922 2905 rogasses
2963 2821 3145 2903 quini
3183 2822 3268 2883 ab

343 2914 453 2978 illo
474 2913 535 2979 !''
609 2914 753 2980 Nec
783 2917 1017 2980 desunt
1047 2924 1272 2977 tamen
1303 2912 1684 2997 plausibiles
1704 2962 1719 2989 ,
1770 2934 1883 2977 cur
1922 2914 1990 2976 in
2028 2911 2199 2977 Iunii
2230 2914 2450 2998 potius
2476 2913 2693 2998 illapsi
2719 2914 2924 2977 simus
2951 2932 3232 2977 messem
3253 2962 3266 2989 ,

342 3016 543 3091 atque
583 3007 961 3090 probabiles
998 3006 1305 3069 rationes„
1378 3004 1647 3087 Ubique
1694 3004 1922 3069 Iunius
1963 3006 2210 3070 docuit.
2283 3004 2360 3067 In
2411 3003 2668 3083 Gallia,
2721 3007 2786 3068 in
2824 3004 3150 3081 Helvetia,
3203 3006 3268 3067 in

342 3098 727 3177 Germania,
776 3099 843 3161 in
888 3098 1137 3181 Belgia,
1187 3100 1367 3181 apud
1416 3104 1761 3160 nostrates,
1809 3096 1886 3159 In
1920 3098 2150 3180 paucis
2176 3097 2270 3160 vir
2295 3097 2640 3181 primarius
2667 3094 2784 3160 suit
2809 3106 2875 3160 et
2901 3096 3262 3179 palmarius

348 3188 510 3269 fiere,
562 3191 650 3256 de
697 3210 833 3273 quo
873 3189 1305 3253 intermortuo
1339 3187 1564 3251 lumen
1606 3208 1765 3251 suae
1811 3188 2076 3261 aetatis,
2132 3184 2542 3271 Scaligerum
2591 3187 2774 3265 volo,
2825 3188 2990 3252 tristi
3037 3188 3272 3251 cecinit

345 3282 634 3347 carmine
683 3282 991 3362 „duabus
1029 3280 1211 3343 horis
1251 3294 1401 3363 post
1441 3282 1731 3345 mediam
1780 3288 2046 3344 noctem
2087 3280 2171 3343 de
2219 3279 2532 3356 lectulo'',
2578 3288 2652 3343 ut
2689 3278 2945 3345 addidit
2993 3281 3177 3363 ipse:

979 3372 1121 3453 „Te
1164 3392 1465 3437 moerens
1511 3372 1695 3436 scola
1740 3370 1855 3435 flet
1900 3391 2094 3435 suum
2143 3372 2526 3456 magistrum

976 3462 1164 3529 Orba
1210 3464 1493 3529 ecclesia
1536 3475 1602 3527 te
1650 3483 1845 3527 suum
1890 3463 2232 3529 Parentem

978 3555 1343 3620 Doctorem
1390 3556 1598 3638 gemit
1644 3555 1823 3619 orbis
1873 3556 2282 3620 universuS.”

342 3646 599 3732 Quibus
642 3647 919 3723 accedit,
966 3648 1227 3710 Iunium
1265 3668 1352 3711 ex
1394 3647 1471 3710 iis
1512 3646 1739 3723 fuisse,
1790 3647 1900 3729 qui
1926 3648 2229 3730 quamvis
2254 3655 2519 3711 strenue
2545 3654 2612 3711 et
2640 3644 2910 3710 firmiter
2935 3644 3278 3711 doctrinae

345 3738 707 3824 Augustini
748 3738 885 3803 sive
925 3738 1179 3803 Calvini
1220 3738 1484 3802 nomine
1531 3737 1916 3821 divulgatae
1960 3740 2248 3815 addicti,
2295 3747 2528 3803 tamen
2553 3740 2848 3803 nondum
2875 3737 3281 3802 inevitabilia

347 3852 613 3915 prorsus
652 3831 1151 3913 augurabantur
1189 3831 1569 3894 discrimina
1617 3850 1835 3893 rerum
1876 3838 2077 3913 atque
2111 3829 2437 3914 pericula,
2495 3850 2669 3913 quae
2711 3850 2872 3894 mox
2917 3850 2957 3893 a
3005 3828 3278 3903 Groti0,

346 3922 675 3999 Armini0,
722 3920 1087 4006 Episcopio
1134 3943 1287 3987 cum
1318 3922 1666 4000 ecclesiae,
1715 3932 1861 3985 tum
1887 3922 2146 4004 patriae
2175 3922 2616 3987 imminerent.
2669 3922 2845 3986 Hinc
2869 3922 3120 3985 sactum
3145 3928 3280 3995 est,

348 4016 479 4079 eius
504 4034 749 4079 nomen
774 4036 908 4078 non
931 4024 1193 4079 tantum
1218 4014 1395 4098 apud
1420 4012 1837 4089 Calvinistas,
1864 4034 2094 4077 verum
2120 4014 2322 4077 etiam
2342 4016 2521 4097 apud
2545 4014 3093 4077 Remonstrantes
3115 4013 3286 4076 bene

346 4127 609 4190 semper
630 4106 959 4171 audivisse
983 4106 1341 4189 audireque
1365 4106 1765 4171 etiamnunC.
1792 4104 2108 4168 Nondum
2131 4104 2238 4167 via
2256 4102 2595 4168 Ecclesiae
2619 4116 2779 4169 tunc
2812 4106 2876 4168 in
2902 4105 3191 4168 diversas
3216 4124 3286 4166 se

345 4198 675 4264 scinderat
694 4208 936 4283 partes».
971 4196 1213 4262 Stabat
1236 4196 1455 4261 Iunius
1473 4197 1675 4261 etiam
1701 4196 1866 4261 citra
1881 4196 2150 4261 bivium.
2187 4196 2364 4260 Hinc
2393 4196 2740 4273 eximium,
2773 4217 2906 4279 quo
2941 4197 3290 4262 ecclesiam

348 4290 751 4367 consolatuS,
800 4289 1099 4354 hortatus
1144 4301 1249 4353 est
1286 4286 1647 4353 Irenicum.
1740 4288 1917 4353 Hinc
1956 4297 2025 4354 et
2067 4290 2354 4353 nominis
2395 4289 2762 4355 collaudati
2813 4287 3292 4353 bibliothecam

348 4392 641 4447 nostram
682 4402 819 4465 quo
858 4382 1217 4446 ordiremur
1256 4380 1763 4445 commendatio·
2881 4380 3033 4445 VII.
3095 4379 3292 4463 Quod
