3923 4875
1384 351 1485 393 nn:
1543 349 1767 394 VERA
1825 333 2361 392 rffnonoeu.
3252 352 3322 412 77

418 516 712 594 corruptis
769 513 1083 575 vitiositate
1136 511 1343 591 ipsiuS,
1392 528 1545 588 quae
1590 521 1793 572 tamen
1842 512 2006 573 dona
2043 511 2244 587 (etiam
2282 509 2346 571 in
2385 519 2540 570 statu
2579 508 2922 588 integritatis
2961 510 3142 593 illius)
3180 532 3330 576 nun-

417 615 630 676 quam,
688 595 799 656 nisi
855 593 1147 654 efficiente
1206 592 1483 670 singulari
1540 591 1655 652 Dei
1713 595 1768 652 &
1830 591 2255 669 supernaturali
2302 589 2518 670 gratia,
2568 589 2646 649 ad
2697 589 2992 668 fastigium
3031 593 3230 654 salutis
3272 599 3328 656 δι

416 677 641 757 gloriae
694 673 963 736 coelestis
1012 673 1317 734 hominem
1358 671 1715 733 exmlissent.
1756 674 1990 732 fuerunt
2026 671 2221 746 itaque
2265 671 2326 730 in
2363 669 2482 730 isto
2521 668 2791 730 subiecto
2823 671 3146 732 secundum
3165 683 3329 735 natu·

414 777 545 820 ram
584 757 765 835 ipsius
804 772 910 815 sua
948 754 1368 833 instrumenta,
1405 753 1485 812 ad
1526 751 1861 829 disciplinas
1902 750 2310 829 percipiendas
2341 749 2690 822 commoda,
2727 749 2834 810 sed
2852 769 3006 826 quae
3024 768 3324 830 nunquam

416 856 543 898 non
582 836 956 898 subsiderent
994 834 1070 894 de
1108 834 1285 894 rebus
1325 831 1715 910 naturalibus,
1755 841 1931 908 atque
1973 831 2034 891 in
2075 829 2158 891 eis
2199 829 2614 892 consisterent:
2636 830 2868 889 fuerunt
2888 829 3175 909 principia
3196 852 3326 910 par-

418 917 529 978 tim
568 933 743 977 sensu
780 923 1061 993 percepta
1099 912 1243 974 soris
1259 957 1277 990 ,
1314 919 1643 990 partimque
1685 909 2010 972 intellectui
2040 920 2244 972 nostro
2266 909 2424 970 intus
2443 909 2824 970 adhaerentia
2841 919 3018 987 atque
3035 909 3326 988 ingenita:

418 997 532 1057 fuit
582 993 953 1056 ratiocinatio
992 1012 1069 1054 ex
1106 992 1219 1053 illis
1300 991 1559 1070 rincipiis
1612 989 1999 1070 cogitationes
2039 989 2350 1069 colligens,
2391 1007 2742 1065 comparans
2756 1033 2775 1067 ,
2817 990 3328 1069 constituensque:

417 1079 656 1136 fuerunt
692 1074 1108 1136 conclusiones
1152 1076 1207 1133 81
1288 1070 1759 1133 eterminationes
1800 1091 1873 1132 ex
1911 1069 2212 1148 principiis
2252 1079 2416 1130 certa
2453 1066 2900 1130 ratiocinatione
2941 1080 3178 1131 erutae:
3222 1073 3332 1134 fuit

418 1155 677 1232 denique
715 1153 985 1232 scientia3
1026 1153 1133 1214 sed
1170 1151 1478 1232 naturalis,
1519 1163 1779 1228 terrena,
1819 1149 2100 1229 carnaliS,
2142 1153 2197 1210 &
2235 1148 2598 1210 naturalibus
2638 1149 2704 1222 (f.
2751 1151 2948 1225 1402.)
2989 1150 3186 1212 modis
3223 1153 3330 1213 im·

416 1234 853 1314 perfectissimis
890 1233 972 1294 ita
1012 1231 1360 1311 constituta,
1398 1241 1465 1292 vt
1500 1232 1579 1293 ad
1619 1231 1765 1292 nihil
1804 1231 2272 1308 supernaturale,
2315 1229 2575 1306 nihssque
2613 1229 2938 1306 perfectum
2969 1241 3326 1310 assurgeret3

417 1335 491 1376 ac
539 1335 617 1376 ne
656 1331 831 1376 sensu
868 1313 1111 1391 quidem
1151 1313 1273 1374 vllo
1310 1313 1643 1373 afficeretur
1690 1310 2219 1389 supernaturalium
2259 1313 2315 1370 δι
2353 1310 2750 1387 perfectarum
2789 1325 3004 1371 rerum.
3063 1310 3300 1373 Etenim
3313 1357 3332 1390 ,

416 1405 483 1456 vt
541 1393 733 1472 inquit
790 1394 1142 1472 Apostolus,
1202 1391 1469 1453 animalis
1515 1393 1699 1453 homo
1750 1410 1874 1453 non
1914 1399 2002 1453 est
2041 1409 2228 1468 capax
2269 1406 2505 1468 eorum,
2547 1405 2699 1466 quae
2735 1397 2872 1448 sunt
2909 1387 3141 1468 spiritus
3180 1390 3326 1452 Dei:

422 1483 559 1536 sunt
597 1473 755 1537 enim
796 1471 853 1534 ei
891 1471 1162 1548 stultitia,
1201 1491 1315 1532 nec
1352 1481 1549 1550 potest
1595 1491 1667 1532 ea
1695 1488 2078 1550 cognoscere.
2125 1489 2148 1528 1
2183 1469 2322 1530 Cor.
2347 1489 2401 1530 2.
2431 1489 2519 1542 14.
2562 1469 3005 1549 Quamobrem,
3026 1468 3170 1547 quid
3190 1470 3330 1531 huic

419 1554 675 1617 termino
733 1552 1072 1632 longissime
1125 1555 1163 1612 a
1214 1552 1391 1613 rebus
1444 1550 1660 1612 diuinis
1708 1550 1916 1612 dissito
1970 1569 2108 1611 cum
2147 1547 2516 1615 sanctissima
2551 1547 2650 1609 illa
2689 1547 3020 1626 Theologia
3058 1551 3328 1612 absolute

420 1631 617 1696 dicta?
670 1643 773 1694 aut
818 1631 963 1710 quid
1016 1630 1374 1694 castissimae
1412 1631 1495 1692 illi
1532 1630 1899 1710 Theologiae
1939 1648 2076 1690 cum
2116 1627 2358 1690 homine
2397 1627 2791 1705 impurissimo
2833 1631 2889 1688 δι
2927 1629 3292 1706 ineptissimo
3307 1676 3326 1710 ,

418 1714 535 1776 nisi
591 1712 851 1792 optimus
909 1713 1009 1773 ille
1068 1715 1124 1773 δι
1184 1711 1456 1773 coelestis
1513 1713 1717 1790 Pater,
1769 1709 1872 1788 qui
1910 1710 2158 1770 modum
2198 1707 2728 1769 communicandae
2766 1707 3131 1786 Theologiae
3171 1708 3326 1770 illius

420 1795 693 1854 absolute
754 1792 947 1854 dictae
1006 1791 1479 1870 suppeditauerat
1492 1835 1512 1870 ,
1568 1790 1729 1852 idem
1790 1788 2208 1868 gratiosissime
2249 1787 2498 1850 modum
2535 1788 2924 1867 applicandae
2962 1789 3329 1868 Theologiae

424 1875 750 1936 secundum
792 1871 938 1951 quid
976 1871 1153 1933 nobis
1191 1867 1640 1933 concinnasset?

500 1956 701 2032 Atque
760 1951 860 2014 hic
904 1961 994 2012 est
1040 1951 1323 2012 terminus
1374 1954 1523 2012 alter
1560 1951 1639 2012 ad
1672 1949 2114 2030 percipiendam
2152 1947 2545 2026 Theologiam
2583 1950 2914 2010 secundum
2951 1947 3092 2040 quid
3131 1967 3330 2010 neces·

422 2033 607 2096 sarius
621 2078 639 2112 ,
679 2051 858 2110 quem
897 2035 1033 2092 ante
1071 2031 1411 2112 statuimus3
1451 2031 1733 2092 nimirum
1771 2029 1986 2091 modus
2025 2028 2414 2108 applicandae
2453 2026 2672 2089 vtiliter
2709 2027 2864 2089 illius
2903 2026 3180 2090 selentiae
3195 2074 3213 2107 ,
3253 2030 3331 2090 ad

424 2114 721 2174 infirmum
779 2112 924 2172 illud
984 2111 1377 2189 miserumque
1439 2111 1769 2172 subiectum
1783 2157 1802 2189 ,
1861 2109 1939 2170 de
1991 2126 2111 2186 quo
2151 2107 2410 2170 breuiter
2450 2107 2634 2168 modo
2671 2111 3013 2186 agebamus.
3074 2109 3328 2170 Modum

422 2193 620 2272 itaque
659 2191 1045 2271 applicandae
1084 2191 1235 2253 illius
1268 2191 1544 2252 scientiae
1583 2189 2036 2268 perfectissimae
2075 2189 2153 2249 ad
2194 2187 2526 2249 subiectum
2564 2186 2720 2248 istud
2758 2187 3332 2267 imperfectissimum

425 2272 788 2334 constituens
842 2274 1006 2332 Deus
1019 2317 1037 2350 ,
1098 2291 1217 2351 pro·
1248 2271 1474 2332 infinita
1511 2271 1613 2332 illa
1653 2288 1759 2332 sua
1800 2268 2204 2330 misericordia
2244 2267 2510 2328 diuinum
2553 2270 2756 2328 lumen
2795 2266 3068 2330 coelestis
3107 2269 3330 2347 gratiae

420 2353 691 2432 praebuit
728 2350 1067 2413 hominibus
1081 2397 1099 2426 ,
1140 2369 1261 2428 quo
1300 2369 1407 2430 per
1444 2350 1719 2413 virtutem
1760 2349 2008 2428 Spiritus
2047 2347 2250 2410 omnia
2287 2347 2348 2408 in
2388 2346 2665 2431 omnibus
2703 2350 3047 2427 perficeret,
3081 2365 3234 2425 quae
3249 2349 3328 2410 ad

424 2435 739 2496 salutarem
788 2434 945 2494 hanc
992 2429 1453 2511 applicationem
1489 2432 2064 2510 praestationemque
2103 2440 2240 2491 sunt
2279 2427 2624 2490 necessaria.
2685 2430 2780 2488 Ac
2818 2440 3131 2506 propterea
3168 2427 3328 2507 quic·

425 2512 568 2591 quid
623 2512 686 2573 in
744 2523 953 2573 natura
1012 2514 1270 2573 humana
1326 2521 1415 2573 est
1472 2512 1551 2573 ad
1604 2511 2045 2590 perceptionem
2098 2527 2296 2571 rerum
2343 2509 2772 2587 ingeneratum,
2813 2508 2876 2569 id
2916 2510 3080 2569 Deus
3115 2507 3327 2570 virtute

424 2593 672 2673 Spiritus
712 2592 802 2653 sui
839 2593 921 2652 ita
958 2592 1303 2670 occupauit,
1352 2603 1417 2652 vt
1456 2609 1594 2652 cum
1634 2591 1875 2669 singulis
1913 2600 2156 2651 naturae
2195 2588 2372 2650 bonis
2411 2590 2574 2650 dona
2609 2586 2857 2667 gratiae,
2899 2605 3051 2665 quae
3089 2607 3330 2666 respon·

422 2674 567 2735 dent
604 2673 770 2751 ipsiS,
810 2671 1197 2733 coniunxerit.
1239 2674 1395 2732 Nam
1433 2670 1733 2750 principiis
1776 2670 1839 2733 in
1877 2671 2182 2732 intellectu
2219 2673 2257 2730 a
2295 2678 2504 2730 natura
2543 2666 2749 2745 positis
2769 2666 3154 2746 agglutinauit
3173 2667 3328 2746 prin-

422 2754 579 2832 cipia
617 2752 867 2831 gratiae:
909 2750 1124 2813 rationi
1163 2770 1237 2812 ex
1276 2750 1575 2829 principiis
1613 2752 1938 2829 assurgenti
1956 2750 2325 2811 incrementa
2347 2747 2584 2809 luminis
2603 2746 2694 2809 sui
2711 2747 2898 2809 diuini
2917 2748 3329 2826 superstruxit:

424 2830 905 2894 conclusionibus
942 2834 997 2893 δι
1039 2830 1645 2908 determinationibuS,
1684 2849 1831 2909 quas
1869 2830 2020 2892 ratio
2063 2839 2428 2907 consequuta
2458 2838 2549 2889 est
2567 2826 3073 2905 imperfectissima
3089 2837 3332 2889 naturae

420 2914 557 2973 luce
570 2958 589 2993 ,
628 2912 1162 2973 demonstrationes
1202 2914 1671 2989 supernaturales
1710 2921 1769 2971 et
1806 2909 2257 2989 perfectissimas
2298 2906 2728 2987 superaddidit,
2750 2927 2824 2969 ex
2845 2906 3058 2985 quibus
3086 2907 3332 2968 scientia

422 2990 697 3054 coelestis
752 2991 814 3051 in
881 3001 1079 3051 mente
1133 2990 1369 3070 piorum
1419 2992 1904 3052 constitueretur:
1954 2990 2212 3067 denique
2251 3000 2378 3050 tum
2419 2988 2654 3049 obiecta
2701 2986 2976 3048 caelestia
3023 2986 3334 3065 proposuit

424 3071 732 3134 sentienda
781 3071 963 3131 menti
1012 3074 1070 3131 δε
1127 3070 1416 3131 voluntati
1472 3080 1709 3131 nostrae
1769 3070 2011 3132 coelesti
2067 3070 2250 3131 modo
2264 3114 2282 3148 ,
2331 3079 2456 3129 tum
2511 3068 2784 3129 eamdem
2835 3068 3201 3128 voluntatem
3253 3069 3334 3129 ad

422 3150 951 3243 apprehensionem
1012 3150 1387 3211 obiectorum
1446 3149 1681 3211 illorum
1742 3149 2039 3211 excitauit.
2099 3149 2187 3209 Hi
2247 3166 2390 3227 ergo
2444 3148 2566 3209 duo
2615 3146 2700 3208 illi
2751 3156 2886 3207 sunt
2925 3146 3118 3225 modi,
3178 3163 3332 3224 quos

427 3230 795 3309 singulariter
845 3229 1219 3292 adhibendos
1278 3250 1403 3291 esse
1462 3229 1748 3308 sapientia
1797 3230 1912 3291 Dei
1950 3227 2258 3307 iudicauit,
2299 3238 2530 3307 praeter
2569 3246 2670 3287 eas
2708 3246 2800 3287 res
2838 3243 2984 3305 quas
3024 3227 3100 3287 de
3139 3228 3332 3287 Theo-

429 3310 589 3389 logia
634 3310 901 3372 absolute
959 3310 1119 3371 dicta
1176 3310 1585 3389 exposuimus3
1641 3320 1707 3370 vt
1753 3308 2086 3389 Theologia
2131 3310 2314 3371 altera
2363 3308 2540 3385 hacc,
2590 3324 2767 3383 quam
2820 3307 3147 3367 secundum
3186 3306 3330 3384 quid

428 3393 791 3469 appellamus
805 3436 823 3468 ,
876 3390 1192 3451 commode
1231 3391 1390 3467 apud
1430 3389 1701 3451 homines
1742 3390 1959 3466 versari
1997 3398 2196 3467 posset
2210 3434 2225 3459 ,
2269 3386 2598 3465 vtiliterque
2637 3389 2716 3448 ab
2756 3386 2830 3447 iis
2869 3386 3112 3465 percipi.
3172 3386 3333 3447 Alio-

429 3470 571 3549 quin
623 3490 737 3532 nec
775 3470 1103 3533 subiectum
1142 3470 1295 3531 adeo
1333 3469 1590 3530 alienum
1629 3481 1693 3530 vt
1731 3472 1917 3532 homo
1958 3480 2073 3548 est,
2116 3467 2316 3529 fuisset
2355 3470 2613 3529 futurum
2653 3466 2969 3545 sapientiae
3006 3466 3158 3528 illius
3198 3486 3332 3527 coe-

425 3550 584 3612 lestis
643 3568 861 3629 capa-13
913 3569 1025 3610 nec
1073 3548 1355 3627 sapientia
1408 3548 1677 3610 coelestis
1714 3548 1960 3628 vestigio
2003 3550 2098 3609 vel
2133 3547 2474 3608 tenuissimo
2519 3547 2596 3607 ad
2633 3546 2904 3607 homines
2935 3558 3058 3607 tam
3097 3546 3330 3623 ineptos

426 3648 683 3709 vnquam
736 3640 1105 3707 peruentura.
1166 3628 1275 3690 His
1322 3628 1555 3707 positiS,
1609 3647 1761 3707 quae
1799 3631 1878 3689 ad
1916 3629 2207 3689 rationem
2245 3628 2416 3689 huius
2455 3626 2821 3706 Theologiae
2860 3628 2937 3687 ab
2977 3626 3072 3687 illa
3117 3624 3329 3686 discer-

426 3711 683 3771 nendam
742 3708 1069 3787 pertinent3
1113 3709 1435 3770 videndum
1473 3708 1649 3770 nobis
1690 3720 1805 3787 est,
1844 3719 1907 3769 vt
1946 3708 2228 3785 deinceps
2272 3707 2480 3767 ordine
2522 3708 2597 3768 de
2635 3717 2881 3783 vtraque
2921 3724 3032 3784 pro
3065 3705 3330 3766 instituto

426 3800 633 3850 nostro
692 3787 957 3849 dicamus
971 3835 989 3865 ,
1032 3806 1185 3866 quae
1222 3790 1301 3849 ad
1343 3808 1473 3850 rem
1510 3800 1882 3867 praesentem
1920 3788 2197 3849 videntur
2233 3786 2546 3867 pertinere.
2587 3784 2953 3863 Theologiae
2987 3784 3161 3863 igitur
3193 3803 3328 3844 nos-

424 3878 551 3929 trae
607 3870 877 3929 absolute
936 3868 1131 3929 dictae
1189 3869 1592 3929 definitionem
1648 3868 1942 3948 principio
2004 3867 2211 3946 capitis
2264 3866 2656 3944 expressimus
2669 3910 2686 3941 ,
2727 3882 2912 3944 genus
2949 3864 3100 3924 illius
3140 3871 3230 3938 (vt
3265 3864 3328 3923 in

418 3948 929 4025 antecedentibus)
982 3950 1039 4008 &
1086 3948 1475 4010 differentiam
1522 3968 1629 4027 per
1682 3967 1915 4011 caussas
1955 3956 2338 4026 exponentes.
2389 3948 2495 4006 Est
2534 3963 2748 4021 nempe
2787 3960 2972 4021 genus
3010 3946 3326 4024 sapientia3

426 4033 485 4089 δι
524 4047 665 4089 vere
704 4028 948 4105 quidem
988 4027 1295 4107 sapientia,
1334 4047 1458 4089 non
1498 4039 1693 4090 autem
1737 4036 2204 4107 καταχρηςικῶς,
2241 4035 2344 4086 aut
2386 4044 2459 4085 ex
2498 4022 2777 4101 opinione
2810 4020 3118 4084 hominum
3148 4027 3235 4100 (vt
3271 4026 3333 4083 fit

422 4108 767 4185 plurimum)
806 4109 1115 4187 appellata.
1164 4109 1489 4169 Causarum
1528 4114 1669 4172 vero
1710 4109 1788 4168 ad
1827 4107 2216 4168 differentiam
2256 4103 2620 4183 Theologiae
2661 4102 3078 4180 pertinentium
3119 4104 3334 4182 singuli

418 4187 543 4249 loci
582 4188 885 4249 communi
924 4187 1134 4249 ordine
1174 4198 1608 4265 percurruntur.
1666 4190 1822 4248 Nam
1859 4186 2116 4264 primum
2155 4186 2506 4247 efficientem
2546 4200 2782 4245 causam
2798 4228 2815 4259 ,
2844 4186 2900 4244 δι
2941 4200 3330 4261 quaecunque

419 4268 503 4329 ad
556 4286 690 4327 eam
740 4265 1057 4346 pertinent,
1100 4267 1527 4329 declarauimus
1541 4313 1560 4346 ,
1598 4268 1862 4330 dicentes
1900 4269 2056 4328 hanc
2096 4264 2489 4343 Theologiam
2529 4267 2569 4322 ὰ
2609 4263 2744 4323 Deo
2783 4266 3134 4343 inspiratam
3175 4283 3295 4323 esse
3308 4308 3326 4340 ,

420 4349 501 4409 ἐν
535 4357 657 4426 per
696 4350 1116 4409 enunciatiuum
1153 4368 1470 4409 sermonem
1509 4351 1571 4409 in
1617 4348 1853 4409 Christo
1897 4349 2256 4408 commissam
2297 4348 2485 4407 seruis·
2526 4346 2646 4404 cuis
2685 4353 2857 4422 atque
2893 4346 2956 4403 in
2997 4352 3327 4404 testamento

3141 4430 3330 4483 vetere
