3923 4875
577 309 691 367 230
1498 307 1825 350 THESES
1886 305 2542 354 Tntonoolcan.

566 468 851 608 deniqge,
912 485 1095 546 quum
1146 488 1257 546 pro
1318 469 1663 532 necessitate
1716 469 1907 532 aliena
1946 491 2020 532 ex
2059 471 2262 532 officio
2303 469 2600 534 charitatis
2633 472 2908 550 precibus
2949 475 3175 536 nostris
3225 479 3494 554 appella-

576 566 708 610 mus
804 567 959 610 eum.

658 649 747 690 12.
829 631 969 690 Duo
1008 641 1207 690 autem
1246 629 1343 690 hic
1382 629 1746 692 considerari
1783 634 1821 692 a
1850 631 2029 692 nobis
2069 651 2310 693 necesse
2331 644 2445 694 est:
2478 652 2528 694 1.
2549 630 3000 710 dispositionem
3022 645 3495 698 nostr-amuran-

571 711 735 772 tium.
783 731 837 772 2.
879 709 1328 788 dispositionem
1370 711 1427 771 δι
1468 709 1855 772 substantiam
1894 710 2180 772 orationis
2222 723 2483 774 nostrae.

662 811 684 850 1
692 811 749 868 3.
830 793 1255 870 Deis-positionis
1294 791 1591 852 orantium
1630 791 1783 852 duae
1812 801 1949 852 sunt
1954 801 2204 872 partes:
2225 812 2342 853 vna
2361 793 2440 852 ad
2461 793 2970 871 praeparationem
2989 795 3284 872 ipsorum:
3305 799 3496 859 altera

576 871 654 932 ad
692 871 1170 932 constitutionem
1210 871 1271 931 in
1312 871 1545 932 orando
1585 871 1885 949 pertinens
1899 918 1918 950 ,
1958 875 2013 933 &
2054 871 2238 949 intus,
2271 875 2326 934 &
2361 871 2522 935 foriS.

662 971 751 1026 14.
833 953 1149 1030 Praeparat
1188 949 1343 1012 intus
1383 950 1693 1012 hominum
1732 963 1990 1030 mentes,
2034 955 2091 1013 δι
2131 952 2362 1014 animos
2401 954 2478 1012 ad
2519 953 2850 1014 orationem
2889 954 3192 1034 accendit,
3237 967 3365 1016 tum
3389 957 3490 1034 pia

574 1036 629 1094 δι
668 1031 919 1111 diligens
960 1030 1225 1092 miseriae
1266 1030 1557 1110 ipsorum,
1590 1033 1644 1091 &
1687 1031 2122 1094 misericordiae
2165 1032 2310 1110 Dei,
2352 1037 2407 1094 δι
2448 1035 2866 1094 mandatorum
2907 1033 3030 1096 eius
3064 1037 3342 1114 frequens
3363 1057 3488 1097 me-

570 1111 777 1254 gad?
790 1157 809 1192 ,
870 1125 995 1172 tum
1054 1110 1361 1190 singularis
1418 1111 1825 1192 publicorum,
1888 1111 2373 1192 priuatorumque
2431 1115 2722 1174 malorum
2761 1131 2972 1176 sensus
2990 1159 3010 1194 ,
3049 1125 3231 1194 atque
3273 1135 3484 1178 eorum

649 1203 825 1255 ectlo.

652 1289 741 1352 15.
823 1274 1138 1351 Praeparat
1179 1270 1321 1333 foris
1335 1317 1353 1350 ‚
1394 1269 1757 1333 conueniens
1792 1291 1992 1333 rerum
2031 1283 2404 1334 externarum
2442 1272 2590 1334 citra
2627 1273 3104 1353 superstitionem
3145 1281 3220 1337 eo
3262 1275 3486 1336 facien·

564 1353 713 1416 tium
754 1350 1240 1431 repraesentatio:
1282 1351 1791 1430 quemadmodum
1829 1363 2056 1414 veteres
2095 1371 2224 1414 sese
2263 1353 2341 1414 ab
2380 1353 2543 1414 omni
2563 1352 2910 1432 antiquitate
2931 1373 3212 1448 persaepe
3235 1355 3482 1433 ieiunio,

563 1438 620 1495 ὅτ
657 1433 919 1496 vestibus
958 1435 1183 1494 luctum
1224 1435 1281 1494 δι
1312 1431 1718 1512 indignitatem
1756 1449 1923 1494 suam
1967 1432 2413 1496 testificantibus
2453 1433 2532 1492 ad
2570 1433 2692 1494 hoc
2732 1434 2998 1495 officium
3019 1447 3394 1514 excitarunt,
3417 1441 3476 1497 &

566 1518 604 1574 a
644 1512 954 1592 Prophetis
996 1514 1231 1573 fuerunt
1268 1511 1523 1573 excitati.

650 1597 740 1655 16.
823 1592 1183 1655 Constitutio
1214 1590 1365 1652 iusta
1409 1592 1567 1653 intus
1606 1603 1695 1654 est
1734 1591 2062 1672 orantium,
2103 1609 2286 1670 quum
2327 1591 2421 1671 pie
2459 1589 2837 1671 legitimeque
2876 1595 3234 1674 comparati,
3255 1615 3330 1656 ex
3351 1606 3482 1657 toto

566 1673 768 1734 animo
837 1672 1154 1750 studioque
1212 1684 1563 1751 comparent
1620 1691 1827 1734 coram
1889 1675 2026 1734 Deo
2067 1675 2228 1750 solo,
2273 1675 2474 1752 Patre,
2519 1673 2640 1734 filio
2681 1677 2736 1734 δι
2777 1673 2994 1752 Spiritu
3035 1688 3244 1736 sancto
3260 1721 3280 1756 ,
3323 1687 3484 1736 certa

566 1771 706 1814 cum
746 1753 963 1814 fiducia
1002 1751 1460 1830 promissionum
1500 1752 1625 1813 eius
1665 1753 1725 1814 in
1767 1753 2006 1815 Christo
2044 1755 2180 1814 Iesu
2223 1751 2398 1813 vnico
2439 1752 2763 1814 mediatore
2795 1764 3025 1816 nostro.

652 1851 744 1910 17.
824 1834 1027 1910 Quum
1067 1831 1549 1894 constitutionem
1587 1832 1649 1894 in
1688 1831 1899 1896 animis
1942 1831 2176 1910 piorum
2211 1831 2419 1912 efficit,
2459 1837 2516 1896 δι
2549 1843 2828 1924 operatur
2874 1833 3032 1895 idem
3047 1880 3065 1913 .,
3087 1835 3192 1912 qui
3210 1839 3267 1897 &
3281 1855 3482 1897 veram

566 1911 1029 1991 resipiscentiam
1045 1958 1062 1990 ,
1104 1915 1161 1974 δι
1199 1913 1381 1973 fidem
1422 1915 1737 1974 salutarem
1778 1913 1964 1975 donat
1979 1959 1997 1992 .,
2037 1912 2284 1991 Spiritus
2323 1923 2559 1976 sanctus
2600 1932 2662 1972 m
2699 1911 2840 1991 ipsis
2877 1915 3150 1976 habitans
3191 1919 3246 1978 δι
3283 1915 3486 1978 omnia

566 1990 827 2054 efficiens
865 1993 927 2054 in
968 1991 1264 2054 omnibus.

654 2077 745 2134 18.
824 2071 1185 2134 Constitutio
1226 2072 1375 2134 iusta
1413 2070 1559 2134 foris
1600 2084 1689 2134 est
1710 2119 1729 2153 ‚
1768 2073 1830 2134 in
1870 2073 2266 2135 conueniente
2307 2074 2364 2134 δι
2407 2073 2630 2134 decora
2671 2091 2981 2152 manuum,
3021 2077 3368 2153 oculorum,
3387 2095 3482 2155 ge·

564 2171 779 2231 nuum,
841 2153 898 2212 δι
958 2153 1229 2232 corporis
1268 2152 1448 2215 totius
1482 2151 1747 2214 ratione:
1786 2171 1974 2231 quum
2015 2172 2224 2214 manus
2263 2171 2446 2230 purae
2487 2154 2565 2214 ad
2605 2154 2842 2214 coelum
2883 2157 3260 2228 attolluntur,
3301 2155 3484 2216 animi

568 2233 646 2293 ad
682 2233 881 2294 Deum
922 2233 1039 2293 fide
1078 2233 1493 2294 transuolantis
1533 2235 1590 2295 81
1628 2234 2014 2312 supplicantis
2055 2233 2308 2294 indices:
2349 2233 2509 2294 oculi
2533 2232 2594 2294 in
2613 2233 2978 2312 argumentis
3000 2233 3140 2294 fidei
3157 2235 3483 2312 suspiciunt

570 2314 809 2390 coelos,
852 2313 913 2373 in
958 2313 1193 2390 peccati
1242 2312 1615 2375 confessione
1656 2324 1873 2374 terram
1912 2330 2113 2376 versus
2151 2311 2532 2388 deijciuntur:
2579 2331 2774 2392 genua
2813 2315 3126 2376 flectuntur
3177 2315 3476 2376 abiectum

566 2391 1011 2473 supplicemque
1050 2393 1313 2455 animum
1356 2393 1753 2457 testificantia:
1794 2413 2012 2473 corpus
2053 2393 2308 2472 denique
2347 2405 2448 2455 aut
2487 2404 2601 2455 stat
2643 2393 2720 2455 ad
2760 2393 3174 2471 ministerium,
3213 2405 3316 2457 aut
3353 2415 3484 2474 pro·

572 2474 714 2536 cidit
750 2475 831 2535 ad
870 2476 1279 2537 adorationem
1320 2474 1581 2537 Domini.

658 2574 749 2632 19.
831 2556 969 2615 Hac
1028 2554 1449 2617 constitutione
1508 2574 1712 2616 coram
1752 2556 1885 2615 Deo
1930 2556 2064 2616 solo
2103 2554 2570 2633 comparendum
2611 2552 2920 2615 statuimus
2933 2600 2952 2633 ‚
2996 2554 3132 2632 quia
3171 2554 3358 2616 solius
3399 2567 3486 2617 est

572 2634 688 2695 Dei
744 2653 923 2695 nosse
936 2682 955 2715 ,
1018 2636 1197 2715 velle,
1258 2654 1435 2713 posse
1450 2632 1475 2713 ζ
1530 2639 1587 2697 δι
1627 2644 1924 2712 praestare
1967 2633 2170 2697 omnia
2207 2635 2504 2713 postulata
2545 2635 2812 2696 omnium
2852 2634 2931 2695 ad
2967 2654 3032 2695 se
3069 2634 3486 2695 accedentium

572 2713 697 2791 (hic
734 2714 895 2775 enim
934 2716 1108 2776 Pater
1142 2725 1343 2776 noster
1384 2714 1487 2793 qui
1528 2726 1619 2775 est
1660 2714 1719 2775 in
1762 2714 1947 2777 coelis
1960 2761 1980 2794 .,
2021 2718 2075 2777 8ῑ
2105 2713 2274 2775 cuius
2314 2724 2404 2775 est
2443 2731 2692 2793 regnum
2708 2759 2726 2792 ,
2765 2713 3064 2793 potentia,
3105 2718 3160 2777 δι
3193 2715 3386 2793 gloria
3423 2714 3484 2775 in

568 2795 789 2871 secula)
830 2798 885 2857 &
927 2793 1039 2856 sibi
1081 2794 1195 2856 soli
1227 2796 1387 2855 hunc
1428 2796 1653 2855 cultum
1695 2797 1759 2871 (f.
1808 2798 2007 2871 ¹70¹·)
2051 2792 2390 2855 vindicauit.

652 2895 747 2937 20.
825 2878 1036 2953 Itaque
1069 2886 1442 2954 sanctorum,
1485 2874 2046 2953 defunctorumque,
2086 2878 2140 2936 δι
2181 2892 2390 2935 eorum
2423 2874 2690 2934 omnium
2726 2873 2972 2951 quinon
2993 2886 3131 2935 sunt
3149 2874 3360 2935 natura
3379 2874 3481 2949 dij,

568 2954 792 3016 duliam
831 2957 888 3016 δι
928 2954 1336 3033 hyperduliam
1378 2971 1518 3016 cum
1558 2956 1853 3033 Apostolo
1866 3000 1885 3033 ,
1935 2956 2138 3015 Galat.
2181 2976 2236 3029 4.
2279 2960 2337 3016 8.
2377 2952 2748 3015 abdicamus,

650 3054 743 3095 21.
822 3036 950 3095 Nec
990 3035 1195 3096 leuiter
1236 3055 1337 3097 eos
1378 3054 1572 3095 errare
1610 3050 1922 3095 censemus
1938 3079 1955 3112 ‚
1996 3034 2098 3113 qui
2138 3034 2277 3095 fidei
2311 3032 2724 3095 certitudinem
2765 3032 3168 3095 insimulantes
3209 3034 3486 3095 securita-

562 3114 635 3175 tis
674 3115 731 3173 &
770 3115 1140 3194 arrogantiae
1180 3115 1453 3187 nomine,
1498 3114 1559 3175 in
1600 3112 1787 3174 dubio
1830 3115 2072 3174 haerere
2113 3124 2350 3175 orantes
2392 3114 2622 3175 iubent.

649 3213 741 3254 22.
822 3196 952 3255 Nec
1010 3214 1113 3257 eos
1152 3195 1409 3274 denique
1451 3194 1557 3272 qui
1594 3194 1833 3255 Christo
1877 3192 2300 3255 mediationem
2342 3192 2767 3271 redemptionis
2809 3193 3163 3271 tribuentes,
3203 3192 3484 3253 interces-

568 3274 749 3335 sionis
786 3273 843 3335 ei
882 3274 1146 3336 officium
1179 3286 1280 3336 aut
1318 3274 1587 3335 adimunt
1626 3274 1801 3352 plane
1816 3318 1835 3348 .,
1876 3283 1978 3334 aut
2015 3290 2154 3335 cum
2193 3272 2320 3333 aliis
2358 3272 2706 3352 partiuntur.

650 3374 745 3431 23.
822 3352 1150 3433 Dispositio
1208 3356 1265 3415 δι
1304 3356 1631 3415 substantia
1671 3353 1955 3415 orationis
2009 3364 2244 3415 nostrae
2285 3371 2576 3431 nusquam
2616 3352 2855 3413 breuius
2895 3364 2996 3413 aut
3037 3350 3251 3412 clarius
3305 3355 3490 3429 quam

569 3433 627 3493 in
670 3433 1039 3495 sanctissima
1078 3434 1179 3495 illa
1222 3433 1575 3513 precationis
1615 3432 1972 3494 Dominicae
2009 3434 2268 3495 formula
2308 3434 2576 3493 traditur.

654 3534 747 3588 24.
828 3513 1112 3576 Continet
1152 3525 1349 3575 autem
1390 3516 1539 3575 haec
1562 3516 1835 3594 precatio
1874 3513 2188 3591 petitiones
2229 3512 2370 3573 alias
2392 3512 2614 3575 directe
2636 3513 2714 3574 ad
2733 3514 2932 3573 Deum
2953 3522 3288 3591 spectantes
3303 3556 3322 3590 ‚
3343 3512 3492 3573 alias

574 3593 796 3656 directe
836 3595 915 3654 ad
955 3613 1067 3655 nos
1103 3597 1158 3656 &
1198 3614 1305 3672 per
1344 3610 1717 3671 consequens
1755 3594 1834 3653 ad
1871 3595 2070 3654 Deum
2109 3603 2397 3655 nostrum.

662 3694 691 3732 2
699 3690 755 3753 5.
837 3676 1057 3734 Earum
1098 3692 1251 3752 quae
1293 3672 1371 3733 ad
1414 3676 1610 3735 Deum
1650 3684 1917 3753 spectant
1957 3672 2150 3751 prima
2187 3684 2304 3751 est,
2343 3690 2463 3751 qua
2502 3689 2880 3733 communem
2921 3674 3100 3733 finem
3121 3670 3364 3731 aliarum
3396 3691 3494 3749 pe-

580 3753 851 3815 titionum
892 3754 1160 3814 omnium
1203 3765 1579 3832 exoptamus:
1625 3772 1843 3833 nempe
1886 3764 1949 3815 vt
1989 3772 2208 3814 nomen
2248 3752 2364 3813 Dei
2403 3764 2672 3813 sanctum
2713 3754 2770 3813 &
2811 3754 3045 3813 celebre
3085 3750 3157 3812 sit
3193 3760 3374 3829 atque
3393 3750 3492 3811 de-

576 3844 933 3893 monstretur
1082 3834 1210 3895 sim.

656 3916 748 3973 26.
832 3852 1105 3974 Seculiiadsa
1144 3922 1233 3975 est
1271 3910 1450 3989 medij
1492 3912 1749 3991 primarii
1793 3912 1873 3973 ad
1912 3914 2091 3973 finem
2133 3910 2298 3972 illum
2340 3911 2719 3991 pertinentis,
2759 3924 2824 3973 vt
2863 3914 3024 3973 Deus
3065 3911 3190 3991 ipse
3211 3911 3498 3971 mundi&

573 3994 871 4053 Ecclesiae
912 3995 1043 4053 Rex
1084 4010 1255 4133 {uum
1296 4010 1543 4072 regnum
1583 3996 1763 4071 quam
1802 3991 2079 4054 latissime
2115 3991 2406 4054 diffundat
2443 3990 2835 4071 Euangelium
2871 3992 3254 4068 auctoritate,
3287 3994 3344 4052 δι
3364 4010 3496 4070 per·

575 4072 735 4133 ficiat
774 4072 988 4133 virtute
1026 4092 1095 4133 su
1137 4117 1151 4133 .

659 4168 753 4226 27.
832 4151 1035 4211 Tertia
1074 4162 1162 4212 est
1204 4150 1378 4244 medij
1424 4150 1752 4226 secundarii
1792 4152 1871 4211 ad
1914 4153 2093 4213 finem
2133 4152 2388 4213 eundem
2430 4151 2803 4231 pertinentis,
2845 4163 2908 4211 vt
2956 4170 3068 4211 nos
3109 4148 3330 4211 subditi
3369 4149 3500 4211 eius

576 4231 826 4309 imperio
884 4232 939 4291 &
1004 4230 1289 4292 voluntati
1349 4230 1529 4323 1psius
1578 4232 1829 4293 fideliter
1889 4232 2316 4311 obsequamur,
2359 4232 2865 4311 quemadmodum
2907 4232 2968 4291 in
3015 4228 3196 4291 coelis
3249 4228 3500 4309 Angeli,

576 4320 755 4393 atque
788 4311 866 4371 ad
906 4330 1034 4371 rem
1074 4310 1246 4375 istam
1286 4310 1607 4391 dirigamur
1645 4311 1767 4374 hoc
1808 4312 2104 4373 beneficio
2144 4312 2288 4373 eius.

2979 4395 3072 4450 28.
3135 4388 3498 4451 Petitionum
