3923 4875
633 357 706 414 24
1618 357 2032 402 RRANclscl
2085 357 2302 412 JUNII
2359 358 2552 402 VITA.
2625 379 2634 390 ·

626 518 957 581 testimonia
995 518 1321 596 perscripta
1362 521 1440 580 ab
1481 518 1749 581 Ecclesia
1787 531 1949 580 certa
1989 520 2343 581 habuissem.
2405 519 2784 598 Quapropter
2823 533 2999 595 saepe
3013 562 3031 596 ,
3071 514 3288 576 omissa
3323 514 3530 591 quauis

630 600 973 662 defensione
1028 599 1245 679 gentis,
1306 616 1487 679 quam
1546 599 1858 660 audiebam
1916 599 2212 660 interdum
2271 599 2497 677 culpari
2550 597 2953 660 vehementius
2992 595 3118 657 sine
3157 597 3278 656 vllo
3316 595 3529 656 merito

626 693 792 750 meo,
834 689 1077 741 coactus
1116 696 1245 739 sum
1284 678 1347 738 in
1384 681 1532 740 haec
1568 680 1751 740 verba
1789 697 2096 757 erumpere
2135 681 2625 758 παθητικώτερονι
2673 681 2852 738 »Rem
2881 677 3152 758 profecto
3173 675 3528 735 mirandam!

626 771 854 820 tantum
905 759 1165 838 potuisse
1219 759 1498 820 satanam
1550 759 1611 820 in
1654 759 1945 820 mentibus
1984 758 2323 836 hominum,
2367 769 2430 818 vt
2467 777 2575 836 per
2611 757 2899 819 insaniam
2936 759 3170 834 Regum
3211 773 3283 814 ac
3325 755 3534 832 princi-

628 855 773 917 pum
812 840 953 900 odia
990 849 1113 899 tam
1152 859 1359 916 aspera
1396 839 1601 900 indere
1636 839 1721 900 eis
1758 839 2048 919 potuerit3
2089 856 2248 899 nunc
2288 841 2430 898 vero
2504 854 2690 914 quum
2728 855 2937 899 omnes
2975 852 3380 896 conuocamur
3417 837 3535 894 vna

629 919 710 978 ad
767 917 1071 997 Euangelij
1134 919 1335 980 salutis
1396 919 1895 996 praedicationem
1912 964 1931 996 .‚
1985 937 2108 980 non
2141 937 2317 996 posse
2351 883 2580 977 tanlum
2625 917 2788 996 apud
2827 935 2938 978 nos
2982 916 3148 976 illum
3187 914 3534 992 sanguinem

633 998 875 1072 Christi,
934 997 1037 1075 qui
1096 1000 1343 1058 mundat
1399 1017 1511 1059 nos
1565 1001 1647 1060 ab
1692 999 1855 1060 omni
1892 1009 2173 1076 peccato,
2227 1008 2290 1059 vt
2328 996 2438 1057 ista
2477 997 2616 1058 odia
2653 997 2898 1076 eximat,
2939 997 2996 1056 δε
3040 1014 3153 1056 nos
3190 993 3534 1072 compingat

631 1079 691 1137 in
746 1089 1007 1139 sanctam
1060 1077 1293 1155 spiritus
1345 1078 1625 1139 vnitatem
1638 1079 1697 1137 l”
1752 1081 1841 1139 Ita
1880 1077 2339 1156 acquiescebant
2377 1095 2583 1138 omnes
2623 1077 2882 1138 sermoni
2917 1095 3054 1136 meo
3067 1122 3084 1156 ‚
3129 1073 3536 1149 efficiebatque

633 1158 928 1218 Dominus
942 1203 960 1236 ‚
1020 1168 1085 1218 vt
1141 1158 1288 1218 illud
1348 1161 1565 1218 malum
1626 1159 1703 1219 de
1762 1175 1884 1235 quo
1946 1158 2092 1219 mihi
2138 1158 2451 1219 constabat
2501 1176 2576 1217 ex
2613 1156 3134 1236 significationibus
3173 1157 3229 1214 δι
3269 1153 3536 1214 oratione

638 1241 957 1299 multorum
972 1283 989 1314 ,
1038 1237 1318 1314 patientia
1368 1240 1423 1298 &
1463 1239 1580 1298 fide
1629 1255 1986 1314 superarem.
2046 1241 2188 1298 Hoc
2229 1239 2448 1298 malum
2487 1237 2746 1297 necdum
2784 1238 3122 1298 confectum
3161 1244 3314 1313 erat,
3354 1250 3536 1310 quum

638 1318 753 1380 alia
781 1334 974 1378 ‘onera
1012 1327 1423 1380 successerunt
1436 1363 1454 1397 ,
1495 1335 1649 1395 quae
1688 1318 1749 1377 in
1790 1337 1885 1377 me
1926 1321 1964 1376 a
2003 1318 2247 1397 collegis
2277 1316 2687 1378 amantissimis
2707 1319 2928 1378 Carolo
2948 1317 3004 1375 N
3006 1315 3142 1376 ielio
3161 1317 3217 1376 &
3239 1315 3541 1392 Stephano

638 1397 985 1476 MermeriO,
1042 1401 1095 1457 81
1147 1399 1358 1457 horum
1408 1399 1705 1474 postulatu
1758 1399 1835 1458 ab
1892 1398 2158 1458 Ecclesia
2207 1398 2361 1476 ipsa,
2409 1407 2534 1457 tum
2576 1400 2614 1457 a
2653 1396 2912 1458 finitimis
2949 1412 3188 1473 quoque
3227 1392 3538 1471 EcclesiiS,

636 1476 879 1554 aliisque
938 1477 1219 1536 deuoluta
1267 1488 1431 1537 sunt:
1482 1494 1635 1554 quae
1684 1495 1795 1556 ego
1844 1487 1974 1538 tum
2011 1477 2130 1538 mei
2169 1476 2530 1538 conscientia
2567 1487 2695 1537 tum
2735 1473 3170 1555 probationum·
3189 1473 3538 1534 anteceden—

634 1557 783 1618 tium
822 1555 1233 1616 recordatione
1272 1558 1605 1617 abnuebam
1618 1601 1635 1636 ‚
1677 1558 1733 1616 ὅτ
1772 1557 2137 1636 refugiebam
2171 1556 2638 1636 diligentissime:
2681 1557 2787 1617 sed
2825 1555 2965 1617 vicit
2993 1571 3275 1615 numerus
3307 1563 3536 1614 senten-

636 1636 872 1713 tiarum,
913 1635 1017 1712 qui
1056 1655 1151 1697 me
1187 1635 1492 1696 laboribus
1531 1635 1600 1696 iis
1643 1636 2060 1716 scripturarum
2101 1640 2156 1698 &
2197 1636 2649 1715 responsionum
2689 1635 3088 1697 faciendarum
3127 1633 3464 1710 damnauit,
3503 1637 3540 1691 a

636 1717 851 1793 quibus
892 1719 1027 1775 ante
1066 1725 1407 1776 excusatum
1447 1715 1748 1776 habuerat.
1812 1717 2142 1795 Septembri
2181 1735 2386 1778 mense
2405 1715 2654 1776 accessit
2672 1724 3008 1794 temporum
3027 1713 3300 1791 iniquitas
3313 1758 3330 1792 ‚
3355 1729 3538 1790 quum

638 1797 895 1857 aduentu
926 1794 1238 1855 Lusitanae
1268 1795 1421 1856 illius
1460 1813 1714 1874 sponsae
1754 1814 2006 1874 magnus
2046 1796 2467 1874 Inquisitorum
2506 1813 2783 1856 numerus
2821 1796 2898 1855 ab
2919 1793 3237 1873 Hispania,
3278 1794 3334 1853 &
3355 1791 3542 1870 diplo-

640 1886 797 1936 mata
848 1872 1101 1952 Philippi
1140 1874 1320 1952 Regis
1360 1876 1437 1936 de
1475 1876 1827 1936 stabilienda
1864 1877 2269 1956 ἀπαραιτήτως
2307 1876 2370 1936 in
2410 1876 2616 1954 Belgio
2656 1872 3042 1952 Inquisitione
3081 1872 3254 1934 simul
3293 1873 3546 1932 aduecta

642 1965 863 2014 essent:
917 1971 1038 2031 quo
1092 1955 1251 2015 sacto
1300 1955 1586 2016 commoti
1637 1955 2150 2017 vehementissime
2205 1959 2260 2016 &
2299 1955 2589 2016 vulnerati
2629 1957 2862 2016 fuerunt
2901 1952 3084 2014 animi
3123 1953 3420 2030 omnium,
3463 1951 3542 2010 ad

640 2033 1014 2094 securitatem
1074 2050 1241 2093 suam
1296 2034 1743 2112 libertatemque
1800 2038 1881 2097 ab
1938 2034 2337 2112 Inquisitionis
2378 2035 2517 2114 iugo
2555 2033 3059 2096 contendentium.
3115 2035 3274 2092 Ante
3313 2030 3543 2090 omneis

639 2117 782 2174 vero
820 2133 895 2174 ex
934 2111 1259 2174 Nobilitate
1298 2113 1534 2193 pauculi
1572 2116 1651 2176 de
1690 2133 1869 2177 causa
1907 2115 2206 2194 religionis
2247 2117 2304 2175 &
2340 2117 2508 2177 bono
2546 2114 2788 2193 publico
2827 2113 3062 2174 solliciti
3103 2111 3263 2172 diem
3295 2111 3446 2170 inter
3478 2127 3542 2169 se

639 2192 910 2253 dixerunt
924 2237 941 2271 ,
998 2210 1117 2271 qua
1172 2194 1485 2256 consilium
1542 2211 1860 2256 commune
1916 2195 1996 2254 de
2052 2213 2118 2255 re
2167 2204 2292 2256 tota
2331 2195 2559 2273 capturi
2597 2205 2808 2256 essent.
2867 2193 3001 2253 Fuit
3038 2201 3236 2252 autem
3283 2189 3407 2250 dies
3444 2189 3544 2249 illa

642 2273 894 2333 Octobri
940 2271 1181 2333 ineunte
1196 2317 1213 2352 ,
1266 2291 1383 2351 qua
1444 2274 1541 2335 die
1598 2274 1929 2336 Parmensis
1988 2273 2272 2353 Principis
2331 2275 2572 2353 nuptiae
2631 2293 2768 2334 cum
2825 2273 3106 2340 Lusitana
3153 2270 3542 2331 celebrandae

640 2363 825 2413 erant.
864 2352 964 2412 Ad
1000 2351 1165 2413 illam
1202 2353 1389 2431 ipsam
1429 2354 1589 2415 diem
1626 2356 1927 2416 Bruxellas
1968 2371 2156 2414 vocor
2193 2354 2550 2433 Antuerpia:
2603 2355 2666 2415 in
2705 2363 3066 2414 conuentum
3107 2349 3286 2412 venio
3323 2347 3544 2428 perexi-

639 2450 847 2512 guum,
888 2431 992 2495 vbi
1029 2432 1237 2512 viginti
1276 2434 1355 2495 ad
1402 2450 1699 2496 summum
1744 2433 1968 2496 nobilia
2006 2433 2227 2512 capita:
2270 2435 2622 2496 concionem
2665 2435 2857 2495 habeo
2896 2434 2952 2493 &
2991 2430 3269 2509 concipio
3307 2448 3540 2507 preces:

638 2532 733 2575 res
785 2517 822 2572 a
869 2512 1209 2591 precatione
1244 2514 1306 2573 in
1347 2514 1659 2575 consilium
1700 2514 1971 2575 mittitur:
2013 2515 2092 2574 de
2130 2515 2428 2577 federibus
2464 2515 2630 2576 domi
2667 2518 2922 2607 forisque
2961 2512 3294 2574 decernitur
3333 2520 3544 2570 contra

644 2593 963 2654 violentam
1037 2592 1209 2655 istam
1279 2604 1456 2671 atque
1510 2594 1882 2655 barbaricam
1941 2593 2341 2671 Inquisitionis
2397 2593 2771 2673 tyrannidem
2833 2590 3104 2655 ineundis
3121 2636 3138 2669 ,
3199 2600 3428 2651 tacente
3487 2589 3544 2647 &

644 2672 917 2734 audiente
974 2692 1090 2734 me.
1152 2675 1325 2733 Haec
1382 2674 1445 2735 in
1490 2674 1736 2735 aedibus
1784 2674 2273 2753 Cullemburgicis
2313 2674 2392 2735 ad
2431 2678 2626 2737 forum
2665 2674 2974 2753 equarium
3014 2669 3300 2731 Bruxellis
3335 2678 3544 2729 contra

642 2752 1087 2831 Inquisitionem
1128 2751 1383 2831 primum
1423 2754 1807 2815 fundamenta
1840 2754 1996 2815 iacta
2009 2800 2026 2833 ,
2066 2765 2306 2833 propter
2353 2772 2508 2833 quae
2544 2766 2684 2834 post
2723 2754 3028 2815 biennium
3065 2748 3318 2811 trtmcati
3355 2748 3546 2826 capite

644 2836 879 2894 fuerunt
933 2832 1057 2893 duo
1114 2836 1319 2893 fratres
1352 2834 1518 2911 Cokij
1562 2833 1793 2895 nobiles
1840 2832 1950 2893 viri
1965 2878 1984 2913 ,
2036 2835 2138 2911 qui
2176 2834 2516 2896 incolebant
2554 2836 2803 2897 domum
2818 2879 2836 2911 ,
2876 2843 3003 2894 tota
3041 2832 3256 2893 domus
3295 2838 3547 2907 aequata

642 2916 805 2989 so10,
844 2914 900 2972 &
938 2930 1077 2973 area
1116 2912 1239 2972 eius
1280 2914 1400 2973 sale
1438 2930 1576 2973 cum
1616 2912 1758 2974 diris
1798 2913 2298 2975 exsecrationibus
2331 2933 2652 2993 conspersa
2677 2916 2755 2974 ad
2773 2913 2958 2974 Ducis
2975 2910 3195 2972 Albani
3214 2909 3548 2988 imperium.

641 2994 785 3053 Post
842 2991 1101 3051 triduum
1154 2992 1369 3052 reuerti
1406 2992 1821 3073 Antuerpiam‚
1862 3012 1960 3053 me
2003 2993 2642 3055 communicationibus
2679 2994 2790 3053 illis
2829 2992 3175 3054 defunctum
3214 2992 3513 3069 gratulans
3527 3030 3546 3065 ,

643 3071 706 3131 in
764 3088 913 3149 quas
956 3071 1185 3132 nescius
1211 3072 1609 3133 deueneram.
1672 3074 1790 3134 Sed
1838 3092 1912 3133 ex
1951 3092 2027 3134 eo
2065 3084 2333 3151 tempore
2371 3076 2549 3153 longe
2589 3076 2842 3150 majores
2879 3090 3055 3133 curae
3093 3070 3413 3149 fugientem
3452 3086 3549 3127 me

646 3161 1081 3229 oppresserunt.
1121 3152 1275 3212 Nam
1309 3153 1365 3212 &
1397 3154 1615 3214 multae
1634 3154 1711 3214 ad
1732 3152 2062 3213 Ecclesiam
2082 3154 2280 3215 literae
2299 3164 2480 3233 atque
2499 3154 2676 3215 etiam
2696 3152 2776 3214 ad
2791 3172 2888 3214 me
2909 3152 3324 3213 adferebantur
3341 3147 3404 3207 in
3421 3148 3550 3207 dies

642 3231 903 3309 singulos
917 3275 936 3309 ‚
976 3232 1033 3291 &
1072 3242 1303 3308 praeter
1338 3251 1623 3311 responsa
1660 3232 1981 3311 prodibant
2017 3237 2054 3292 a
2095 3253 2191 3294 me
2221 3234 2675 3313 perscriptiones
2705 3236 2953 3311 multae,
2983 3240 3160 3309 prout
3187 3249 3260 3289 ex
3287 3243 3396 3289 vsu
3419 3244 3548 3288 esse

642 3310 981 3389 videbatur,
1041 3328 1291 3389 quarum
1345 3312 1839 3390 perscriptionum
1890 3330 2007 3391 ego
2058 3316 2218 3374 solus
2257 3315 2606 3406 plerumque
2645 3313 2920 3373 conscius
2961 3317 3124 3387 (nam
3141 3364 3146 3367 .
3163 3320 3330 3370 erant
3369 3322 3550 3367 manu

644 3394 800 3466 mea)
855 3390 911 3449 δι
948 3392 1096 3451 alter
1132 3410 1366 3452 mecum
1404 3393 1840 3471 Antuerpianus
1879 3390 2026 3453 ciuis
2040 3437 2058 3471 ‚
2107 3412 2350 3454 nomine
2390 3397 2644 3455 Ioannes
2683 3395 2760 3454 de
2801 3390 3042 3453 Lalbois
3055 3436 3074 3469 ‚
3113 3389 3216 3467 qui
3255 3388 3549 3448 Trelonus

642 3472 720 3531 ab
769 3468 995 3548 origine
1048 3470 1354 3533 dicebatur
1392 3475 1572 3551 vulgo
1588 3518 1605 3551 ,
1647 3472 1811 3533 cuius
1850 3472 1960 3533 viri
1999 3472 2212 3551 optimi
2253 3473 2432 3535 fidem
2471 3473 2532 3532 in
2573 3476 2752 3551 quam
2790 3470 3056 3550 plurimis
3095 3471 3152 3531 &
3191 3464 3550 3555 grauissimis

640 3552 815 3611 rebus
868 3560 1141 3628 expertus
1178 3569 1326 3612 sum.
1386 3554 1455 3611 In
1497 3550 1993 3631 perscriptionum
2033 3552 2274 3613 istarum
2313 3571 2559 3614 numero
2599 3555 2834 3613 fuerunt
2872 3551 3099 3628 aliquot
3138 3547 3362 3609 monita
3400 3546 3548 3623 poli-

644 3630 759 3690 tica
772 3676 789 3709 ,
844 3630 1167 3691 rationibus
1208 3630 1480 3692 humanis
1520 3633 1577 3691 &
1618 3631 1903 3710 exemplis
1942 3632 2022 3691 ab
2062 3632 2312 3694 historia·
2345 3633 2591 3711 sumptis
2633 3634 3014 3711 confirmata,
3053 3647 3208 3707 quae
3248 3626 3550 3687 Bruxellas

642 3710 977 3770 transmissa
1014 3712 1367 3772 curabamus
1406 3711 1465 3772 in
1505 3710 1743 3773 Curiam
1794 3714 1851 3772 δι
1890 3724 2188 3771 summum
2227 3712 2540 3773 consilium
2583 3714 2915 3773 clanculum
2955 3708 3192 3788 subiici,
3233 3718 3298 3768 vt
3332 3704 3550 3765 Princi-

645 3807 751 3867 pes
782 3792 849 3866 (f.
892 3792 1005 3867 15.)
1037 3790 1141 3867 qui
1180 3790 1239 3852 in
1274 3790 1540 3852 Consilio
1580 3802 1774 3871 erant,
1806 3793 1883 3851 de
1915 3792 2093 3851 rebus
2123 3793 2202 3853 ad
2234 3810 2446 3870 pacem
2466 3795 2520 3854 δι
2541 3792 3018 3870 tranquillitatem
3038 3789 3268 3867 reipub.
3288 3794 3551 3863 spectan-

643 3868 800 3929 tibus
856 3870 1184 3947 cogitarent
1197 3916 1213 3947 ‚
1268 3872 1497 3931 sublata
1535 3871 1869 3933 animorum
1910 3873 1967 3929 &
2007 3871 2499 3933 conscientiarum
2539 3871 3032 3951 peruestigatione
3045 3914 3064 3947 ‚
3117 3885 3234 3946 qua
3273 3864 3550 3941 tranquil-

644 3948 775 4008 litas
828 3949 1063 4026 publica
1114 3950 1376 4011 funditus
1425 3950 1720 4012 euertitur.
1781 3951 2126 4012 Probabant
2177 3970 2386 4012 omnes
2439 3968 2816 4031 summopere
2829 3998 2847 4032 ,
2899 3954 2955 4012 δε
2993 3949 3397 4009 afficiebantur
3436 3946 3554 4003 hoc

647 4027 997 4106 scriptorum
1037 4048 1281 4107 genere:
1324 4034 1379 4092 δι
1418 4030 1517 4092 ille
1555 4030 1682 4109 ipse
1722 4047 1901 4109 quem
1939 4033 2078 4090 ante
2117 4030 2264 4109 dixi,
2306 4033 2528 4093 Comes
2569 4033 2978 4110 Egmontanus
3017 4030 3298 4090 laudabat
3311 4071 3329 4105 ‚
3360 4026 3554 4086 donec

648 4126 770 4186 me,
828 4108 891 4169 id
954 4118 1073 4188 est,
1134 4110 1375 4172 Gallum
1434 4120 1736 4172 auctorem
1791 4129 1919 4171 esse
1980 4110 2376 4187 cognouisset.
2439 4113 2577 4187 Qua
2635 4122 2878 4190 propter
2919 4128 3095 4186 saepe
3133 4112 3171 4168 a
3207 4106 3556 4185 Magistratu

647 4188 968 4267 quaesitus,
1028 4206 1205 4268 saepe
1258 4190 1457 4251 edicto
1509 4192 1837 4269 appellatus
1878 4206 2010 4249 sum
2023 4234 2040 4267 ‚
2089 4210 2265 4269 saepe
2305 4190 2614 4268 praeconis
2653 4210 2802 4253 voce
2845 4188 3318 4252 denuntiationes
3354 4186 3416 4245 in
3459 4200 3554 4243 me

647 4268 1007 4346 Antuerpiae
1064 4288 1177 4347 pro
1237 4271 1418 4331 Curia
1474 4272 1690 4351 factae,
1744 4288 1922 4347 saepe
1985 4280 2182 4330 creata
2235 4270 2493 4347 pericula
2507 4314 2524 4344 ,
2577 4274 2620 4330 ὲ.
2653 4271 2868 4349 quibus
2905 4290 3002 4330 me
3039 4271 3168 4329 sola
3207 4267 3322 4327 Dei
3360 4261 3553 4343 proui-

650 4347 878 4426 dentia,
920 4366 1059 4410 suos
1099 4349 1323 4427 optime
1362 4368 1434 4409 ac
1474 4350 1811 4412 fidelissime
1849 4366 2064 4410 curans
2077 4394 2096 4429 ,
2140 4350 2498 4411 vindicabat.
2538 4352 2890 4411 Mandatum
2931 4348 3241 4425 aliquoties
3278 4344 3555 4407 audiente

3431 4440 3554 4495 me,
