3923 4875
607 0 722 44 4²²
1676 0 2088 34 ιικιιειυι
2149 0 2366 34 raus
2427 0 2468 34 1.

608 147 991 224 puerulorum
1030 163 1235 209 curam
1274 157 1515 226 gerunt,
1554 157 1734 228 prout
1772 147 2052 212 iubentur
2089 153 2129 213 a
2165 149 2456 214 Domino.
2495 151 2668 214 Matt.
2715 154 2810 213 18.
2855 169 2948 212 ιο.
2992 153 3049 213 &
3069 150 3132 212 in
3150 151 3428 214 Ecclesia
3443 151 3558 214 hic

608 229 933 289 obseruant
986 226 1413 290 studiosissime
1464 229 1889 292 multiformem
1948 230 2112 294 illam
2165 231 2514 310 sapientiam
2555 231 2698 294 Dei:
2739 233 2964 312 Ephes.
3006 245 3074 310 3.·
3113 253 3204 294 ιο.
3243 250 3444 310 neque
3487 233 3554 294 id

608 309 802 372 solum
865 307 929 368 in
993 326 1177 388 opere
1227 308 1493 388 gratioso
1532 309 1923 390 spiritualium
1961 311 2449 374 benedictionum
2491 314 2616 374 eius
2630 359 2648 393 ,
2689 312 2798 374 sed
2837 314 3015 374 etiam
3053 313 3116 374 in
3157 323 3405 374 externo
3441 313 3556 376 illo

607 389 819 452 ordine
833 433 851 468 ,
894 387 1001 465 qui
1039 389 1466 452 conuenienter
1505 407 1647 452 cum
1680 391 1915 453 interna
1952 391 2055 456 illa
2091 395 2210 455 Dei
2245 393 2437 472 gratia
2473 391 2537 454 in
2576 391 3005 455 communione
3037 405 3382 456 sanctorum
3401 411 3554 455 con-

606 469 843 532 iunctus
886 479 1005 529 est:
1048 473 1171 547 quo
1212 481 1489 549 spectans
1530 471 1673 534 dicit
1711 475 1927 550 Apost.
1977 491 2030 536 1.
2071 473 2216 535 Cor.
2263 493 2355 534 rr.
2403 493 2496 535 10.
2533 477 2572 534 a
2613 475 2858 536 muliere
2877 483 3272 554 potestatem,
3291 474 3332 535 i.
3349 485 3554 553 potoe-

607 551 743 612 tatis
802 549 1033 628 signum
1092 550 1301 612 haberi
1360 551 1425 612 in
1478 553 1672 631 capite
1734 563 1984 631 propter
2025 555 2304 634 angelos:
2364 552 2623 632 denique
2675 555 2736 615 in
2777 556 2952 616 rebus
2991 554 3230 632 piorum
3267 555 3448 634 gestis
3487 557 3552 617 ἃ

606 628 1120 711 perpessionibus:
1172 629 1249 692 de
1302 632 1519 710 quibus
1560 632 1779 693 dicitur
1818 634 2032 695 eadem
2071 635 2240 714 epist.
2281 654 2336 695 c.
2377 654 2436 709 4.
2475 655 2534 696 v.
2575 653 2631 712 9.
2693 634 2808 696 Dei
2847 653 3055 696 seruos
3095 635 3274 696 etiam
3315 635 3551 712 angelis

607 711 1012 792 spectaculum
1051 711 1243 772 factos
1282 729 1429 773 esse.
1470 711 1667 774 Testis
1706 717 2016 792 praeterea
2055 716 2316 776 mundus
2357 724 2478 790 est,
2511 733 2718 776 coram
2751 733 2874 792 quo
2895 714 3162 776 similiter
3189 715 3554 778 sanctisunt

606 791 1015 872 spectaculum
1069 800 1135 852 vt
1172 789 1397 854 ibidem
1435 793 1691 854 affirmat
1727 797 1943 874 Apost.
1984 795 2138 856 adeo
2183 806 2244 855 vt
2283 814 2408 856 non
2449 793 2811 856 dubitauerit
2847 794 3153 874 Episcopo
3195 795 3554 858 ministranti

606 873 669 936 in
708 870 981 934 Ecclesia
1018 868 1135 932 Dei
1174 871 1369 950 legem
1408 874 1567 934 hanc
1606 873 1895 954 indicere,
1930 884 1994 936 vt
2012 875 2190 936 etiam
2209 877 2288 938 ab
2309 875 2601 936 extraneis
2621 873 2852 936 bonum
2873 878 3088 936 habeat
3109 875 3516 938 testimonium
3530 921 3551 954 ,

606 971 687 1016 ne
742 952 807 1014 in
865 951 1155 1030 probrum
1204 951 1428 1014 incidat
1466 955 1523 1015 δι
1562 953 1842 1031 laqueum
1884 954 2149 1017 Diaboli.
2197 975 2248 1016 1.
2289 954 2447 1017 Tim.
2489 975 2546 1032 3.
2592 973 2648 1032 7.
2698 958 2908 1017 Testes
2947 955 3208 1034 denique
3257 958 3554 1018 habemus

608 1033 887 1114 priuatim
926 1041 1167 1093 sanctos
1209 1048 1479 1112 quosque
1498 1080 1516 1114 ,
1553 1033 1871 1097 nobiscum
1910 1035 1972 1097 in
2006 1035 2124 1097 Dei
2155 1035 2424 1097 Ecclesia
2455 1046 2910 1098 conuersantes:
2933 1053 3192 1115 quorum
3210 1035 3552 1099 testimonia

608 1133 685 1178 eo
724 1111 909 1194 pluris
948 1111 1077 1174 fieri
1116 1115 1156 1173 a
1196 1112 1373 1175 nobis
1412 1133 1657 1176 necesse
1700 1126 1821 1188 est,
1866 1117 2035 1194 quod
2075 1115 2390 1178 domestici
2429 1127 2566 1178 sunt
2605 1115 2760 1178 illius
2801 1117 3052 1194 domuS,
3102 1117 3272 1178 cuius
3313 1118 3371 1179 δι
3415 1135 3552 1179 nos.

606 1197 703 1258 Ex
740 1192 833 1256 his
874 1191 1155 1254 omnibus
1195 1195 1252 1255 δι
1292 1192 1419 1254 aliis
1458 1212 1703 1273 quoque
1725 1195 2078 1258 testimoniis
2097 1196 2340 1258 vnicum
2361 1198 2664 1274 Propheta
2681 1198 2965 1259 hocloco
2985 1196 3287 1273 adhibuit,
3307 1199 3366 1258 &
3383 1196 3550 1278 apud

609 1277 771 1338 hunc
812 1285 1027 1334 testem
1065 1271 1495 1352 cogitationem
1512 1321 1532 1354 ,
1570 1274 1830 1338 studium
1846 1323 1861 1349 ,
1904 1277 2104 1338 officia
2143 1295 2250 1338 sua
2285 1279 2588 1356 professus
2609 1288 2728 1340 est:
2763 1277 3042 1339 nimirum
3061 1277 3395 1339 Ecclesiam
3414 1277 3552 1340 Dei.

608 1359 753 1418 Non
808 1354 976 1432 qudd
1023 1353 1186 1414 idem
1224 1355 1387 1432 apud
1425 1355 1715 1418 Iehouam
1753 1359 1951 1418 Deum
1993 1373 2164 1418 suum
2205 1358 2413 1418 fideles
2452 1377 2576 1419 non
2619 1359 3068 1436 profiterentur:
3107 1377 3251 1418 nam
3283 1359 3554 1436 quisquis

606 1435 668 1497 in
737 1432 1009 1496 Ecclesia
1069 1434 1503 1512 professionem
1562 1437 1720 1497 hanc
1760 1437 2032 1516 adhibet,
2076 1437 2238 1516 apud
2275 1439 2475 1498 Deum
2516 1441 2828 1530 profitetur
2841 1483 2860 1512 ,
2903 1438 3008 1516 qui
3047 1438 3448 1500 indesinenter
3488 1438 3552 1498 in

610 1514 881 1578 Ecclesia
922 1513 1178 1593 habitat,
1215 1521 1469 1593 eamque
1490 1515 1819 1578 sanctificat
1838 1519 2084 1578 lauacro
2103 1517 2566 1596 regenerationis
2586 1539 2693 1598 per
2710 1520 2981 1582 verbum.
3019 1521 3160 1580 Non
3183 1517 3362 1579 etiam
3379 1517 3550 1596 quod

604 1598 953 1676 angelorum
1006 1594 1409 1656 testimonium
1450 1596 1727 1658 Ecclesia
1756 1595 1952 1676 prisca
1989 1597 2336 1676 nesciuerit,
2374 1598 2474 1659 cui
2512 1601 2678 1660 Deus
2715 1597 3168 1678 quamplurimis
3197 1600 3552 1678 angelorum

612 1675 1139 1757 significationibus
1174 1676 1390 1739 crebro
1432 1686 1675 1738 testams
1715 1687 1804 1739 est
1840 1677 2237 1758 praesentiam
2275 1695 2442 1740 suam
2483 1682 2551 1755 (f.
2575 1678 2737 1760 700).
2779 1680 2922 1741 Non
2952 1679 3118 1756 quod
3141 1678 3351 1740 mundi
3367 1677 3552 1757 ipsus

614 1756 893 1836 refugerit
954 1753 1359 1818 testimonium
1375 1802 1395 1836 ,
1454 1775 1660 1819 eoram
1720 1774 1845 1835 quo
1892 1776 2007 1819 nos
2055 1777 2268 1820 omnes
2321 1759 2593 1821 confiteri
2629 1761 2830 1822 Deum
2867 1761 2924 1822 δι
2963 1759 3264 1822 Christum
3303 1777 3550 1821 necesse

612 1849 703 1900 est
716 1883 733 1911 ,
774 1856 850 1898 ac
888 1853 1013 1897 non
1054 1853 1275 1914 negare
1313 1836 1673 1898 beneficium
1716 1837 1863 1900 eius.
1902 1838 2026 1900 Sed
2067 1837 2478 1901 testimonium
2514 1840 2822 1902 Ecclesiae
2853 1838 3090 1916 quoties
3127 1839 3476 1918 adhibetur,
3493 1841 3552 1902 ἃ

612 1916 845 1996 quoties
906 1913 1067 1996 apud
1130 1935 1264 1978 eam
1317 1918 1483 1994 quod
1524 1917 1783 1996 partium
1836 1928 2172 1981 nostrarum
2221 1931 2314 1981 est
2349 1938 2425 1982 ex
2463 1919 2668 1982 animo
2709 1921 3088 2000 profitemur,
3127 1919 3301 1982 toties
3339 1937 3550 1981 coram

611 2001 747 2060 Deo
808 1998 865 2058 δι
924 1994 1151 2075 angelis
1206 1996 1333 2059 eius
1372 1997 1586 2060 eadem
1626 2017 1812 2092 opera
1851 1999 2120 2062 officium
2161 2000 2445 2061 facimus:
2484 2002 2652 2079 quod
2693 2001 2964 2064 officium
3003 1999 3318 2062 domestici
3357 2001 3554 2062 solum

610 2078 844 2158 vident,
902 2095 1029 2138 non
1095 2074 1303 2138 vident
1356 2077 1558 2140 exteri.
1618 2078 1804 2140 v1det
1862 2099 2009 2159 ergo
2071 2083 2236 2141 Deus
2294 2079 2562 2143 officium
2599 2083 2720 2142 hoc
2759 2082 2818 2142 &
2856 2082 3107 2160 probat,
3145 2089 3211 2142 vt
3247 2082 3552 2142 Dominus

606 2159 793 2221 iustus
834 2158 1087 2220 domus:
1128 2156 1353 2219 Vident
1388 2158 1585 2238 angeli
1600 2203 1619 2240 ,
1660 2169 1726 2222 vt
1758 2159 2036 2221 conserui
2075 2159 2136 2222 in
2175 2162 2387 2222 eadem
2427 2161 2646 2223 domo:
2685 2161 2871 2224 Videt
2911 2161 3184 2223 Ecclesia
3200 2159 3258 2221 δι
3279 2161 3548 2224 membra

604 2239 766 2301 illius
832 2236 1153 2301 nobiscum
1214 2237 1511 2300 versantia
1526 2284 1544 2316 ,
1606 2249 1673 2301 vt
1730 2251 1933 2302 custos
1976 2240 2408 2303 beneficiorum
2448 2242 2568 2302 Dei
2605 2244 2664 2304 δι
2703 2251 2892 2304 mater
2929 2254 3136 2303 nostra
3173 2240 3447 2303 omnium
3486 2238 3548 2302 in

605 2317 875 2382 Domino
890 2363 907 2398 ,
966 2338 1042 2381 ac
1100 2316 1357 2397 proinde
1408 2317 1624 2380 eodem
1676 2319 1805 2382 iure
1842 2332 2048 2384 custos
2077 2320 2468 2414 professionis
2507 2333 2750 2384 nostrae
2793 2339 2937 2400 erga
2975 2321 3308 2384 Dominum
3345 2323 3545 2382 Deum

606 2411 897 2463 nostrum.
958 2401 1141 2462 Hanc
1200 2400 1343 2463 vero
1396 2399 1831 2479 professionem
1866 2420 1995 2465 non
2033 2403 2199 2465 videt
2235 2401 2521 2483 mundus,
2561 2403 2704 2483 quia
2741 2401 2932 2465 oculis
2973 2400 3167 2464 carnis
3205 2403 3402 2465 videt:
3441 2401 3546 2465 sed

606 2480 837 2561 optime
892 2480 1059 2543 videt
1097 2478 1371 2542 Ecclesia
1410 2482 1740 2543 seeundum
1781 2482 1984 2545 Deum
1999 2528 2018 2563 ,
2057 2484 2200 2561 quia
2237 2493 2480 2545 sanctos
2521 2484 2714 2546 oculis
2753 2485 2894 2547 fidei
2929 2483 3122 2545 cernit
3159 2482 3222 2545 in
3263 2484 3548 2546 charitate

608 2564 666 2625 δι
704 2561 929 2623 vnitate
969 2560 1225 2641 spiritus.
1284 2559 1644 2623 Rectissime
1684 2561 1879 2642 itaque
1918 2560 2006 2643 pi)
2043 2565 2208 2643 apud
2249 2563 2582 2625 Ecclesiam
2627 2565 2982 2643 profitentur
3017 2574 3286 2625 sanctam
3325 2565 3548 2643 profes·

606 2640 837 2705 sionem
881 2644 1038 2703 hanc
1052 2686 1071 2721 ,
1113 2651 1241 2702 tum
1282 2640 1425 2717 quia
1464 2642 1675 2703 eadem
1714 2660 1903 2721 opera
1940 2645 2142 2705 Deum
2183 2646 2240 2705 &
2281 2646 2527 2723 angelos
2559 2644 2723 2725 ipsos
2743 2645 3104 2706 certissimos
3123 2653 3305 2705 testes
3326 2644 3550 2707 habent

608 2739 817 2783 eorum
860 2722 1131 2784 omnium
1170 2740 1325 2799 quae
1366 2720 1428 2781 in
1468 2722 1739 2783 Ecclesia
1778 2723 2035 2804 faciunt,
2077 2734 2204 2785 tum
2245 2724 2386 2803 quia
2425 2724 2707 2804 singulari
2743 2726 3010 2803 quodam
3041 2724 3309 2785 instituto
3327 2724 3389 2785 &
3405 2744 3546 2785 con·

608 2801 895 2864 uentione
931 2801 1201 2865 Ecclesia
1241 2812 1330 2863 est
1368 2802 1705 2864 communis
1745 2804 2104 2881 depositaria
2142 2804 2259 2865 Dei
2297 2804 2516 2883 pariter
2555 2825 2627 2866 ac
2665 2804 2882 2867 nostri:
2917 2824 3060 2866 nam
3079 2804 3140 2865 in
3159 2824 3234 2867 ea
3251 2806 3548 2867 Dominus

606 2882 884 2961 exposuit
922 2884 1231 2944 thesauros
1273 2900 1413 2943 suos
1452 2884 1491 2943 a
1528 2881 1640 2961 piis
1680 2883 1925 2961 singulis
1966 2885 2324 2947 delibandos
2342 2930 2360 2965 ,
2401 2886 2458 2945 δι
2495 2885 2752 2947 vicissim
2793 2886 2856 2947 in
2885 2905 2957 2947 ea
2975 2886 3057 2965 pij
3078 2895 3390 2963 exponunt
3405 2895 3548 2947 vota

608 2979 715 3023 sua
755 2966 811 3024 &
852 2964 1253 3043 professiones
1292 2979 1559 3041 quasque
1600 2962 1833 3041 pietatis
1870 2983 2046 3045 suae,
2087 2975 2153 3028 vt
2190 2985 2400 3027 coram
2438 2965 2708 3027 Domino
2746 2976 3033 3045 acceptae
3072 2964 3192 3026 sint
3228 2964 3292 3025 in
3322 2966 3546 3027 vnitate

608 3042 883 3121 corporis
924 3043 1161 3105 Christi.
1214 3045 1397 3104 Hanc
1436 3044 1673 3105 fidelem
1712 3044 2133 3124 depositariam
2171 3044 2316 3106 olim
2355 3046 2737 3125 appellabant
2775 3047 2856 3125 pij
2875 3092 2890 3123 ,
2930 3048 3070 3107 cum
3119 3045 3548 3123 Hierosolyma

608 3122 1018 3185 nominarent:
1076 3124 1257 3202 idque
1310 3123 1523 3185 iisdem
1564 3123 1795 3203 modis,
1833 3142 1989 3202 quos
2027 3125 2300 3207 proxime
2335 3126 2768 3188 declarauimus
2809 3129 2946 3187 cum
2989 3127 3066 3187 de
3103 3124 3293 3205 portis
3332 3126 3548 3189 Hiero·

613 3206 981 3282 solymorum
1044 3221 1376 3283 ageremus.
1435 3206 1598 3265 Vrbs
1656 3204 1817 3267 enim
1875 3207 2440 3285 Hierosolymorum
2491 3218 2592 3267 aut
2645 3208 2976 3269 secundum
3015 3208 3347 3267 naturalem
3387 3206 3548 3267 illam

614 3284 954 3364 materiam,
1013 3296 1117 3345 aut
1173 3284 1499 3345 secundum
1542 3286 1821 3365 figuram,
1862 3298 1966 3347 aut
2003 3289 2334 3349 secundum
2375 3286 2682 3349 veritatem
2719 3290 2758 3347 a
2797 3286 3014 3348 sanctis
3051 3286 3166 3348 illis
3202 3286 3548 3349 hominibus

616 3366 993 3427 enunciatata
1032 3376 1140 3427 est.
1180 3362 1307 3425 Hic
1344 3365 1559 3443 triplex
1596 3366 1813 3427 modus
1852 3364 2030 3429 simul
2067 3370 2494 3445 concurrebat,
2535 3369 2674 3429 cum
2715 3366 2794 3446 pij
2837 3366 3036 3428 verbis
3068 3368 3404 3445 Prophetae
3423 3365 3550 3428 istis

618 3456 953 3507 vterentur:
1003 3446 1161 3507 Nam
1214 3445 1271 3505 δι
1321 3445 1693 3507 materiatam
1731 3448 2053 3509 Ierusalem
2089 3448 2402 3527 videbant,
2433 3450 2490 3509 &
2533 3450 2778 3527 figuram
2819 3448 3144 3509 cernebant
3181 3464 3303 3525 qua
3339 3446 3548 3509 vestie·

606 3528 785 3587 batur
840 3525 1151 3587 materiata
1207 3526 1528 3587 Ierusalem
1570 3524 1837 3588 instituto
1877 3527 2024 3606 Dei,
2065 3530 2120 3589 &
2161 3528 2222 3589 in
2263 3528 2510 3590 veritate
2548 3530 2712 3590 velut
2748 3526 2948 3588 anima
2988 3526 3122 3589 illus
3164 3525 3550 3606 conquiesce·

608 3608 786 3685 bant,
826 3606 968 3685 quia
1004 3609 1171 3667 Deus
1209 3605 1605 3685 praesentiam
1648 3624 1817 3669 suam
1856 3608 2177 3684 gratiosam
2219 3608 2448 3687 prolixe
2487 3609 2548 3669 in
2591 3628 2662 3669 ea
2702 3608 3116 3669 confirmabat.

687 3688 937 3748 Prodest
987 3698 1185 3748 autem
1236 3686 1349 3764 piis
1387 3686 1727 3749 huiusmodi
1780 3689 2087 3749 Ecclesiae
2134 3688 2454 3767 appellatio
2507 3688 2828 3769 plurimum
2842 3734 2859 3765 ,
2913 3688 3074 3749 sacto
3091 3732 3110 3768 ,
3151 3688 3210 3748 δι
3246 3688 3550 3766 exemplo-

606 3766 793 3827 Facto
846 3767 1120 3845 prodest,
1170 3766 1311 3845 quia
1363 3767 1577 3845 singuli
1628 3769 1747 3829 hoc
1799 3772 1961 3830 facto
2011 3770 2275 3831 officium
2315 3786 2488 3831 suum
2529 3788 2671 3849 erga
2707 3768 3040 3831 Ecclesiam
3077 3768 3340 3847 probant
3377 3766 3552 3859 (quid

607 3845 767 3907 enim
818 3846 951 3925 piae
1008 3848 1179 3908 matri
1234 3867 1356 3908 non
1410 3848 1667 3909 debeant
1714 3848 1796 3927 pij
1850 3850 1951 3927 filij
1972 3844 2018 3927 Ρ)
2071 3850 2130 3912 &
2183 3848 2323 3930 quia
2373 3849 2701 3911 Ecclesiam
2751 3860 3090 3927 prouocant
3127 3848 3206 3909 ad
3247 3849 3448 3909 officia
3485 3847 3550 3909 in

606 3929 839 4004 prolem
892 3928 1249 4007 morigeram
1308 3932 1363 3989 δι
1403 3928 1733 3989 officiosam
1775 3928 2000 3992 maiore
2041 3948 2179 3991 cum
2221 3932 2418 3990 fructu
2458 3932 2514 3992 δι
2553 3928 2856 3992 alacritate
2897 3930 3122 3991 maiore
3163 3926 3550 4008 praestanda:

614 4008 708 4068 Illi
748 4018 1111 4089 praestamus
1150 4007 1364 4091 singuli
1402 4008 1739 4090 personalia
1766 4010 1968 4072 officia
1987 4022 2220 4092 nostra3
2261 4008 2360 4071 illa
2381 4013 2522 4085 ‚vero
2543 4009 2846 4091 dispensat
2865 4010 3042 4073 nobis
3061 4020 3188 4073 tum
3207 4006 3554 4151 comm-tgna

3259 4106 3430 4151 omn).
3471 4104 3545 4151 us
