3923 4875
596 327 707 384 180
1522 334 1847 378 'russas
1908 329 2558 377 rusoLoorcAz.

586 501 762 560 cialcs
802 499 943 556 vero
984 515 1059 556 ex
1098 507 1296 573 parte,
1336 501 1391 556 δι
1432 497 1853 556 ceremoniales
1890 505 2028 554 ante
2069 497 2302 553 Mosem
2343 492 2648 568 exstitere,
2685 495 2792 554 sed
2835 501 3088 572 ἄτροφοι
3107 539 3125 571 ,
3171 497 3210 552 ὲ.
3229 493 3498 570 patribus

586 593 867 656 tanquam
908 593 1015 652 per
1054 593 1261 636 manus
1300 575 1547 636 traditae
1586 575 1869 653 posteriS,
1911 593 2016 634 eos
2058 574 2432 634 informando
2475 572 2536 631 in
2577 573 2688 634 viis
2727 572 2990 634 Domini.

662 678 721 736 3.
798 659 931 718 Lex
960 659 1205 716 moralis
1244 661 1419 734 (quae
1456 655 1517 716 in
1558 667 1685 716 tota
1724 655 2028 732 Scriptura
2064 657 2142 714 V.
2181 657 2238 714 δι
2279 650 2440 712 Noui
2477 653 2847 714 Testamenti
2867 671 3072 730 sparsa
3089 662 3214 731 est,
3248 657 3304 713 δι
3325 653 3494 714 cuius

588 757 819 798 summa
874 740 935 800 in
992 735 1285 814 decalogo
1344 735 1703 812 continetur)
1758 745 1847 795 est
1904 733 2284 794 immutabilis
2323 737 2482 792 recte
2523 733 2762 794 viuendi
2802 751 3045 810 norma,
3089 732 3150 792 in
3190 751 3310 810 qua
3347 735 3493 810 legis

588 829 755 898 parte
794 831 882 880 est
922 835 1197 894 expressa
1234 815 1349 876 Dei
1390 826 1597 876 natura
1634 827 1815 892 atque
1853 813 2096 892 iustitia,
2137 815 2194 872 δε
2233 831 2385 889 quae
2423 811 2532 872 fuit
2569 813 2631 872 in
2671 824 2880 873 natura
2922 812 3180 890 integra,
3210 816 3308 873 lex
3325 823 3492 872 natu·

592 897 757 976 ralis,
796 915 955 959 nunc
992 901 1137 956 vero
1180 915 1287 974 per
1324 907 1639 972 peccatum
1678 895 1759 955 ita
1797 905 2109 970 corrupta,
2147 905 2210 952 vt
2247 895 2408 953 bona
2447 913 2580 970 pars
2619 893 2744 953 eius
2783 892 2858 952 sit
2897 894 3238 972 obfuscata,
3276 895 3332 951 δι
3365 904 3490 952 tan·

590 981 715 1038 tum
754 979 1041 1056 particula
1078 976 1203 1036 eius
1240 975 1301 1036 in
1344 976 1639 1036 mentibus
1678 973 2024 1036 remanserit
2055 973 2356 1050 humaniS,
2389 973 2544 1032 adeo
2563 985 2628 1034 vt
2645 974 2742 1034 vix
2763 970 3012 1034 tenuiter
3033 973 3166 1049 quis
3185 973 3454 1050 degustet
3473 1017 3494 1048 ,

590 1057 721 1135 quis
748 1058 823 1118 sit
855 1060 991 1120 Deo
1022 1065 1300 1134 acceptus
1333 1058 1545 1116 cultuS.
1582 1055 1837 1116 Proinde
1868 1052 2242 1114 hebetudinis
2258 1064 2500 1114 nostrae
2517 1054 2662 1132 ergo
2685 1051 2980 1114 Dominus
2998 1053 3194 1130 legem
3213 1053 3492 1130 scriptam

590 1136 813 1216 posuit,
858 1157 1011 1215 quae
1050 1135 1263 1196 certius
1304 1135 1708 1196 testificaretur
1749 1135 1915 1211 quod
1952 1133 2016 1194 in
2057 1135 2189 1210 lege
2225 1132 2476 1193 naturali
2514 1131 2686 1194 nimis
2727 1135 3048 1194 obscurum
3067 1143 3224 1210 erat,
3255 1136 3310 1194 &
3329 1151 3492 1192 men-

594 1231 747 1296 tem,
789 1215 1259 1292 memoriamque
1294 1213 1545 1276 viuidius
1584 1215 1797 1276 feriret.

668 1317 726 1370 4.
807 1299 961 1358 Vsus
1020 1294 1167 1372 legis
1224 1295 1462 1356 moralis
1522 1307 1609 1356 est
1655 1295 1864 1372 triplex
1904 1292 1967 1354 in
2007 1305 2214 1353 natura
2251 1303 2548 1370 corrupta.
2587 1297 2634 1352 I.
2678 1305 2773 1371 vt,
2813 1295 2953 1352 cum
2992 1292 3180 1352 oculis
3221 1291 3492 1352 subiiciat

588 1395 721 1438 eam
758 1375 1037 1438 iustitiam
1076 1394 1228 1452 quae
1266 1377 1394 1436 sola
1432 1377 1568 1435 Deo
1608 1377 1923 1453 probatur,
1965 1374 2037 1433 sit
2057 1373 2238 1433 instar
2257 1374 2509 1451 speculi,
2543 1372 2602 1432 in
2623 1391 2746 1450 quo
2765 1383 3028 1433 nostram
3047 1371 3454 1450 impotentiam
3473 1415 3494 1446 ,

588 1466 713 1517 tum
774 1475 847 1518 ex
886 1477 958 1518 ea
997 1453 1393 1532 iniquitatem,
1435 1457 1491 1514 δε
1530 1475 1601 1516 ex
1643 1465 1886 1532 vtraque
1926 1453 2404 1513 maledictionem
2447 1456 2938 1532 contemplemur.
2983 1455 3154 1512 Rom.
3196 1472 3254 1528 3.
3301 1473 3373 1510 20
3415 1459 3494 1516 ὁ*

596 1551 649 1614 5.
694 1555 789 1598 20.
860 1537 998 1596 Gal.
1042 1554 1099 1612 3.
1148 1553 1239 1612 19.
1280 1537 1357 1594 ἂν
1402 1555 1455 1596 2.
1504 1535 1639 1594 Cor.
1685 1555 1744 1610 3.
1788 1552 1841 1608 7.
1905 1535 2049 1594 Hoc
2088 1531 2350 1593 officium
2389 1534 2532 1612 legis
2573 1533 2887 1612 praecipue
2903 1533 2982 1592 ad
3003 1532 3206 1592 fideles
3228 1541 3491 1610 spectat,

590 1627 655 1675 vt
694 1615 772 1676 de
812 1631 917 1676 sua
958 1613 1293 1676 infirmitate
1332 1613 1616 1689 conuicti,
1657 1613 1877 1690 gratiae
1918 1612 2272 1674 medicinam
2312 1612 2374 1673 in
2415 1613 2650 1674 Christo
2691 1623 3007 1690 quaerant:
3051 1613 3195 1688 quin
3216 1609 3393 1672 etiam
3414 1611 3494 1671 ad

587 1694 801 1774 impios
839 1695 1123 1774 pertinet,
1162 1693 1427 1754 eiusdem
1466 1693 1613 1772 legis
1652 1693 1921 1754 fluctibus
1965 1711 2172 1753 eorum
2213 1693 2603 1754 conscientias
2641 1691 2925 1771 exagitari
2963 1695 3018 1752 δε
3053 1691 3222 1752 reddi
3256 1691 3491 1752 inexcu-

592 1775 834 1851 sabiles,
894 1776 972 1835 ad
1032 1771 1517 1833 manifestandam
1558 1773 1741 1833 diuini
1780 1772 1977 1850 iudicij
2018 1772 2394 1850 aequitatem.
2442 1792 2492 1834 1.
2541 1776 2687 1833 Tim.
2734 1793 2785 1833 1.
2828 1793 2885 1851 9.
2949 1793 3000 1830 2.
3043 1781 3108 1831 vt
3145 1771 3290 1831 dum
3329 1770 3490 1848 impij

591 1853 747 1914 diras
808 1853 953 1930 legis
1012 1851 1345 1913 sanctiones
1402 1852 1679 1930 audiunt,
1737 1870 2062 1930 poenarum
2123 1852 2436 1912 formidine
2495 1871 2662 1914 suam
2703 1853 3054 1930 prauitatem
3094 1853 3301 1910 saltem
3339 1850 3493 1910 intus

594 1932 915 1993 cohibeant
956 1949 1133 2008 quam
1174 1930 1394 2008 alioqui
1433 1933 1762 2008 petulanter
1802 1943 1998 1992 essent
2036 1931 2298 2010 effusuri,
2340 1934 2439 2009 filij
2481 1938 2623 1994 vero
2663 1933 2782 1992 Dei
2819 1942 2955 1992 ante
2974 1930 3350 1992 vocationem
3369 1930 3492 2007 Spi-

594 2011 705 2071 ritu
747 2013 966 2072 Sancto
1007 2009 1304 2086 destituti,
1345 2009 1541 2086 aliqua
1582 2029 1655 2070 ex
1692 2022 1859 2089 parte
1881 2012 2146 2071 'ferendo
2186 2011 2436 2074 iustitiae
2475 2012 2613 2087 iugo
2653 2013 2983 2073 assuefiant.
3026 2031 3082 2087 3.
3120 2019 3182 2068 vt
3201 2009 3403 2070 fideles
3425 2029 3499 2069 ex

594 2093 723 2168 lege
782 2089 989 2150 melius
1047 2089 1291 2150 Domini
1334 2092 1693 2152 voluntatem
1732 2093 2118 2170 edoceantur,
2161 2094 2217 2150 δι
2256 2092 2546 2169 frequenti
2586 2092 2708 2153 eius
2748 2091 3131 2153 meditatione
3171 2089 3496 2150 excitentur

594 2169 782 2248 magis
822 2189 894 2230 ac
928 2169 1119 2248 magis
1158 2171 1236 2230 ad
1275 2171 1647 2248 obsequium.
1688 2171 1933 2232 Denter.
1976 2192 2072 2248 31.
2121 2193 2209 2230 12.
2256 2172 2439 2232 'PsaL
2489 2194 2539 2232 1.
2584 2193 2634 2231 1.

672 2265 726 2326 5.
805 2250 991 2326 Leges
1039 2251 1451 2311 Ceremoniales
1500 2259 1634 2311 sunt
1686 2261 2001 2328 praecepta
2051 2252 2128 2311 de
2183 2262 2426 2312 externo
2468 2253 2581 2313 Dei
2621 2254 2810 2330 cultu,
2853 2252 2915 2312 in
2956 2249 3224 2310 Ecclesia
3262 2248 3494 2310 Veteris

589 2329 953 2390 Testamenti
1006 2330 1406 2391 obseruando:
1460 2349 1611 2407 quae
1663 2333 1756 2390 vel
1808 2331 2138 2408 significant
2152 2377 2168 2401 ,
2223 2333 2316 2391 vel
2368 2333 2446 2392 ad
2493 2330 2764 2392 ordinem
2804 2339 3088 2410 spectant.
3154 2329 3496 2406 Significant

588 2418 785 2469 autem
825 2407 1556 2551 §scil-inciaszabbathum
1574 2457 1590 2489 ,
1631 2409 2037 2472 circumcisio:
2077 2412 2177 2472 Ad
2217 2408 2488 2472 ordinem
2528 2414 2670 2474 vero
2711 2420 2980 2491 spectant
3017 2406 3496 2470 circumstantiae

594 2499 712 2550 tem
757 2508 873 2552 ons
968 2509 1063 2551 oei
1190 2511 1241 2550 c.

671 2508 755 2631 6.p
807 2534 961 2631 Vsils
1015 2535 1493 2631 ceremoniarum
1543 2569 1601 2629 in
1656 2568 1857 2647 primis
1908 2570 1972 2631 hi
2023 2581 2174 2631 sunt.
2248 2592 2299 2631 1.
2341 2571 2710 2651 Paedagogia
2759 2572 2837 2631 ad
2877 2568 3178 2631 Christum
3217 2572 3276 2630 δι
3315 2566 3494 2647 ipsius

590 2665 867 2727 regnum,
916 2652 1116 2709 Galat.
1157 2670 1211 2727 3.
1259 2670 1350 2723 24.
1389 2652 1551 2711 fuere
1592 2648 1747 2710 enim
1788 2650 1911 2727 typi
1950 2671 2024 2711 ac
2062 2652 2308 2711 vmbrae
2350 2670 2544 2712 rerum
2585 2650 2970 2730 spiritualium
3011 2670 3083 2710 ac
3124 2647 3493 2726 coelestium,

593 2746 843 2804 quarum
884 2746 1099 2807 corpus
1137 2732 1347 2807 procul
1384 2731 1801 2808 expectabatur
1841 2734 1899 2789 in
1942 2728 2198 2790 Christ0.
2247 2733 2367 2792 Col.
2414 2752 2464 2790 2.
2515 2751 2604 2808 17.
2686 2752 2741 2791 2.
2780 2729 3094 2791 discrimen
3134 2728 3493 2789 Iudaeorum

590 2812 627 2869 a
664 2806 969 2887 gentibus»,
1009 2810 1203 2869 donec
1246 2807 1437 2870 diruta
1476 2808 1731 2869 maceria
1770 2828 1907 2869 cum
1947 2809 2016 2870 iis
2057 2810 2118 2869 in
2160 2827 2341 2870 vnum
2374 2828 2590 2889 corpus
2619 2812 3035 2871 coalescerent.
3077 2810 3294 2887 Ephes.
3323 2830 3378 2869 2.
3405 2828 3496 2867 12.

600 2906 690 2960 14.
757 2905 813 2963 3.
857 2887 1157 2948 Retractio
1212 2890 1289 2948 ab
1336 2888 1719 2949 Idololatrico
1774 2892 1961 2963 cultu,
2017 2890 2093 2949 ad
2147 2905 2326 2967 quem
2377 2889 2776 2967 propensione
2829 2888 3078 2949 naturali
3133 2890 3498 2966 ferebantur,

592 2966 932 3105 {Dracsertim
991 2968 1257 3029 nondum
1319 2968 1549 3045 penitus
1590 2968 1886 3046 extirpatis
1927 2968 2294 3031 Chananaeis
2333 2970 2388 3028 δε
2429 2970 2752 3031 idololatris
2791 2968 3056 3046 vndique
3097 2965 3499 3029 conterminis,

664 3055 769 3106 eut.
822 3066 913 3106 12.
956 3064 1051 3122 30.

669 3141 723 3199 7.
804 3127 991 3201 Leges
1052 3127 1366 3187 iudiciales
1421 3137 1558 3187 sunt
1609 3140 1925 3206 praecepta
1968 3127 2045 3188 de
2085 3138 2361 3189 externae
2403 3128 2747 3207 disciplinae
2787 3125 3133 3188 defensione
3171 3127 3504 3189 secundum

593 3214 899 3281 Vtramque
949 3206 1241 3284 tabulam,
1280 3204 1405 3266 siue
1447 3207 1523 3266 de
1561 3207 1989 3285 gubernatione
2029 3207 2273 3283 politica
2311 3207 2372 3268 in
2413 3210 2638 3287 populo
2680 3206 2925 3268 Iudaico
2943 3253 2961 3284 ,
2999 3206 3064 3267 id
3103 3217 3220 3283 est,
3261 3206 3502 3286 ordine,

594 3281 792 3343 officio
836 3283 1305 3365 magistratuum,
1345 3284 1727 3363 iudiciorum,
1767 3298 2210 3367 contractuum,
2251 3287 2630 3349 distractione
2669 3290 3000 3365 bonorum,
3033 3288 3144 3345 ὅτε.
3186 3288 3322 3347 Hae
3341 3288 3503 3365 leges

594 3362 848 3422 duorum
910 3372 1043 3423 sunt
1101 3380 1409 3443 generum:
1454 3364 1601 3425 aliae
1642 3377 1909 3442 spectant
1946 3366 2026 3425 ad
2065 3366 2153 3427 ius
2193 3385 2544 3447 commune,
2587 3366 2862 3428 videlicet
2901 3366 2964 3426 in
3003 3383 3110 3425 sua
3147 3366 3502 3438 substantia,

592 3440 652 3533 in
712 3439 831 3501 suis
890 3440 1319 3504 circunstantiis
1382 3450 1523 3505 vero
1582 3445 1662 3505 ad
1720 3444 1809 3505 ius
1868 3445 2194 3525 singulare,
2254 3446 2401 3507 aliae
2441 3446 2788 3525 simpliciter
2824 3447 2902 3506 ad
2942 3444 3031 3507 ius
3071 3444 3396 3524 singulare,
3435 3457 3503 3505 vt

594 3520 843 3581 ciuitatis
882 3531 1181 3601 receptus,
1224 3524 1331 3583 ὅτε.
1378 3527 1439 3599 (f.
1490 3527 1686 3603 1658.)

680 3604 735 3661 8.
816 3603 972 3661 Vsus
1031 3601 1331 3680 proximus
1384 3604 1521 3681 fuit,
1558 3615 1621 3664 vt
1658 3604 1771 3663 hae
1812 3607 1970 3682 leges
2012 3615 2205 3665 essent
2245 3605 2441 3666 omnis
2481 3604 2720 3683 politiae
2757 3604 3061 3665 Mosaicae
3103 3603 3300 3681 nerui,
3341 3603 3504 3663 ordi-

596 3686 921 3757 narentque
960 3690 1175 3741 statum
1216 3683 1422 3759 populi
1458 3684 1571 3744 Dei
1610 3686 1933 3743 secundum
1978 3682 2254 3744 iustitiam
2295 3704 2534 3745 omnem
2576 3684 3070 3761 aequitatemque.
3107 3686 3264 3745 Vsus
3299 3693 3505 3743 autem

596 3780 667 3821 ex
709 3760 1094 3837 consequenti
1131 3760 1265 3838 fuit,
1306 3772 1368 3821 vt
1406 3764 1461 3821 δε
1502 3764 1723 3840 aliquid
1760 3764 2110 3841 figurarent,
2149 3764 2286 3842 quia
2320 3774 2503 3824 status
2522 3764 2675 3825 illius
2693 3763 2900 3841 populi
2919 3763 3021 3841 qui
3041 3782 3148 3841 per
3165 3762 3508 3823 huiusmodi

596 3848 911 3917 praecepta
970 3838 1421 3919 disponebatur,
1461 3854 1587 3902 erat
1626 3840 1887 3920 typicuS,
1929 3844 2146 3903 Ezech.
2189 3862 2283 3919 37.
2327 3862 2438 3903 nec
2479 3842 2636 3903 enim
2676 3842 2871 3903 minus
2909 3861 3076 3935 reges
3114 3847 3170 3903 δι
3207 3841 3506 3919 principes

595 3918 813 3979 Christi
852 3918 1003 3997 regis
1042 3922 1275 3980 fuerunt
1314 3922 1441 3999 typi
1480 3925 1659 3999 quam
1700 3922 2055 3983 sacerdotes.
2099 3924 2344 3983 Messias
2383 3922 2557 4001 igitur
2595 3922 2784 3983 oculis
2823 3933 3036 3983 veteris
3073 3920 3310 3999 populi,
3337 3922 3509 3998 quasi

595 3996 657 4055 in
699 3997 919 4075 duplici
958 4002 1201 4075 speculo
1243 4000 1350 4060 fuit
1388 4001 1687 4079 obiectuS,
1730 4001 2234 4061 Ceremonialibus
2273 4004 2328 4061 δε
2369 4002 2748 4062 Iudicialibus
2789 4000 3037 4079 legibus.

680 4096 735 4151 9.
819 4077 1041 4137 Omnes
1094 4078 1204 4139 hae
1256 4080 1445 4157 leges,
1497 4080 1645 4140 sicut
1697 4084 1968 4159 vmbrae,
2021 4081 2146 4140 sole
2187 4081 2435 4141 iustitiae
2476 4092 2714 4159 exorte,
2757 4080 2910 4142 iusto
2946 4080 3204 4157 ipsarum
3243 4081 3508 4157 comple-

594 4163 795 4214 mento
834 4155 1150 4233 abrogatae
1192 4170 1344 4218 sunt.
1386 4160 1629 4220 Moralis
1669 4163 1764 4219 lex
1802 4161 2090 4239 abrogata
2129 4171 2218 4220 est
2251 4160 2522 4221 fidelibus
2542 4161 2744 4237 quoad
2765 4160 3268 4239 maledictionem,
3297 4160 3502 4219 Galat.

601 4252 681 4324 3..
707 4251 795 4309 13.
856 4235 1025 4293 Rom.
1070 4238 1126 4296 6.
1175 4256 1264 4309 14.
1304 4256 1425 4297 non
1468 4241 1659 4299 solum
1699 4240 2094 4317 applicatione
2133 4238 2508 4301 obedientiae
2549 4238 2767 4301 Christi
2787 4243 2876 4315 (vt
2893 4250 3030 4299 ante
3049 4237 3374 4317 Christum)
3393 4238 3504 4297 sed

604 4322 780 4373 etiam
832 4312 1191 4375 exhibitione
1230 4316 1411 4378 illius:
1472 4321 1553 4379 At
1590 4336 1711 4379 non
1752 4320 1953 4395 quoad
1993 4320 2419 4398 obedientiam,
2459 4326 2705 4383 Deuter.
2745 4338 2842 4395 32.
2881 4321 2982 4391 46.
3035 4320 3261 4399 Matth.
3305 4335 3357 4395 5.
3399 4320 3502 4391 48.

3283 4400 3360 4457 &a
3405 4416 3495 4475 19.
