3923 4875
1378 315 1704 360 THESES
1764 314 2416 358 THEOLOGICAE.
3245 321 3350 379 171

438 482 765 560 vituperet:
806 479 913 539 sed
953 477 1253 553 Vtriusque
1293 479 1493 559 simul,
1536 479 1779 557 quando
1818 479 2093 538 voluntas
2131 488 2343 554 sponte
2381 477 2645 556 sequitur
2664 478 2877 538 mentis
2895 477 3195 542 iudicium.
3237 481 3363 541 His

440 564 639 638 itaque
694 558 901 638 positis
950 559 1192 618 liberum
1244 562 1555 621 arbitrium
1600 557 1875 620 definitur
1914 559 2158 617 facultas
2197 557 2428 618 animae
2469 559 2546 618 ab
2587 559 2754 618 omni
2793 558 3106 619 coactione
3139 561 3324 622 libera
3343 607 3361 640 ,

440 643 730 703 Voluntas
767 639 959 716 dicta,
1002 655 1156 714 quae
1196 642 1234 698 a
1268 639 1479 700 mentis
1502 638 1722 700 iudicio
1741 647 2094 716 praeeunte,
2129 634 2240 697 sibi
2259 638 2461 698 omnia
2481 637 2817 717 proposita,
2848 641 2969 699 tam
2994 643 3325 717 expetenda
3344 689 3361 720 ,

438 726 621 800 quam
643 720 973 798 respuenda
986 764 1004 795 ,
1025 723 1239 795 sponte
1259 732 1359 780 aut
1380 719 1599 797 expetit
1618 731 1719 780 aut
1738 716 1981 796 respuit,
2002 727 2102 777 aut
2121 717 2270 777 inter
2289 718 2682 778 dubitandum
2701 729 3016 796 Vtrumque
3039 722 3360 798 suspendit.

523 823 579 876 4.
660 800 805 860 Tria
862 797 1038 860 nobis
1090 798 1149 856 in
1193 800 1305 859 hac
1347 799 1691 861 definitione
1733 809 2055 858 occurrunt
2095 799 2388 858 notanda:
2452 802 2500 858 Ι.
2565 798 2940 878 Subiectum,
2980 809 3042 860 vt
3081 802 3360 875 Creator,

442 883 780 942 Creaturae.
843 882 921 938 H.
986 877 1305 939 obiectum
1346 881 1576 941 bonum
1614 890 1716 940 aut
1755 880 2008 956 malum,
2049 877 2228 954 idque
2267 889 2368 937 aut
2408 889 2714 938 externum
2757 891 2857 939 aut
2896 878 3212 942 internum.
3251 885 3360 942 III.

438 965 628 1022 Actus
667 961 771 1038 qui
813 956 1082 1020 consistit
1123 957 1183 1017 in
1230 958 1357 1038 ipsa
1399 959 1691 1020 electione
1709 1007 1725 1038 ,
1765 958 1947 1036 idque
1987 957 2049 1017 in
2089 957 2395 1034 seligendo
2439 975 2622 1018 vnum
2661 978 2734 1018 ex
2777 961 3013 1019 duobus
3053 963 3149 1020 vel
3184 961 3360 1038 pluri-

439 1045 581 1120 bus,
642 1043 740 1100 vel
797 1038 1247 1117 amplectendO,
1310 1043 1365 1100 ἃ
1426 1040 1795 1117 repudiando
1855 1055 2038 1098 vnum
2085 1037 2329 1115 aliquod
2371 1038 2759 1116 propositum.
2823 1041 2917 1099 De
2957 1042 3090 1099 Deo
3132 1042 3363 1117 quoties

436 1123 688 1182 liberum
734 1119 1041 1181 arbitrium
1082 1118 1484 1196 praedicatur,
1528 1131 1629 1181 aut
1668 1119 1922 1180 vniuoce
1963 1117 2025 1178 id
2066 1119 2160 1196 fit,
2202 1117 2342 1195 quia
2380 1117 2662 1194 quicquid
2695 1127 2783 1178 est
2819 1119 2880 1178 in
2899 1122 3032 1179 Deo
3053 1122 3216 1181 Deus
3239 1132 3329 1183 est
3345 1169 3362 1201 ,

441 1201 586 1262 nihil
626 1199 1019 1277 accidentale,
1060 1199 1167 1259 sed
1211 1200 1539 1261 essentialia
1578 1201 1806 1278 omnia;
1840 1209 1942 1259 aut
1977 1197 2350 1274 praedicatur
2381 1201 2658 1276 figurate;
2692 1209 2793 1258 aut
2825 1201 2972 1258 falso
2993 1245 3010 1276 ,
3040 1199 3089 1259 si
3124 1201 3366 1277 quidem

439 1281 679 1360 proprie
741 1279 1007 1340 definitio
1064 1277 1237 1339 liberi
1294 1279 1516 1356 arbitrii
1578 1280 1923 1358 accipiatur.
1983 1278 2257 1356 Figurate
2319 1280 2452 1338 Deo
2515 1277 2694 1339 tribui
2735 1297 2911 1356 posse
2954 1281 3368 1353 concedimuS,

440 1363 626 1422 modo
667 1359 990 1438 accipiatur
1027 1361 1213 1418 bene:
1256 1360 1495 1438 proprie
1538 1367 1681 1422 vero
1723 1359 1861 1436 (nisi
1901 1359 2073 1434 falso)
2117 1357 2232 1418 dici
2275 1377 2398 1418 non
2439 1367 2669 1436 potest,
2712 1361 2876 1418 Deus
2911 1359 3129 1420 etenim
3152 1361 3370 1438 simpli-

440 1441 702 1502 cisfimus
747 1449 865 1517 est,
908 1441 965 1498 &
1005 1438 1255 1516 proinde
1296 1461 1419 1500 non
1460 1442 1855 1517 composituS,
1894 1459 1971 1498 ne
2012 1437 2254 1514 quidem
2293 1457 2367 1497 ex
2407 1437 2675 1499 subiecto
2716 1442 2770 1498 δι
2792 1437 3130 1499 accidente:
3173 1443 3363 1502 Actus

438 1519 935 1599 simplicissimus,
995 1517 1169 1596 igitur
1233 1522 1457 1580 nullam
1520 1521 1845 1580 ἀλλοίωσιν
1904 1517 2264 1596 importans,
2305 1527 2512 1594 vtpote
2555 1527 2824 1578 aeternus
2869 1521 2925 1578 δι
2967 1517 3363 1581 immutabilis

438 1603 547 1662 Est
608 1600 868 1678 denique
930 1599 1059 1678 ipsa
1123 1599 1361 1660 bonitas
1377 1646 1395 1680 ,
1454 1619 1575 1661 non
1619 1618 1762 1677 ergo
1803 1600 2030 1659 bonum
2069 1599 2435 1675 improbare,
2475 1609 2576 1658 aut
2615 1600 2834 1657 malum
2876 1599 3090 1676 eligere
3131 1611 3360 1681 potest,

438 1683 577 1742 cum
619 1681 878 1758 seipsum
920 1698 1137 1758 negare
1180 1698 1303 1740 non
1345 1681 1549 1758 possit.
1591 1681 1690 1739 Ad
1732 1681 1959 1739 bonum
2001 1679 2175 1756 igitur
2215 1680 2378 1739 Deus
2410 1677 2744 1738 liberrimus
2765 1689 2883 1758 est,
2927 1700 2977 1737 2.
3011 1681 3161 1738 Tim.
3185 1701 3239 1741 2.
3270 1701 3360 1756 13.

442 1761 539 1822 Ad
598 1762 820 1821 malum
880 1765 1024 1820 vero
1066 1761 1231 1821 nullo
1272 1773 1542 1838 respectu
1582 1759 1734 1819 liber
1771 1778 1899 1820 esse
1938 1769 2138 1837 potest
2151 1805 2168 1836 ,
2209 1759 2346 1818 cum
2385 1756 2448 1818 id
2489 1769 2731 1818 naturae
2773 1758 2896 1819 eius
2936 1759 3358 1836 perfectissima

439 1841 706 1902 conditio
748 1839 941 1917 exigat
957 1883 971 1909 ,
1017 1849 1082 1899 vt
1120 1842 1343 1900 malum
1384 1843 1551 1901 bono
1590 1849 1953 1916 anteponere
1996 1838 2243 1900 omnino
2285 1857 2408 1899 non
2451 1837 2654 1916 possit.

522 1939 575 1998 5.
658 1923 975 1980 Creaturae
1031 1930 1167 1980 sunt
1226 1929 1328 1980 aut
1374 1919 1693 1980 inuisibiles
1734 1929 1799 1979 vt
1835 1919 2080 1997 Angeli,
2123 1927 2226 1978 aut
2263 1917 2521 1979 visibiles
2561 1928 2626 1977 vt
2666 1917 2955 1979 homines.
3018 1920 3153 1979 Iud.
3199 1923 3254 1978 6.
3301 1940 3353 1978 2.

438 2003 552 2061 Pr.
599 2022 651 2061 2.
694 2019 751 2076 3.
790 2001 966 2059 Ioan.
1010 2003 1065 2060 8.
1109 2020 1206 2073 44.
1264 2002 1509 2060 Illorum
1554 2020 1627 2060 ea
1662 1998 1771 2059 fuit
1805 1997 2074 2060 conditio
2096 1997 2159 2059 in
2179 2009 2333 2059 statu
2353 1997 2668 2059 creationis
2687 2007 2752 2057 vt
2771 1997 3079 2058 sanctitate
3098 2002 3360 2077 perfecta

439 2081 660 2160 ornati,
701 2078 889 2159 gratia
926 2078 1041 2140 Dei
1082 2099 1187 2140 eos
1230 2089 1625 2158 sustentante,
1666 2081 1896 2139 tantum
1940 2079 2003 2138 in
2041 2081 2271 2139 bonum
2313 2077 2605 2156 procliues
2625 2077 2952 2158 extiterint,
2982 2078 3193 2139 eadem
3215 2085 3357 2141 vero

436 2159 747 2221 deficiente
786 2158 976 2238 gratia
1014 2162 1053 2218 a
1092 2161 1256 2220 bono
1298 2161 1375 2221 ad
1414 2161 1635 2220 malum
1675 2161 1821 2219 falsa
1860 2157 2058 2235 aliqua
2097 2157 2478 2236 persuasione
2518 2159 2752 2236 decepti
2767 2205 2783 2237 ,
2824 2179 2950 2220 sese
2983 2158 3153 2220 insita
3186 2158 3358 2220 liber-

436 2250 555 2301 tate
612 2249 961 2301 conuertere
1008 2239 1237 2317 possint
1276 2251 1339 2301 vt
1379 2260 1454 2301 ex
1494 2249 1711 2301 euentu
1748 2238 1955 2316 liquet)
1996 2240 2150 2299 adeo
2193 2249 2256 2299 vt
2299 2237 2400 2316 qui
2441 2237 2819 2316 perstiterunt
2834 2283 2852 2318 ,
2893 2239 2954 2298 in
2995 2240 3358 2316 perfectione

442 2320 689 2382 naturali
752 2323 790 2379 ἐι
844 2320 981 2380 Deo
1039 2319 1379 2380 confirmati
1438 2320 1587 2400 sint,
1635 2339 1746 2380 nec
1786 2318 1904 2379 iam
1945 2319 2264 2396 quicquam
2303 2317 2415 2378 nisi
2454 2322 2654 2378 sancte
2698 2320 2880 2395 idque
2919 2318 3104 2380 libere
3143 2319 3356 2380 velint:

434 2399 526 2461 Illi
587 2405 731 2462 vero
791 2399 1005 2477 quibus
1066 2402 1231 2461 Deus
1288 2400 1535 2478 gratiam
1594 2416 1765 2460 suam
1811 2398 2165 2479 substraxit,
2205 2403 2282 2461 ab
2323 2397 2594 2478 originali
2636 2397 2944 2461 sanctitate
2986 2399 3324 2461 deficientes
3340 2448 3356 2481 ,

436 2487 615 2559 seque
654 2498 897 2559 prorsus
936 2491 1382 2559 corrumpentes
1398 2527 1414 2560 ,
1454 2480 1603 2541 nihil
1633 2499 1757 2540 non
1789 2482 1944 2541 velle
1974 2477 2201 2558 possint
2242 2481 2408 2557 quod
2447 2478 2682 2540 diuinae
2715 2478 3004 2540 voluntati
3040 2493 3356 2561 repugnet,

437 2562 617 2639 idque
656 2560 715 2621 in
757 2569 1063 2620 aeternum
1106 2563 1161 2621 &
1200 2560 1445 2639 proprio
1488 2576 1609 2622 suo
1650 2570 1839 2621 motu.

515 2643 574 2701 6.
652 2640 949 2701 Homines
1004 2640 1317 2717 dupliciter
1370 2640 1818 2703 considerantur
1858 2642 1895 2699 a
1934 2640 2142 2718 nobiS‚
2181 2641 2279 2701 vel
2317 2650 2380 2701 vt
2419 2641 2623 2717 crea(f.
2671 2640 2943 2718 1650.)ti,
2985 2642 3078 2701 vel
3120 2651 3182 2700 vt
3221 2652 3358 2718 post

436 2720 799 2781 creationem
854 2718 1025 2798 lapsi.
1086 2722 1291 2780 Homo
1352 2732 1585 2782 creatus
1642 2720 1796 2781 inter
1854 2721 2018 2781 dona
2058 2720 2273 2780 eximia
2313 2730 2434 2780 tam
2477 2719 2746 2797 corporis
2784 2723 2964 2797 quam
3007 2719 3188 2780 animi
3228 2720 3283 2781 ei
3323 2724 3360 2781 a

434 2802 569 2861 Deo
622 2810 891 2861 creatore
944 2802 1163 2860 collata
1180 2846 1197 2877 ,
1249 2819 1321 2861 ea
1364 2800 1471 2861 fuit
1509 2799 1730 2877 arbitrii
1770 2800 2042 2861 libertate
2081 2799 2410 2879 praeditus,
2449 2811 2515 2861 vt
2553 2821 2626 2861 ex
2666 2820 2729 2861 se
2768 2820 2938 2861 mens
2981 2804 3036 2861 &
3075 2803 3352 2862 voluntas

433 2897 573 2940 cum
622 2880 739 2940 Dei
778 2882 1083 2940 voluntate
1123 2882 1300 2958 plane
1344 2880 1705 2959 consentire,
1748 2879 1960 2958 illiusq.
2003 2879 2252 2959 imperio
2293 2881 2420 2942 sine
2459 2882 2576 2941 vlla
2617 2882 2932 2941 affectuum
2976 2898 3112 2939 cum
3152 2891 3354 2942 mente

432 2961 595 3020 lucta
632 2963 689 3020 δι
728 2958 1115 3039 repugnantia
1155 2960 1405 3021 omnino
1446 2960 1658 3037 subijci
1696 2960 2026 3041 potuerint3
2070 2971 2267 3021 tamen
2306 2960 2637 3039 mutabilis3
2681 2960 2761 3021 ita
2801 2971 2865 3020 vt
2903 2980 3139 3037 semper
3173 2981 3360 3038 oppo·
3447 3023 3456 3031 ,

434 3039 608 3101 situm
648 3038 771 3100 eius
812 3040 976 3117 quod
1014 3042 1258 3101 volebat
1297 3052 1399 3102 aut
1436 3040 1691 3103 faciebat
1730 3042 1885 3101 velle
1924 3052 2026 3102 aut
2048 3043 2243 3102 facere
2259 3040 2548 3119 potuerit,
2580 3041 2887 3120 praeclaro
2907 3040 3122 3100 mentis
3142 3040 3360 3101 iudicio

432 3119 564 3180 falsi
622 3118 865 3181 alicuius
924 3119 1070 3181 boni
1130 3119 1366 3182 obiecta
1424 3122 1622 3199 specie
1681 3132 1964 3199 corrupto
1981 3166 1998 3196 ,
2037 3132 2218 3198 atque
2258 3123 2408 3182 adeo
2451 3138 2558 3182 sua
2598 3130 2809 3198 sponte
2850 3121 3137 3197 deficere,
3179 3123 3359 3183 Posse

435 3198 655 3260 etenim
712 3198 767 3259 ei
826 3198 1073 3260 dederat
1130 3202 1295 3261 Deus
1308 3246 1324 3279 ,
1384 3203 1535 3261 velle
1594 3211 1791 3262 autem
1831 3202 1997 3278 quod
2039 3212 2240 3278 posset
2281 3200 2527 3261 arbitrio
2568 3218 2676 3261 suo
2717 3198 3032 3276 reliquerat
3070 3200 3358 3281 liberum,

435 3279 603 3357 quod
663 3280 758 3340 vel
818 3278 1075 3339 maxime
1138 3300 1209 3340 ex
1262 3282 1545 3341 mandato
1600 3280 1785 3358 liquet
1799 3327 1816 3360 ,
1868 3282 2006 3357 Qua
2047 3284 2141 3341 die
2176 3284 2513 3360 comederis,
2553 3282 2848 3339 moriendo
2887 3282 3178 3341 morieris.
3240 3282 3359 3341 Sed

434 3357 547 3419 sibi
588 3358 823 3420 relictus
856 3362 1043 3421 homo
1057 3404 1076 3439 ,
1119 3359 1435 3422 desistente
1474 3360 1589 3421 Dei
1624 3360 1959 3438 particulari
2001 3359 2188 3439 gratia
2229 3360 2489 3438 efficaci,
2525 3361 2741 3421 Satana
2760 3359 3044 3420 suadente
3061 3406 3078 3435 ,
3112 3362 3168 3420 δι
3189 3359 3352 3420 intel-

431 3440 651 3499 lectum
691 3438 949 3500 hominis
991 3440 1313 3501 mendaciis
1354 3440 1853 3502 circumueniente
1895 3442 1950 3500 &
1993 3442 2345 3513 offuscante,
2388 3440 2628 3501 tandem
2668 3456 3010 3516 persuaSUS,
3053 3441 3106 3498 &
3149 3442 3354 3500 labens

432 3519 549 3579 Dei
587 3520 933 3580 mandatum
972 3518 1285 3597 violando,
1328 3522 1579 3581 Satanae
1620 3520 2083 3600 obtemperauit,
2125 3539 2360 3581 summo
2400 3521 2567 3582 bono
2607 3518 2864 3597 seipsum
2884 3519 3178 3597 priuando
3200 3523 3344 3579 mul-

433 3597 527 3659 tis·
568 3598 813 3659 miseriis
874 3598 1204 3660 obnoxium
1244 3600 1411 3677 fecit,
1459 3608 1642 3677 seque
1681 3605 1738 3662 &
1778 3618 1947 3661 suum
1988 3604 2076 3676 (vt
2115 3602 2375 3678 loquitur
2414 3600 2775 3679 Augustinus
2813 3598 2875 3659 in
2915 3600 3224 3658 Enchirid.
3265 3602 3352 3660 ad

434 3680 721 3739 Laurent.
762 3688 889 3756 cap.
930 3681 1054 3755 30.)
1091 3679 1396 3741 arbitrium
1436 3680 1711 3759 perdidit.

516 3775 568 3833 7.
651 3761 795 3819 Post
852 3760 1112 3837 lapsum,
1168 3760 1479 3839 dupliciter
1518 3760 1579 3821 in
1619 3760 1863 3821 homine
1901 3759 2158 3821 liberum
2195 3760 2505 3822 arbitrium
2545 3757 2979 3837 consideratur,
3019 3760 3115 3817 vel
3155 3768 3218 3818 vt
3257 3770 3346 3819 est

430 3836 493 3897 in
557 3839 671 3899 hac
723 3838 872 3918 vita,
913 3842 1010 3899 vel
1048 3852 1113 3899 vt
1152 3838 1213 3899 in
1251 3844 1461 3901 futura.
1504 3844 1765 3901 Rursum
1807 3840 1867 3899 in
1907 3840 2022 3901 hac
2061 3840 2181 3901 vita
2217 3860 2329 3919 pro
2369 3840 2596 3901 ratione
2637 3838 3037 3900 subiectorum
3075 3837 3345 3898 bifariam

433 3916 743 3997 accipitur,
803 3920 898 3979 vel
957 3929 1024 3978 vt
1081 3930 1170 3981 est
1209 3920 1270 3980 in
1309 3921 1651 3982 hominibus
1693 3922 2048 3999 regeneratis
2062 3966 2079 4001 ,
2120 3922 2215 3981 vel
2253 3920 2314 3980 in
2355 3918 2424 3980 iis
2465 3919 2568 3997 qui
2605 3938 2728 3979 non
2769 3928 2906 3978 sunt
2947 3918 3269 3996 regenerati
3309 3922 3344 3979 ὸ.

432 3998 591 4058 Dee.
630 4001 701 4057 In
742 4017 866 4059 non
904 4000 1263 4090 regeneratis
1302 4002 1455 4061 adeo
1496 4001 1613 4062 Dei
1652 4001 1880 4079 imago,
1924 4018 2079 4079 quae
2118 4010 2244 4061 tum
2285 3999 2346 4059 in
2386 3998 2599 4061 mentis
2627 4002 2760 4059 luce
2780 4008 2906 4059 tum
2927 3998 2986 4057 in
3005 4001 3308 4058 voluntate
3327 4044 3344 4077 ,

430 4077 799 4155 aliarumque
838 4089 1093 4157 partium
1134 4079 1485 4141 rectitudine
1525 4084 1874 4159 apparebat,
1916 4080 2230 4141 obliterata
2269 4090 2357 4140 est
2370 4126 2388 4155 ,
2423 4090 2486 4140 vt
2517 4078 2822 4141 sanctitate
2853 4078 3087 4155 penitus
3125 4080 3318 4138 deleta
3332 4124 3348 4157 ,

431 4156 599 4217 dona
658 4160 1143 4237 supernaturalia,
1204 4178 1377 4221 verus
1437 4181 1607 4223 arnor
1665 4160 1810 4239 Dei,
1854 4159 2074 4221 iustitia
2113 4161 2168 4219 δι
2207 4158 2416 4219 similia
2454 4160 2700 4238 amissa,
2739 4157 3026 4219 naturalia
3066 4168 3346 4237 corrupta

433 4234 572 4297 sint.
616 4236 779 4298 Hinc
817 4238 1179 4318 ignorantia,
1220 4242 1275 4299 ὅτ
1317 4241 1608 4301 dubitatio
1650 4240 1712 4300 in
1753 4251 1974 4302 mente:
2019 4239 2079 4299 in
2117 4242 2421 4300 voluntate
2461 4240 2706 4301 odiosus
2739 4248 3115 4317 contemptus
3135 4240 3190 4298 δε
3211 4258 3348 4299 con·

436 4316 695 4377 tumacia
733 4316 1015 4381 aduersus
1055 4321 1253 4380 Deum
1269 4366 1286 4401 ,
1325 4339 1510 4399 praua
1549 4319 1851 4382 inclinatio
1892 4322 1971 4382 ad
2012 4323 2231 4381 malum
2271 4328 2556 4399 metaque
2593 4321 2672 4381 ad
2712 4320 2940 4382 bonum
2980 4318 3346 4460 irnSpodcentia.

3093 4419 3125 4459 e
3208 4416 3345 4458 cum
