3923 4875
506 405 517 416 ο
598 333 673 391 66
1390 409 1395 416 .
1568 344 1669 386 nn
1730 343 1953 385 vana
2015 341 2546 400 rnnozocra.

593 516 943 598 gumentum
983 503 1262 582 pertinet,
1306 519 1763 580 consequamur.
1806 501 2104 595 Principia
2142 501 2340 581 itaque
2381 503 2513 582 illa,
2555 506 2631 565 de
2653 501 2868 581 quibus
2887 501 3144 582 agimus,
3179 505 3531 570 denotamus

595 585 859 648 notionis
900 602 1083 664 voce3
1118 584 1624 660 quemadmodum
1656 586 1694 642 a
1726 581 1925 643 Tullio
1967 585 2146 659 quam
2167 582 2432 662 plurimis
2455 583 2604 644 locis
2625 584 3022 674 appellantur:
3065 550 3285 646 613331
3305 588 3530 653 ἐννοίαις

596 669 653 726 δι
699 665 1071 755 καταλήψεις
1099 663 1389 724 dixerunt.
1434 665 1623 724 Recte
1663 662 1725 722 id
1767 661 2039 740 quidem:
2084 683 2224 722 nam
2265 667 2403 723 cum
2442 663 2772 725 intellectus
2806 661 3018 723 mentis
3050 675 3320 745 nostrae,
3356 683 3533 742 prout

600 743 933 835 aPhysicis
964 742 1179 805 rationi
1202 741 1549 822 opponitur,
1586 741 1661 804 sit
1677 758 1826 820 pura
1846 755 1992 819 puta
2009 741 2436 820 principiorum
2457 745 2808 805 naturalium
2830 743 3002 804 sedes
3020 761 3226 822 ,quae
3245 710 3534 824 principia

602 828 665 887 in
714 821 1169 900 vniuscuiusque
1209 823 1510 884 intellectu
1544 821 1629 884 sic
1664 825 1938 900 haerent,
1975 833 2038 882 vt
2067 821 2457 916 simpliciter
2439 842 2501 884 m
2539 843 2613 886 eo
2651 825 2768 887 sint
2803 823 2950 885 citra
2981 841 3178 885 rerum
3209 842 3361 902 quae
3389 825 3532 885 foris

600 915 766 984 sunt,
798 901 1394 980 contemplationem:
1429 907 1591 964 recte
1620 903 1912 980 (inquam)
1946 903 2096 962 haec
2128 902 2416 980 principia
2445 905 2720 973 notiones
2742 921 2846 966 seu
2866 904 3314 981 praeceptiones
3333 907 3532 982 appel·

602 951 823 1047 lanttir.
883 1002 1023 1043 nam
1082 985 1235 1044 haec
1276 983 1487 1043 notitia
1526 983 1775 1061 simplex
1816 981 2148 1042 intellectus
2187 983 2405 1062 nostri,
2445 984 2532 1043 sic
2571 985 2728 1046 intus
2769 989 2807 1042 a
2846 993 3055 1044 natura
3095 994 3213 1063 est,
3257 995 3320 1045 vt
3359 986 3534 1044 aliam

607 1084 853 1128 omnem
914 1061 1184 1124 notitiam
1244 1065 1432 1124 soleat
1492 1074 1891 1142 anteuertere3
1952 1063 2222 1152 adeoque
2283 1028 2526 1125 notitiae
2586 1065 2801 1143 31111113,
2871 1065 3031 1123 velut
3082 1065 3532 1125 fundamentum

605 1161 959 1222 commune,
1019 1144 1445 1204 substernatur.
1506 1143 1701 1204 Huius
1752 1146 1895 1202 vere
1952 1141 2244 1216 notionis,
2301 1145 2635 1234 horumque
2675 1143 3100 1234 principiorum
3141 1145 3536 1205 commoditas

600 1227 792 1287 tribus
850 1222 1046 1284 modis
1087 1223 1537 1301 circumscripta
1576 1234 1696 1301 est,
1736 1221 1932 1282 verbis
1975 1220 2089 1281 illis
2131 1221 2557 1300 nostri53c1'1m
2598 1225 2874 1286 notiones
2912 1223 3040 1283 illas
3080 1243 3432 1303 communes,
3467 1226 3546 1284 δι’

604 1309 923 1382 obscuras,
967 1305 1043 1362 ξι·-
1079 1303 1451 1381 imperfectas
1492 1305 1861 1380 appellamus
1900 1301 1959 1360 in
2003 1301 2370 1392 Theologiae
2411 1315 2784 1382 argumento.
2837 1303 2978 1363 Tria
3018 1303 3179 1362 enirn
3217 1305 3295 1364 ad
3336 1270 3546 1364 iustam

604 1403 800 1448 rerum
830 1383 1461 1461 comprehensionem
1494 1401 1650 1475 opus
1672 1392 1839 1443 sunt:
1876 1391 1937 1440 vt
1969 1379 2298 1442 subiectum
2329 1383 2496 1459 quod
2510 1385 2722 1474 agitur
2757 1387 2894 1446 vere
2925 1385 3502 1461 comprehendamus
3519 1429 3538 1462 ,

606 1477 670 1528 vt
708 1463 1047 1544 perspicue,
1091 1473 1153 1523 vt
1192 1465 1384 1540 plene.
1423 1465 1578 1523 Nam
1606 1462 1653 1523 si
1688 1480 1799 1540 pro
1831 1459 2102 1522 subiecto
2136 1481 2281 1521 vero
2316 1462 2695 1540 respiciamus
2727 1467 2807 1526 ad
2840 1465 3052 1524 falsum
3085 1473 3189 1523 aut
3207 1463 3538 1555 opinabile·
3523 1509 3542 1541 ,

612 1545 1120 1624 quemadmodum
1169 1545 1292 1603 fere
1346 1545 1443 1618 fit,
1490 1554 1555 1603 vt
1608 1560 1811 1602 verum
1868 1539 2113 1618 quidem
2161 1542 2222 1601 in
2279 1544 2584 1604 communi
2636 1561 3063 1638 agnoscamus,
3105 1543 3166 1602 in
3207 1542 3546 1620 particulari

613 1636 812 1686 autem
852 1628 889 1684 a
927 1643 1071 1684 vero
1112 1625 1483 1702 aberremuS,
1526 1624 1668 1682 falsa
1708 1633 1796 1683 est
1830 1621 2252 1713 principiorum
2272 1625 2772 1686 accommodatio.
2804 1625 2855 1686 si
2874 1643 2947 1684 ex
2966 1622 3390 1701 principiorum
3411 1626 3546 1683 luce

627 1724 749 1767 non
789 1704 926 1765 satis
966 1702 1297 1763 subiectum
1336 1713 1437 1762 aut
1473 1702 1733 1763 actiones
1781 1706 1855 1762 ee
1890 1701 2248 1779 pertinentes
2291 1702 2625 1784 videamus,
2647 1705 2815 1766 notio
2837 1707 3095 1766 obscura
3113 1713 3220 1762 est.
3241 1702 3332 1762 sin
3351 1712 3550 1763 autem

625 1805 725 1846 eas
776 1803 869 1844 res
906 1799 1051 1860 quas
1091 1793 1356 1860 spectare
1396 1800 1545 1860 opus
1584 1793 1703 1859 est,
1742 1801 1866 1841 non
1906 1781 2021 1842 nisi
2059 1800 2134 1840 ex
2173 1791 2337 1874 parte
2379 1800 2692 1860 possumus
2725 1783 2965 1862 intueri,
2999 1783 3166 1842 notio
3207 1781 3552 1874 imperfecta

625 1874 732 1925 est.
775 1862 1029 1954 exempli
1068 1879 1277 1940 causa,
1318 1861 1668 1940 principium
1708 1864 1974 1924 naturale
2015 1872 2133 1939 est,
2173 1861 2264 1922 ius
2295 1880 2468 1922 suum
2499 1863 2714 1942 cuique
2731 1864 2912 1926 tribui
2929 1872 3225 1952 oportere.
3243 1863 3343 1922 h1c
3361 1861 3550 1924 tribus

626 1943 821 2004 modis
861 1942 921 2002 in
962 1943 1186 2002 vtendo
1226 1941 1518 2020 principio
1558 1944 1676 2002 hoc
1720 1945 2070 2020 plerumque
2109 1943 2380 2002 fallimur.
2429 1963 2568 2004 narn
2601 1947 2766 2022 quod
2815 1953 3024 2004 natura
3062 1940 3246 2002 dictat
3285 1960 3551 2002 commu-

631 2022 783 2083 niter
822 2023 899 2083 de
939 2039 1329 2113 vnoquoque,
1369 2041 1481 2082 nos
1521 2021 1893 2099 refringimus
1933 2021 2413 2102 exceptionibuS,
2455 2025 2511 2082 δι
2553 2024 2840 2115 principia
2858 2025 2958 2085 illa
2978 2022 3368 2098 notionesque
3387 2041 3549 2082 com·

626 2120 832 2162 munes
865 2100 1256 2185 singularibus
1274 2102 1490 2163 nostris
1510 2102 2020 2180 conclusionibuS,
2042 2069 2413 2162 obscuritate
2422 2103 2784 2184 mediorum,
2806 2106 2862 2163 δι
2883 2101 3329 2180 imperfectione
3349 2100 3547 2178 iudicij

626 2181 813 2242 nostri
845 2183 1125 2242 velamuS.
1168 2183 1441 2260 Denique
1471 2181 1601 2258 (vt
1585 2201 1646 2242 m
1675 2147 2020 2260 quaestione
2045 2181 2202 2261 ipsa,
2238 2200 2416 2259 quam
2435 2151 2790 2244 instituimus
2800 2187 3088 2278 ,figamus
3105 2183 3346 2260 pedem)
3367 2181 3552 2242 dictat

627 2259 977 2354 principium
1026 2264 1288 2323 naturale
1338 2261 1553 2338 cuiuis,
1604 2264 1801 2322 Deum
1843 2262 2161 2323 colendum
2202 2281 2361 2323 esse:
2425 2264 2546 2324 Sed
2585 2265 2702 2324 hoc
2742 2264 3095 2342 principium
3135 2264 3191 2322 δι
3231 2279 3550 2323 commune

626 2343 687 2402 in
738 2359 1134 2421 vnoquoque,
1189 2347 1245 2403 &
1300 2309 1652 2421 0113311111111,
1692 2345 1747 2402 81
1789 2341 2198 2418 imperfectum
2251 2353 2357 2402 est.
2402 2361 2748 2436 commune,
2790 2345 2928 2422 quia
2965 2345 3167 2404 Deum
3204 2361 3330 2402 non
3369 2343 3550 2402 docet

628 2423 1025 2515 singulariter,
1080 2432 1363 2501 tanquam
1414 2422 1464 2484 si
1514 2422 1700 2502 digito
1750 2422 2040 2486 indicaret
2095 2423 2278 2482 hunc
2312 2425 2508 2483 Deum
2547 2425 2740 2517 ipsum
2790 2444 2947 2486 esse:
3002 2425 3353 2502 obscurum,
3409 2421 3550 2499 quia

622 2504 687 2564 id
732 2504 925 2581 ipsum
966 2503 1131 2580 quod
1172 2503 1348 2565 nobis
1389 2502 1643 2581 indicat,
1700 2522 1823 2563 non
1865 2513 2064 2563 tamen
2105 2504 2366 2563 ostendit
2405 2505 2747 2582 perspicue:
2789 2507 3212 2584 Imperfectum
3255 2502 3548 2581 denique,

622 2583 762 2677 quia
800 2602 928 2643 non
967 2584 1223 2644 ostendit
1266 2584 1457 2662 plene.
1500 2584 1573 2643 Id
1612 2592 1810 2643 autem
1850 2582 1932 2643 ita
1972 2602 2036 2643 se
2075 2584 2296 2643 habere
2328 2584 2783 2645 luculentissime
2804 2587 3171 2647 demonstrat
3190 2584 3516 2660 Apostolus
3533 2628 3552 2661 ,

626 2668 809 2741 quum
870 2663 1285 2740 Lystrensibus
1347 2664 1570 2724 diceret
1628 2662 1955 2723 sacrificare
2015 2662 2349 2723 volentibus
2403 2661 2544 2743 ipsi,
2601 2684 2711 2723 cur
2749 2669 2864 2724 ista
2889 2662 3144 2741 facitis-1³
3183 2683 3287 2722 nos
3329 2681 3550 2739 quoque

621 2748 819 2803 sumus
860 2746 1146 2824 homi,nes
1187 2745 1385 2803 22'sdem
1436 2744 1643 2820 quibus
1681 2763 1783 2805 vos
1827 2746 2064 2804 obnoxii
2096 2764 2134 2801 a
2126 2744 2527 2821 ffecttontbus,
2580 2748 2996 2805 annunciantes
3036 2752 3100 2805 vt
3138 2746 3178 2801 ὰ
3211 2744 3382 2803 vanis
3419 2744 3546 2801 istis

624 2824 797 2883 rebus
852 2825 1206 2883 conuertatis
1248 2843 1348 2885 vos
1387 2825 1474 2882 ad
1506 2824 1700 2881 Deum
1754 2825 1917 2882 illum
1957 2826 2183 2898 ziuum,
2224 2826 2330 2899 qui
2350 2824 2504 2899 fecit
2539 2825 2786 2901 coelum,
2827 2827 2904 2885 ἂν
2941 2832 3198 2894 terram,
3243 2823 3320 2881 ἂι·-
3353 2841 3546 2897 mare,

633 2906 710 2961 ὣ·-
745 2906 940 2963 omnia
980 2923 1129 2981 quae
1170 2924 1232 2961 tn
1275 2905 1348 2962 iis
1388 2910 1559 2974 sunt,·
1592 2905 1803 2980 quique
1826 2905 2166 2979 prae-tentes
2196 2904 2482 2963 aetatibus
2519 2906 2660 2962 siuit
2683 2923 2874 2964 omnes
2900 2911 3104 2979 gentes
3135 2904 3258 2961 suis
3285 2905 3550 2978 ipsarum

626 2984 736 3043 viis
785 2985 1077 3043 incedere:
1130 3002 1465 3060 quanquam
1518 3003 1633 3041 non
1674 3002 1891 3059 passus
1942 2992 2030 3041 est
2065 2991 2353 3059 expertem
2393 3001 2454 3041 se
2491 3002 2610 3042 esse
2647 2987 2984 3063 testimonii,
3027 2986 3180 3041 bona
3219 2982 3520 3040 tribuendo
3534 3026 3552 3057 ,

629 3063 777 3120 dans
816 3064 981 3121 nobzs
1022 3065 1258 3121 coelitus
1286 3064 1531 3138 pluuias
1544 3107 1562 3140 ,
1602 3081 1674 3121 ac
1718 3070 1977 3139 tempora
2003 3063 2306 3139 fructibus
2346 3064 2574 3121 edendis
2605 3074 2776 3139 apta,
2817 3067 3056 3141 implens
3086 3063 3206 3122 cibo
3233 3062 3312 3120 ἃ·-
3328 3062 3552 3120 laetitia

628 3142 811 3201 corda
850 3150 1074 3202 nostra.
1138 3144 1342 3202 Actor.
1398 3162 1469 3216 14
1510 3163 1564 3203 v.
1613 3158 1680 3219 15
1699 3187 1718 3220 ,
1766 3144 2010 3221 16,17.
2071 3144 2228 3201 Nam
2285 3158 2667 3202 communem
2708 3144 2886 3205 fuisse
2925 3142 3230 3204 notionem
3273 3140 3386 3200 illis
3426 3159 3551 3200 om-

628 3219 804 3281 nibus
866 3221 945 3281 de
1002 3222 1138 3282 Deo
1199 3221 1579 3299 impressam,
1638 3241 1709 3281 ac
1768 3240 1894 3282 non
1956 3221 2311 3299 singularem
2371 3222 2532 3281 illam
2583 3240 2698 3300 qua
2739 3225 2898 3284 hunc
2939 3239 3147 3284 verum
3187 3222 3384 3281 Deum
3422 3238 3549 3282 esse

606 3310 1087 3381 cognoscerent,
1148 3302 1491 3377 Lystrenses
1551 3300 1664 3379 ipsi
1724 3301 2136 3361 demonstrant
2195 3305 2352 3362 facto
2415 3302 2470 3359 &
2521 3302 2734 3363 Paulus
2775 3303 2985 3381 arguit.
3045 3304 3382 3362 Obscuram
3421 3318 3550 3361 esse

627 3378 1038 3469 demonstrant
1096 3392 1444 3458 argumenta
1502 3380 1682 3458 illius3
1745 3383 1881 3441 cum
1923 3380 2066 3441 nihil
2108 3382 2435 3459 Apostolus
2476 3380 2588 3441 nisi
2627 3392 2872 3443 naturae
2915 3381 3276 3459 testimonia,
3317 3392 3420 3441 aut
3457 3398 3552 3439 res

630 3458 691 3517 in
754 3469 965 3519 natura
1023 3462 1061 3519 a
1119 3459 1257 3520 Deo
1296 3472 1517 3551 gestas,
1560 3461 1815 3540 adferat,
1856 3472 1923 3521 vt
1960 3462 2225 3521 declaret
2265 3460 2382 3521 Dei
2419 3460 2572 3521 1111113
2613 3467 2843 3523 summe
2882 3462 3173 3524 adorandi
3211 3460 3547 3521 veritatem:

629 3540 804 3599 Haec
865 3550 1060 3599 autem
1118 3539 1459 3600 tenuissima
1521 3538 1763 3618 vestigia
1804 3552 1938 3600 sunt
1979 3542 2264 3601 duntaxat
2302 3540 2427 3601 veri
2467 3540 2620 3601 illius
2661 3543 2717 3601 81
2757 3542 3008 3603 viuentis
3047 3541 3195 3621 Dei,
3235 3558 3389 3618 quae
3429 3558 3552 3599 non

626 3616 690 3678 id
750 3617 915 3695 quod
953 3621 1119 3680 Deus
1158 3620 1421 3679 humano
1462 3620 1661 3707 generi
1702 3619 1841 3681 inde
1880 3624 1916 3679 a
1956 3620 2249 3713 principio
2289 3631 2410 3699 est,
2453 3622 2558 3682 sed
2599 3623 2766 3700 quod
2807 3623 2922 3683 Dei
2963 3634 3077 3701 est,
3117 3585 3313 3711 potius
3355 3618 3553 3679 testifi-

628 3706 763 3757 cata
823 3708 977 3759 sunt.
1040 3699 1266 3759 Eadem
1330 3716 1571 3776 quoque
1628 3698 1857 3760 ratione
1898 3700 2190 3778 principia
2229 3702 2378 3762 haec
2415 3701 2763 3778 imperfecta
2802 3713 2969 3782 sunt3
3012 3720 3163 3779 quae
3203 3698 3254 3761 31
3293 3698 3438 3776 quid
3476 3698 3554 3758 de

628 3779 764 3837 Deo
828 3788 1115 3837 testantur
1174 3782 1261 3854 (vt
1320 3782 1588 3856 prdecto
1646 3778 1891 3854 faciunt)
1931 3790 2219 3841 testantur
2257 3780 2790 3873 imperfectissime,
2829 3786 2885 3842 δι
2923 3786 2961 3841 a
2997 3779 3360 3859 perfectione
3399 3778 3554 3837 1111113

629 3859 843 3917 absunt
882 3857 1241 3936 longissime.
1282 3858 1564 3919 Eiusdem
1603 3860 1834 3937 generis
1872 3859 2019 3920 illud
2059 3871 2148 3921 est
2188 3863 2352 3954 quod
2393 3860 2748 3922 enunciabat
2785 3864 3145 3940 ApostoluS,
3166 3876 3349 3937 quum
3369 3859 3549 3918 Athe·

628 3937 862 3998 nienses
922 3938 1000 3997 ab
1056 3938 1390 3999 idololatria
1450 3950 1784 3998 reuocaret.
1833 3943 2273 4017 pertransiens,
2314 3943 2526 4018 inqutstt
2567 3942 2643 4001 ὣ·-
2681 3945 3068 4018 contemplans
3107 3958 3286 3999 sacra
3323 3945 3549 4016 vestra,

626 4019 827 4075 mueni
882 4020 1051 4078 etiam
1114 4039 1314 4097 aram,
1378 4038 1469 4079 cuz
1528 4022 1867 4097 inscriptum
1910 4027 2070 4091 erat,
2114 4024 2330 4095 Ignoto
2369 4022 2526 4079 Deo:
2567 4040 2730 4097 quem
2769 4039 2913 4098 ergo
2951 4024 3293 4097 {gnorantes
3333 4020 3518 4077 colitis
3531 4062 3550 4097 ,

626 4095 778 4153 lzunc
839 4116 943 4171 ego
1004 4100 1161 4158 vobis
1221 4102 1527 4159 annuncia
1592 4100 1761 4157 Deus
1810 4100 1907 4157 ille
1958 4103 2064 4175 qui
2097 4100 2252 4175 fecit
2288 4103 2591 4169 mundum,
2635 4102 2711 4159 ὣ-
2753 4103 2942 4161 omnia
2981 4119 3130 4176 quae
3169 4102 3230 4159 in
3269 4118 3334 4159 eo
3381 4104 3548 4175 sunt,

626 4194 752 4231 cum
794 4178 876 4233 szt
909 4180 1055 4235 coeli
1088 4180 1163 4235 δι’
1203 4184 1398 4239 terrae
1444 4180 1769 4248 Dominus,
1810 4182 1872 4236 in
1904 4178 2278 4269 manufactis
2319 4182 2543 4255 templis
2581 4200 2696 4239 non
2733 4183 2985 4258 habetat,
3034 4182 3160 4240 &a
3202 4184 3405 4239 Actor.
3453 4197 3480 4235 1
3493 4194 3547 4251 7.

630 4272 737 4331 23,
786 4273 879 4327 24.
944 4256 1177 4331 Quibus
1218 4257 1625 4317 conditionem
1666 4257 2096 4349 principiorum
2137 4258 2373 4319 illorum
2415 4260 2768 4319 naturalium
2788 4260 3047 4321 declarat
3064 4256 3549 4335 luculentissime,

621 4336 761 4392 cum
819 4353 931 4395 nec
992 4337 1189 4396 Deum
1250 4336 1617 4414 singulariter
1676 4337 1949 4398 nouerint
1965 4382 1982 4416 ,
2037 4354 2217 4413 quem
2255 4336 2544 4415 principia
2583 4339 2923 4399 communia
2961 4340 3185 4401 docent
3226 4336 3544 4400 colendum

3125 4415 3546 4481 communiter·
3530 4460 3549 4495 ,
