3923 4875
1374 348 1478 393 DR
1541 350 1762 393 VERA
1823 345 2356 393 THEOLOGIA.
3288 340 3365 417 65

445 508 778 571 diuinarum
839 528 945 586 per
1000 527 1094 569 me
1134 507 1274 569 licet
1291 554 1308 587 ,
1363 519 1426 569 vt
1463 507 1708 585 aliquod
1748 524 1934 586 genus
1976 507 2149 567 huius
2194 506 2591 598 Theologiae,
2632 508 2903 585 quamuis
2940 510 3365 595 aequiuocum,

443 590 595 650 inter
649 606 860 649 omnes
909 598 1184 649 constare
1221 587 1432 665 possit.
1495 586 1816 666 Singularis
1853 592 1997 647 vere
2038 585 2406 665 Theologiae
2445 586 2610 647 istius
2649 586 3117 667 circumscriptio
3160 611 3364 654 secun-

444 669 590 729 dum
631 685 839 729 causas
878 671 918 727 a
953 667 1129 728 nobis
1168 668 1364 745 posita
1401 676 1492 728 est
1530 667 1592 727 in
1631 667 2023 727 antecedente
2064 664 2165 725 illa
2203 664 2547 727 definitione
2585 677 2807 728 nostra.
2849 669 3005 728 Nam
3046 690 3224 733 causa
3242 676 3362 734 effi-

446 747 610 809 ciens
649 748 822 809 huius
864 746 1230 826 Theologiae
1271 759 1361 808 est
1398 756 1609 807 natura
1651 746 1778 825 ipsa
1800 792 1819 825 ,
1847 748 1926 806 ὃν
1943 749 2133 806 lumen
2154 748 2429 805 naturale
2446 748 2759 807 intellectus
2778 752 2995 808 nostri:
3018 751 3361 831 materiam,

445 844 644 888 rerum
703 826 1036 888 diuinarum
1087 830 1390 905 principia
1447 828 1754 887 secundam
1816 846 1878 885 se
1929 834 2099 904 nola,
2150 824 2211 883 in
2266 825 2480 902 quibus
2520 826 2853 905 Theologia
2894 830 3041 890 haec
3081 833 3359 894 naturalis

447 906 715 968 consistit
753 917 932 984 atque
972 918 1324 986 occupatur:
1366 911 1561 969 forma
1599 915 1717 986 est,
1762 906 1927 984 qued
1966 926 2041 965 ex
2079 907 2197 964 illis
2230 907 2534 982 principiis
2563 910 2834 983 procedit
2861 910 3011 969 haec
3029 912 3361 991 Theologia

437 1005 560 1063 pro
600 990 852 1047 rationis
890 989 1182 1047 humanae
1222 989 1406 1050 modo,
1456 989 1552 1047 De
1573 988 1690 1047 fine
1731 984 2077 1047 adhibendo
2117 1003 2242 1044 non
2260 985 2665 1046 laborauimus
2676 1032 2695 1061 ,
2718 987 2857 1064 quia
2876 999 3087 1051 natura
3106 990 3361 1053 docente

448 1076 642 1128 certus
700 1076 818 1147 est,
878 1068 934 1126 δι
981 1077 1183 1128 tamen
1235 1087 1360 1128 non
1399 1086 1762 1145 magnopere
1794 1066 1874 1127 ad
1916 1063 2322 1127 definitionem
2372 1066 2529 1129 hanc
2568 1076 2833 1128 nostram
2870 1068 3027 1130 visus
3065 1080 3154 1131 est
3186 1072 3360 1150 perti-

443 1166 606 1207 nere.
665 1148 774 1209 Est
829 1145 1003 1225 igitur
1053 1164 1232 1207 causa
1283 1147 1536 1209 efficiens
1588 1146 1761 1207 huius
1798 1144 2199 1225 Theologiae,
2239 1164 2363 1205 non
2406 1164 2533 1225 arS,
2576 1166 2701 1207 non
2740 1166 2911 1208 casus
2926 1194 2945 1227 ,
2983 1161 3084 1210 aut
3122 1152 3357 1229 quiduis

438 1227 629 1307 aliud3
683 1228 790 1289 sed
829 1237 1037 1288 natura
1073 1227 1230 1307 ipsa,
1271 1245 1449 1305 quam
1485 1225 1834 1304 Philosophi
1872 1223 2229 1304 principium
2269 1226 2325 1284 &
2366 1244 2607 1288 causam
2648 1237 2844 1289 motus
2886 1231 2942 1288 δι
2982 1231 3192 1307 quietis
3232 1232 3355 1293 eius

434 1306 494 1365 in
536 1324 660 1384 quo
701 1316 821 1386 est,
859 1307 1055 1384 primo
1095 1328 1170 1367 ac
1207 1327 1315 1385 per
1353 1327 1450 1386 se,
1490 1327 1619 1368 esse
1655 1305 2043 1367 tradiderunt.
2083 1306 2203 1365 hoc
2240 1304 2597 1384 principium
2617 1326 2970 1387 commune,
2990 1314 3027 1370 a
3048 1328 3170 1388 quo
3189 1323 3353 1373 natu-

437 1387 574 1447 ralis
613 1388 762 1447 haec
815 1386 1148 1462 Theologia
1187 1386 1555 1465 singulariter
1599 1387 1662 1447 in
1699 1403 2068 1463 vnoquoque
2106 1384 2349 1446 homine
2389 1386 2675 1464 impressa
2715 1398 2821 1449 est.
2866 1389 2973 1450 sed
3013 1390 3153 1467 quia
3191 1412 3351 1453 com-

433 1483 612 1526 mune
649 1466 1005 1544 principium
1045 1466 1204 1528 istud
1241 1467 1323 1527 ita
1361 1467 1422 1527 in
1463 1466 1704 1545 singulis
1741 1465 1888 1545 agit,
1929 1476 1995 1525 vt
2034 1465 2113 1527 ad
2151 1464 2411 1544 singulas
2451 1465 2783 1529 functiones
2824 1485 2959 1529 suas
2991 1480 3153 1531 certa
3175 1490 3348 1549 quae·

431 1546 572 1607 dam
615 1545 897 1607 adhibeat
935 1545 1320 1607 instrumenta
1335 1592 1352 1625 ,
1393 1567 1464 1607 ac
1503 1550 1666 1607 velut
1703 1556 1900 1624 partes
1938 1556 2182 1607 naturae
2221 1544 2331 1605 toti
2370 1546 2795 1627 ministrantes;
2834 1554 3147 1627 propterea
3184 1552 3348 1613 intel-

437 1626 624 1685 lectus
661 1627 984 1702 humanuS,
1023 1630 1188 1687 velut
1225 1627 1554 1688 subiectum
1596 1626 1903 1705 proprium
1943 1625 2118 1687 huius
2157 1625 2555 1707 Theologiae,
2588 1628 3009 1710 substernitur3
3032 1630 3197 1693 cuius
3215 1634 3350 1693 luce

430 1704 684 1766 naturali
723 1716 850 1766 tum
889 1705 1179 1785 principia
1216 1718 1561 1785 cernuntur,
1615 1717 1742 1767 tum
1781 1706 1960 1767 etiam
2000 1704 2414 1783 processiones
2452 1727 2525 1767 ex
2564 1708 2865 1787 principiis
2906 1724 3350 1789 consequuntur

437 1784 590 1846 iusto
632 1796 874 1848 naturae
914 1786 1142 1848 ordine.
1184 1787 1478 1865 Principia
1515 1790 1876 1865 appellamus
1891 1833 1909 1866 .,
1951 1802 2105 1863 quae
2142 1805 2252 1864 per
2290 1804 2355 1847 se
2394 1796 2537 1847 nota
2577 1798 2713 1849 sunt
2750 1798 2995 1851 naturae
3012 1793 3175 1871 luce,
3197 1811 3348 1870 quae

436 1864 776 1927 immediate
831 1877 976 1927 nota
1025 1877 1193 1947 sunt,
1249 1868 1304 1927 δι
1360 1885 1514 1945 quae
1565 1868 1816 1929 immota
1851 1866 1979 1926 siue
2029 1865 2452 1946 immutabilia,
2509 1878 2573 1928 vt
2631 1889 2703 1930 ex
2758 1868 2827 1931 iis
2884 1871 3124 1932 tandem
3185 1884 3347 1934 certa

441 1946 683 2007 scientia
720 1956 1134 2024 consequatur.
1193 1946 1304 2007 Ex‘
1324 1948 1416 2009 his
1453 1947 1756 2027 principiis
1797 1956 1995 2008 certos
2030 1964 2344 2024 processus
2358 1992 2377 2025 ,
2416 1957 2698 2025 tanquam
2739 1968 2813 2008 ex
2854 1950 3117 2013 fontibus
3159 1952 3351 2033 riuoS,

433 2025 673 2087 deducit
713 2026 1112 2108 ratiocinati03
1151 2027 1439 2106 principia
1476 2038 1721 2089 naturae
1759 2035 2068 2104 comparat
2105 2043 2244 2086 cum
2284 2042 2482 2087 rerum
2520 2028 2794 2108 veritate,
2847 2040 2949 2090 aut
2987 2051 3059 2092 ea
3095 2030 3247 2094 inter
3287 2055 3352 2096 se

433 2105 719 2187 disparat3
769 2124 974 2168 causas
1026 2126 1164 2169 cum
1204 2108 1427 2169 effectis
1464 2107 1678 2187 iungit,
1719 2118 1896 2185 atque
1933 2126 2010 2167 ex
2048 2106 2119 2166 iis
2157 2107 2493 2187 concludit3
2530 2126 2625 2168 res
2663 2127 3013 2171 communes
3056 2113 3111 2171 δε
3152 2113 3339 2191 singu-

431 2187 583 2247 lares
643 2186 1023 2269 determinat3
1085 2186 1340 2266 denique
1401 2188 1486 2248 sic
1526 2187 1728 2249 omnia
1765 2186 2030 2265 ordinat,
2070 2197 2136 2247 vt
2172 2185 2481 2247 scientiam
2518 2188 2876 2266 adipiscatur
2914 2208 3113 2252 earum
3154 2212 3349 2253 rerum

432 2266 697 2326 omnium
747 2285 896 2345 quas
933 2268 1082 2329 ratio
1121 2266 1378 2328 hominis
1417 2267 1766 2346 inuestigare
1808 2269 1864 2327 &
1902 2265 2189 2343 consequi
2229 2276 2445 2345 potest.
2499 2268 2617 2327 Sed
2657 2268 2797 2345 quia
2834 2282 3220 2349 perangustus
3262 2284 3351 2335 est

430 2346 673 2407 rationis
729 2349 1022 2409 humanae
1077 2348 1294 2409 modus
1308 2394 1326 2427 .,
1385 2359 1629 2425 propter
1678 2347 2045 2408 debilitatem
2088 2346 2419 2407 intellectus
2457 2346 2672 2420 nostri,
2712 2348 2816 2425 qui
2854 2351 2932 2410 ad
2972 2370 3065 2411 res
3104 2364 3349 2414 naturae

431 2426 927 2489 manifestissimas
986 2447 1110 2488 non
1160 2445 1330 2489 secus
1387 2447 1450 2488 se
1489 2430 1698 2508 habet,
1751 2431 1932 2507 quem
1972 2428 2181 2488 oculus
2218 2436 2473 2488 noctuae
2510 2428 2587 2487 ad
2627 2429 2827 2489 lumen
2865 2430 3033 2510 solis,
3072 2444 3138 2493 vt
3176 2454 3344 2512 prae-

429 2509 626 2569 clarus
667 2507 762 2568 ille
802 2508 1200 2586 Philosophus
1239 2507 1587 2572 Aristoteles
1625 2509 1686 2570 in
1722 2507 2136 2586 metaphysicis
2174 2510 2571 2588 agnoscebat3
2610 2507 2836 2569 idcirce
2876 2512 3131 2572 formam
3164 2513 3344 2574 totius

431 2586 604 2647 huius
661 2588 1017 2666 cognitionis
1068 2589 1262 2650 visum
1325 2599 1413 2649 est
1468 2589 1560 2650 his
1597 2589 1792 2650 verbis
1832 2587 2318 2649 circumscribere
2331 2633 2349 2666 ,
2389 2608 2503 2666 pro
2543 2591 2792 2648 rationis
2831 2591 3121 2652 humanae
3158 2597 3366 2655 modo..

425 2667 664 2728 Etenim
723 2688 798 2729 ex
855 2688 930 2730 eo
992 2668 1138 2730 illud
1196 2669 1530 2730 necessarie
1591 2668 1973 2747 conficimuS,
2032 2667 2083 2728 si
2141 2670 2400 2728 humana
2460 2667 2609 2729 ratio
2660 2667 2721 2728 in
2763 2670 2941 2730 rebus
2979 2690 3105 2732 non
3144 2674 3337 2733 solum

428 2747 730 2826 humaniS,
791 2751 997 2810 verum
1057 2748 1236 2810 etiam
1294 2750 1657 2811 naturalibus
1714 2749 1866 2810 adeo
1925 2749 2164 2808 infirma
2222 2758 2341 2828 est,
2402 2749 2592 2809 multo
2648 2749 2833 2828 magis
2872 2762 3153 2829 angustos
3192 2754 3339 2815 fines

430 2827 891 2889 ratiocinationis
931 2839 1168 2890 nostrae
1209 2828 1269 2888 in
1311 2831 1519 2909 rebus,
1561 2848 1714 2908 quae
1752 2831 1929 2906 supra
1968 2837 2241 2888 naturam
2281 2837 2449 2907 sunt,
2488 2830 2805 2906 ponendos
2838 2850 2995 2890 esse:
3017 2851 3094 2892 ne
3113 2835 3266 2893 forte
3284 2834 3345 2894 in

425 2909 602 2968 rebus
660 2919 783 2968 tam
841 2909 1037 2970 arduis
1051 2954 1069 2988 ,
1131 2926 1380 2987 quarum
1440 2909 1841 2970 occultatione
1897 2907 2088 2986 gloria
2149 2907 2263 2967 Dei
2318 2907 2535 2968 emicat
2575 2908 3031 2971 luculentissime
3070 2915 3158 2988 (vt
3198 2913 3341 2973 olim

430 2987 689 3048 docebat
728 2989 998 3068 Sapiens)
1037 2989 1318 3050 naturalis
1354 2990 1543 3050 homo
1582 2989 1695 3051 sibi
1735 2989 2041 3066 indulgere
2078 2988 2135 3046 δι
2176 2987 2457 3047 assentari
2475 2988 2707 3049 audeat.
2744 2993 2943 3067 Atque
2958 2992 3078 3052 hoc
3100 2991 3340 3070 quidem

429 3067 699 3128 vniuerse
755 3069 1014 3148 dictum,
1074 3089 1254 3130 nemo
1315 3073 1410 3130 vel
1450 3069 1738 3130 mediocri
1779 3067 2007 3129 ratione
2045 3067 2345 3146 praeditus
2384 3067 2753 3128 infitiabitur:
2797 3070 2937 3147 quia
2974 3074 3030 3131 &
3070 3073 3348 3134 notiones

427 3165 777 3209 communes
816 3153 853 3208 a
893 3159 1104 3210 natura
1141 3159 1572 3228 progeneratae
1609 3150 1673 3211 id
1710 3149 1966 3226 docent,
2001 3150 2056 3208 δι
2088 3146 2356 3208 omnium
2376 3150 2711 3209 seculorum
2732 3148 3107 3228 hominumq.
3128 3152 3348 3214 euincit

426 3227 808 3306 experientia.
867 3241 1274 3290 verumtamen
1333 3240 1399 3290 vt
1457 3229 1836 3292 commodius
1894 3247 2024 3288 rem
2084 3238 2221 3288 ante
2280 3230 2489 3290 oculos
2545 3246 2839 3306 ponamus
2890 3231 3157 3292 omnium
3176 3277 3195 3312 ,
3232 3234 3343 3294 tria

423 3309 598 3369 nobis
657 3307 717 3368 in
779 3309 1124 3386 quaestione
1162 3313 1274 3371 hac
1313 3310 1588 3372 videntur
1626 3309 1835 3372 ordine
1873 3306 2243 3386 explicanda.
2302 3308 2565 3368 Primum
2604 3309 2762 3369 enim
2802 3309 3128 3372 videndum
3166 3313 3342 3374 nobis

423 3398 542 3467 est,
583 3405 736 3466 quae
774 3391 830 3448 &
873 3387 1207 3452 cuiusmodi
1243 3391 1539 3471 principia
1574 3390 1675 3452 illa
1714 3390 1829 3451 sint
1868 3406 2021 3467 quae
2060 3387 2237 3449 nobis
2275 3391 2313 3447 ὲ,
2351 3398 2559 3448 natura
2592 3391 2869 3451 haerent:
2908 3392 3144 3454 Deinde
3164 3399 3309 3454 vere
3329 3441 3346 3473 ,

422 3486 718 3545 quaenam
775 3469 849 3529 sit
907 3481 1148 3531 naturae
1207 3470 1378 3532 huius
1435 3471 1586 3533 ratio
1602 3517 1619 3552 ,
1680 3471 1740 3530 in
1793 3487 1912 3549 qua
1926 3513 1943 3548 ‚
1986 3479 2269 3546 tanquam
2306 3467 2368 3528 in
2406 3468 2674 3529 subiecto
2724 3488 2834 3532 suo
2849 3517 2867 3547 ,
2906 3471 3197 3552 principia
3232 3472 3344 3535 ista

423 3547 764 3626 ingenerata
805 3560 967 3610 sunt:
1007 3555 1310 3629 postremo
1351 3562 1548 3613 autem
1562 3597 1580 3631 ,
1620 3552 1785 3628 quod
1825 3567 1978 3629 opus
2017 3549 2073 3607 δι
2114 3565 2265 3624 quae
2308 3549 2519 3608 effecta
2557 3559 2803 3611 naturae
2844 3550 2995 3611 illius
3027 3552 3342 3631 principio-

425 3645 675 3706 rumque
735 3628 884 3708 sint,
941 3640 1043 3690 aut
1097 3651 1224 3692 esse
1264 3637 1566 3709 praeterea
1604 3630 1865 3710 possint,
1910 3631 2047 3689 cum
2088 3628 2148 3688 in
2192 3645 2387 3688 rerum
2430 3629 2823 3691 humanarum
2866 3632 2922 3691 &
2961 3633 3345 3712 naturalium,

421 3710 548 3768 tum
571 3709 630 3769 in
652 3707 988 3769 diuinarum
1009 3710 1461 3788 inuestigatione
1481 3715 1537 3771 δι
1559 3708 2119 3789 comprehensione,
2143 3710 2435 3769 humanae
2455 3708 2700 3771 rationis
2721 3721 2959 3771 nostrae
2980 3711 3346 3774 adiument0.

503 3788 936 3866 Principiorum
988 3789 1164 3868 igitur
1201 3810 1355 3867 quae
1393 3791 1453 3852 in
1493 3792 1671 3852 nobis
1714 3801 1878 3870 sunt,
1920 3787 2410 3849 commoditatem
2455 3788 2545 3880 ¹¹³?
2585 3790 2788 3868 paucis
2827 3790 3023 3851 verbis
3062 3792 3344 3853 describi-

425 3885 556 3928 mus
570 3915 588 3945 ,
637 3871 700 3927 T
690 3871 812 3930 hes.
853 3887 978 3929 xvl.
1018 3872 1227 3930 Huius
1273 3873 1626 3948 Theologiae
1663 3872 1960 3931 naturalis
2000 3871 2283 3928 intellecta
2318 3871 2573 3928 humano
2612 3873 2769 3930 notio
2796 3879 3072 3932 versatur
3090 3875 3152 3932 in
3174 3874 3345 3933 rebus

423 3950 812 4009 communibus
827 3995 845 4028 ,
887 3951 964 4008 ὃν
1001 3953 1249 4010 obscura
1263 3996 1281 4028 ,
1324 3953 1400 4010 ὅτ’
1439 3953 1776 4030 imperfecta
1817 3958 1933 4010 est:
1968 3951 2204 4026 ideoque
2230 3967 2449 4007 neccsse
2468 3951 2641 4009 habet
2658 3953 2697 4008 ὰ
2716 3955 3163 4027 supernaturali
3176 3973 3342 4012 setam

407 4028 826 4105 perfectionem
868 4033 1174 4107 suscipere.
1255 4030 1384 4091 Etsi
1435 4042 1630 4092 autem
1683 4051 1795 4110 pro
1844 4029 2077 4090 ratione
2128 4027 2491 4105 argumenti,
2530 4031 2695 4106 quod
2734 4029 3083 4092 instituimus
3125 4031 3185 4091 in
3226 4034 3345 4092 hoc

421 4109 561 4168 loco
595 4109 1042 4190 explicandum,
1073 4111 1315 4187 proprie
1347 4110 1574 4190 agimus
1607 4112 1683 4172 de
1717 4110 1960 4172 rationis
1995 4117 2233 4169 nostrae
2266 4108 2345 4167 ad
2376 4127 2469 4168 res
2498 4107 2729 4170 diuinas
2749 4111 3073 4172 secundum
3096 4124 3341 4174 naturae

418 4187 542 4248 vim
582 4187 985 4250 ordinatione:
1025 4201 1224 4250 tamen
1259 4210 1331 4251 ea
1350 4210 1503 4268 quae
1523 4194 1590 4268 (f.
1620 4195 1813 4270 1392.)
1833 4190 1932 4250 hic
1951 4189 2028 4248 de
2049 4185 2351 4267 principiis
2370 4197 2613 4250 naturae
2632 4200 2871 4250 nostrae
2890 4191 3333 4268 praedicantur,

423 4269 822 4330 communiter
863 4271 1042 4330 etiam
1070 4271 1522 4348 quodammodo
1543 4275 1620 4332 ad
1640 4293 1731 4334 res
1751 4289 1958 4330 omnes
1976 4270 2284 4345 humanaS,
2303 4269 2645 4344 praesertim
2667 4276 2810 4331 vero
2834 4273 3086 4332 morales
3102 4293 3339 4332 accom-

432 4349 666 4410 modari
706 4362 984 4428 possunt:
1019 4362 1083 4412 vt
1122 4352 1236 4412 hac
1275 4352 1372 4412 via
1402 4352 1804 4431 cognitionem
1843 4360 2085 4410 naturae
2125 4357 2395 4428 nostrae,
2434 4359 2719 4425 quantum
2744 4353 2984 4428 quidem
3012 4354 3088 4413 ad
3118 4356 3239 4414 hoc
3256 4373 3346 4412 ar-

1783 4451 1819 4508 9
2998 4452 3074 4511 gu
3082 4445 3343 4493 mentum
