3923 4875
1370 348 1475 390 nr:
1535 347 1759 390 vana
1820 346 2350 394 rnaoLoGIA.
3234 356 3305 412 91

1034 423 1045 454 Ι

400 503 467 565 in
524 504 727 567 electis
777 514 1053 584 possunt:
1102 524 1241 568 cum
1286 525 1431 568 vero
1472 525 1565 568 res
1600 505 1763 586 illae,
1805 524 1951 585 quas
1993 509 2203 569 oculus
2243 509 2532 568 humanus
2575 528 2698 570 non
2739 509 2922 588 capit,
2963 509 3311 588 spiritualeis

400 587 625 647 fructus
685 603 825 648 suos
878 585 1173 648 radicatae
1224 585 1379 648 intus
1432 606 1538 678 per
1574 586 1693 648 Dei
1730 587 1979 666 gratiam
2019 587 2295 649 emittunt
2332 590 2489 649 foras
2504 633 2523 667 ,
2561 592 2618 648 δι
2657 589 2824 665 quasi
2863 591 3020 650 faces
3061 608 3312 668 operum

400 667 807 744 praelucentes
864 665 1173 746 exhibent3
1233 676 1297 727 vt
1348 683 1453 743 qm
1496 685 1595 727 ωε
1646 666 1879 744 vident,
1920 670 2152 728 Patrem
2191 677 2460 728 nostrum
2501 667 2603 745 qui
2641 667 2702 728 in
2741 668 2923 729 coelis
2963 679 3052 729 est
3093 671 3309 760 glorifi-

402 757 575 824 cent3
613 747 839 806 Matth.
878 761 935 824 5.
981 748 1073 807 16.
1116 755 1243 806 tum
1282 747 1553 824 profecto
1593 746 2019 824 amplissimum
2060 757 2151 808 est
2187 746 2338 808 illius
2367 747 2729 840 Theologiae
2761 746 2822 808 in
2840 748 3044 809 electis
3063 749 3311 811 viuentis

398 834 581 902 atque
631 825 857 903 agentis
910 824 1311 886 efficacissime
1365 827 1807 887 documentum.
1868 829 2024 886 Nam
2083 837 2211 887 tum
2249 827 2334 887 illi
2377 827 2490 904 ipsi
2529 847 2632 904 qui
2671 827 3038 906 Theologiae
3077 829 3309 906 partici-

400 903 705 983 pationem
764 904 963 983 adepti
1022 915 1159 966 sunt
1172 949 1189 980 ,
1246 904 1470 980 conscij
1528 917 1665 966 sunt
1722 922 1859 966 cum
1916 905 2127 966 animis
2179 906 2298 967 suis
2348 925 2636 968 accensae
2683 906 2840 968 intus
2879 907 3053 1000 lucis,
3092 908 3308 970 virtute

403 983 671 1062 spiritus,
722 995 849 1046 tum
888 984 1077 1046 libero
1116 994 1439 1063 apertoque
1477 1001 1585 1045 vsu
1625 990 1681 1047 δι
1720 985 2012 1064 obsequio
2051 985 2316 1047 eiusdem
2355 987 2500 1047 lucis
2540 986 3156 1065 circumspectantium
3197 990 3306 1048 fra·

401 1075 561 1124 trum
600 1064 857 1125 excitant
888 1075 1066 1142 atque
1102 1063 1392 1126 illustrant
1427 1085 1465 1124 c
1576 1065 1847 1126 cientias:
1890 1077 1954 1127 vt
1993 1065 2108 1127 Dei
2128 1083 2278 1145 opus
2297 1068 2358 1126 in
2379 1065 2462 1126 eis
2476 1110 2494 1144 ,
2517 1067 2924 1127 efficacitatem
2944 1067 3310 1146 Theologiae

404 1143 467 1203 in
516 1163 725 1223 opere,
758 1145 1075 1221 Deumque
1113 1143 1308 1222 ipsum
1348 1142 1409 1204 in
1450 1164 1483 1204 e
1511 1144 1795 1206 ficacitate
1834 1145 1988 1206 illius
2026 1150 2515 1225 contemplentur.
2569 1148 2676 1207 Est
2717 1146 2876 1206 enim
2915 1145 3308 1208 certissimum

401 1223 521 1284 Dei
561 1227 713 1301 opus
728 1269 745 1300 ,
784 1226 1081 1302 longeque
1120 1242 1371 1302 operum
1411 1224 1677 1284 omnium
1716 1242 1868 1303 quae
1906 1225 2006 1286 hic
2045 1227 2324 1303 praestari
2362 1236 2610 1304 possunt
2647 1225 3101 1304 amplissimum:
3143 1229 3310 1305 quod

402 1302 773 1382 Theologiae
829 1303 1001 1364 huius
1062 1302 1600 1365 communicatione
1653 1304 1819 1366 caeci
1868 1305 2100 1383 vident,
2152 1305 2314 1367 surdi
2351 1305 2625 1384 audiunt,
2665 1306 2938 1382 adeoque
2977 1306 3195 1367 mortui
3235 1309 3312 1366 ad

402 1401 619 1444 vocem
672 1384 771 1460 filij
812 1383 927 1445 Dei
964 1383 1323 1445 reuiuiscunt
1338 1429 1356 1462 ,
1396 1401 1712 1463 veramque
1748 1384 1930 1446 vitam
1971 1405 2042 1446 ac
2085 1395 2387 1446 aeternam
2427 1383 2488 1445 in
2528 1385 2948 1446 communione
2995 1386 3120 1447 eius
3159 1406 3309 1448 asse-

405 1473 685 1540 quuntur.
742 1465 913 1522 Ioan.
971 1479 1028 1540 5.
1075 1479 1166 1542 15.
1228 1465 1338 1524 Est
1382 1461 1443 1523 in
1482 1463 1597 1524 isto
1631 1483 1811 1542 opere
1854 1465 2432 1544 magnificentissima
2471 1475 2881 1526 sacrosanctae
2921 1463 3074 1525 illius
3113 1467 3310 1527 Theo·

398 1541 597 1620 logiae
656 1542 1008 1621 efficacitas,
1066 1543 1233 1620 quod
1290 1563 1363 1604 ex
1420 1543 1710 1605 cadauere
1748 1545 1955 1607 vitales
2007 1545 2380 1622 operationes
2393 1590 2410 1621 ,
2451 1555 2734 1621 tanquam
2774 1564 2847 1605 ex
2886 1555 3100 1606 trunco
3139 1545 3310 1606 inter·

404 1633 645 1683 mortuo
700 1626 757 1682 δι
814 1621 940 1702 igni
988 1622 1284 1684 destinato
1335 1626 1498 1698 (nam
1546 1625 1731 1686 homo
1772 1623 2052 1684 naturalis
2090 1627 2186 1684 vel
2227 1625 2480 1701 ψυχικὸς
2518 1623 2600 1684 ita
2641 1628 2751 1700 est)
2790 1623 3120 1686 vberrimos
3158 1625 3313 1686 vitae

399 1700 555 1762 illius
606 1703 829 1764 fructus
882 1701 943 1762 in
982 1704 1157 1763 tantis
1194 1701 1753 1781 impedimentorum
1794 1703 2085 1780 molibus,
2125 1723 2272 1781 quas
2314 1703 2520 1765 obiicit
2559 1724 2728 1782 caro,
2768 1715 3104 1783 peccatum,
3147 1721 3312 1764 mnn-

398 1782 511 1842 dus
526 1827 543 1860 ,
583 1786 637 1842 &
694 1783 971 1862 Satanas,
1012 1791 1292 1860 tantaque
1334 1781 1696 1862 infirmitate,
1736 1783 2034 1863 protrudit
2071 1781 2420 1862 Theologia.
2483 1786 2586 1844 Est
2625 1783 2883 1862 denique
2924 1783 3314 1846 manifestissi-

398 1880 567 1922 mum
608 1861 723 1932 Dei
760 1861 1083 1940 praesentis
1122 1866 1177 1923 &
1216 1860 1537 1940 assistentis
1576 1875 2021 1942 argumentum,
2062 1865 2228 1940 quod
2268 1863 2378 1923 ista
2419 1863 2623 1925 omnia
2661 1863 2722 1924 in
2761 1863 2880 1926 suis
2920 1864 3148 1942 perficit
3186 1863 3312 1943 Spi-

398 1940 547 2001 ritus
584 1940 675 2002 sui
714 1941 1291 2020 communicatione,
1330 1941 1631 2020 donatque
1671 1942 1803 2021 pios
1840 1945 1955 2004 hac
1993 1943 2210 2022 gratia,
2253 1953 2319 2002 vt
2357 1961 2496 2003 cum
2534 1943 2746 2005 timore
2781 1948 2836 2005 &
2869 1956 3124 2005 tremore
3145 1961 3312 2004 suam

398 2020 668 2098 ipsorum
708 2023 953 2082 salutem
992 2020 1329 2083 conficiant.
1383 2023 1605 2100 Philip.
1648 2045 1703 2084 2.
1752 2043 1841 2083 12.
1902 2025 2066 2083 Deus
2106 2021 2263 2084 enim
2305 2022 2354 2082 is
2394 2033 2511 2101 est,
2561 2023 2663 2101 qui
2717 2023 2778 2083 in
2815 2022 2992 2084 nobis
3032 2023 3211 2084 efficit
3250 2034 3314 2085 vt

400 2105 456 2160 δι
498 2099 745 2182 velimus
785 2103 841 2162 δι
882 2100 1203 2162 efficiamus
1243 2121 1353 2178 pro
1394 2101 1645 2179 gratuita
1682 2103 2102 2163 beneuolentia
2141 2119 2274 2162 sua:
2317 2119 2434 2179 qua
2466 2101 2717 2180 gloriam
2753 2120 2920 2163 suam
2937 2103 3090 2163 adeo
3111 2113 3320 2181 poten-

400 2191 491 2240 ter
530 2180 809 2240 omnibus
846 2191 1119 2242 testatam
1159 2179 1332 2261 facit,
1374 2192 1437 2243 vt
1474 2183 1779 2261 multiplex
1818 2181 1972 2243 illius
2011 2180 2294 2260 sapientia
2333 2180 2674 2242 iustificetur
2713 2186 2751 2242 a
2789 2181 2920 2243 filiis
2961 2182 3108 2260 suiS,
3149 2183 3316 2260 quod

400 2258 639 2320 dicebat
701 2259 969 2322 Christus
983 2307 1001 2339 ,
1061 2263 1285 2320 Matth.
1334 2279 1397 2324 11.
1442 2281 1533 2338 19.
1594 2265 1685 2322 Ita
1724 2260 1883 2322 enim
1920 2263 2057 2323 Deo
2117 2264 2172 2321 δι
2233 2261 2390 2322 Patri
2448 2261 2671 2339 placuit
2730 2260 3120 2341 euangelizari
3163 2262 3317 2322 inter

399 2338 671 2400 homines
728 2337 1292 2419 imperuestigabiles
1354 2342 1481 2402 illas
1541 2359 1689 2418 opes
1741 2340 1960 2402 Christi
2003 2357 2158 2419 quae
2196 2341 2350 2402 illius
2389 2340 2758 2418 Theologiae
2797 2359 2954 2420 penu
2995 2351 3316 2402 contentae

400 2429 537 2480 sunt
550 2465 569 2497 ,
622 2419 679 2479 δι
725 2418 787 2479 in
826 2420 1023 2481 lucem
1074 2421 1337 2498 proferre
1378 2419 1653 2483 omnibus
1701 2437 1853 2499 quae
1894 2421 1968 2483 sit
2007 2420 2352 2483 communio
2395 2419 2650 2498 mysterij
2693 2421 2860 2499 quod
2897 2431 3023 2482 erat
3061 2422 3317 2483 abscon-

400 2498 591 2559 ditum
627 2502 664 2559 a
703 2499 915 2561 seculis
951 2500 1013 2560 in
1054 2501 1223 2579 Deo,
1270 2500 1373 2579 qui
1414 2499 1615 2563 omnia
1651 2501 1803 2562 haec
1850 2501 2122 2563 condidit
2169 2521 2277 2580 per
2321 2503 2516 2563 Iesum
2556 2500 2886 2561 Christum:
2929 2510 2994 2561 vt
3031 2512 3174 2562 nota
3215 2504 3318 2561 fiat

398 2598 509 2657 per
566 2578 897 2640 Ecclesiam
949 2578 1210 2657 imperiis
1263 2591 1441 2658 atque
1493 2580 1882 2659 potestatibus
1921 2600 2074 2659 quae
2115 2591 2251 2643 sunt
2289 2580 2350 2641 in
2392 2581 2576 2641 coelis
2591 2626 2608 2658 ,
2649 2580 3024 2642 multiformis
3061 2579 3162 2639 illa
3201 2581 3317 2641 Dei

402 2657 730 2736 Sapientia..
782 2660 1109 2720 secundum
1155 2660 1529 2739 propositum
1582 2671 1887 2722 aeternum
1938 2662 2104 2737 quod
2144 2660 2445 2722 constituit
2484 2659 2544 2721 in
2598 2660 2834 2721 Christo
2875 2662 3010 2721 Iesu
3054 2659 3318 2721 Domino

400 2749 636 2817 nostro,
682 2741 739 2799 δι
780 2741 1075 2817 Apostolo
1116 2739 1507 2801 confessionis
1548 2752 1811 2819 nostrae,
1850 2758 2032 2817 quam
2069 2741 2146 2801 de
2186 2739 2549 2819 plenitudine
2591 2739 2960 2817 Theologiae
2991 2738 3144 2799 illius
3180 2742 3320 2800 hau-

400 2818 583 2879 simus
636 2820 716 2878 ad
766 2817 1014 2897 gloriam
1076 2818 1211 2880 Dei.
1251 2822 1471 2897 Ephes.
1513 2840 1573 2897 3.
1615 2841 1671 2898 9.
1722 2840 1811 2879 10.
1863 2839 1955 2879 11.
2018 2820 2293 2898 Sequitur
2347 2820 2463 2880 iam
2505 2819 2640 2881 finis
2681 2822 2858 2911 altpt,
2901 2836 3079 2897 quem
3119 2835 3320 2879 secun·

400 2896 632 2959 darium
692 2900 747 2958 &
810 2897 1263 2961 subordinatum
1316 2898 1760 2979 appellauimus.
1818 2902 2005 2960 Hunc
2068 2904 2211 2961 vero
2276 2899 2535 2961 breuiter
2601 2899 3030 2977 destringemus
3081 2908 3322 2977 propter

398 2976 743 3039 facilitatem
784 2979 1137 3055 argumenti.

490 3059 659 3117 Thes.
716 3074 939 3120 xxxm.
997 3059 1390 3119 Secundarius
1434 3059 1589 3136 finis
1650 3060 1996 3136 Theologiae
2032 3068 2273 3119 nostrae
2309 3061 2406 3121 vel
2438 3059 2854 3118 subordinatus
2893 3065 2980 3117 est
3015 3059 3316 3117 electorum

400 3139 607 3197 bonum
648 3145 937 3213 praesens
950 3182 968 3216 ,
1017 3141 1094 3199 ὁ·
1119 3138 1402 3215 futurum
1416 3158 1439 3198 .·
1490 3158 1626 3198 nam
1678 3140 1890 3198 horum
1912 3140 2130 3217 pietati
2150 3142 2360 3217 factae
2397 3147 2536 3198 sunt
2568 3139 2991 3217 promissiones
3027 3138 3201 3196 huius
3244 3138 3320 3196 ἃ*

404 3225 682 3279 venturae
738 3221 925 3279 vitae:
982 3219 1124 3277 haec
1179 3226 1367 3277 autem
1417 3219 1733 3294 Theologia
1773 3226 1861 3278 est
1883 3220 2128 3297 pietatis
2169 3238 2344 3279 verae
2382 3220 2684 3294 sapientia.
2725 3218 3045 3294 Postquam
3086 3216 3162 3277 de
3203 3217 3320 3275 fine

405 3295 611 3357 vltimo
669 3298 767 3358 vel
824 3314 1060 3357 summo
1120 3296 1401 3376 diximus,
1464 3298 1567 3374 qui
1616 3296 2024 3358 conditionem
2067 3316 2263 3358 rerum
2302 3307 2634 3358 creatarum
2675 3295 2943 3356 omnium
2983 3305 3324 3373 exsuperat,

402 3373 786 3453 eternumqu'e
845 3388 1221 3455 superaturus
1280 3388 1395 3437 est:
1449 3395 1608 3437 nunc
1646 3377 1889 3437 demum
1927 3376 2198 3438 venimus
2237 3377 2317 3438 ad
2357 3378 2538 3437 finem
2579 3375 2970 3437 coniunctum
2985 3421 3004 3454 ,
3043 3386 3220 3453 atque
3264 3374 3325 3434 in

402 3454 576 3517 nobis
632 3454 1033 3517 indesinenter
1090 3454 1486 3517 constiturum
1536 3455 1795 3517 maximo
1834 3459 2002 3518 bono
2043 3467 2270 3517 nostro.
2334 3456 2863 3532 Quemadmodum
2902 3454 3079 3533 igitur
3117 3464 3327 3513 natura
3405 3518 3409 3522 ,

404 3534 638 3612 proprie
701 3537 757 3595 δε
796 3554 903 3613 per
944 3554 1007 3595 se
1021 3581 1038 3614 ,
1080 3538 1243 3597 bona
1280 3554 1513 3614 semper
1550 3536 1801 3615 appetit,
1840 3536 2176 3598 communis
2215 3534 2640 3613 communiter,
2683 3537 2738 3594 δε
2781 3534 3088 3613 singularis
3129 3532 3324 3610 singu-

405 3614 611 3674 ariter:
676 3614 955 3675 naturalis
1013 3626 1212 3677 autem
1254 3615 1407 3677 ordo
1450 3614 1615 3676 istius
1654 3616 2028 3693 appetentiae
2068 3616 2150 3677 ita
2190 3626 2278 3677 est
2318 3626 2699 3693 comparatus
2738 3626 2802 3674 vt
2841 3613 3055 3691 singuli
3094 3614 3327 3673 bonum

404 3710 575 3753 suum
615 3694 775 3755 velut
810 3694 1181 3772 proximum,
1220 3697 1276 3755 δι
1315 3697 1544 3757 bonum
1587 3713 1905 3756 commune
1944 3698 2108 3756 velut
2149 3713 2446 3756 summum
2485 3695 2571 3772 (in
2611 3713 2733 3772 quo
2766 3692 3133 3772 singulorum
3159 3710 3320 3751 com·

403 3790 579 3834 mune
621 3774 851 3836 bonum
891 3774 1181 3851 consistit)
1222 3785 1531 3853 appetant:
1572 3775 1652 3837 ita
1694 3774 1873 3835 etiam
1913 3776 2076 3837 Deus
2109 3774 2172 3836 in
2205 3776 2435 3836 ratione
2465 3774 2728 3835 salutaris
2761 3771 2987 3852 gratiae
3007 3788 3348 3861 commune·

401 3854 663 3927 bonum,
702 3864 880 3932 atque
918 3853 1212 3933 singulare
1250 3854 1312 3915 in
1350 3858 1516 3916 bono
1558 3854 1867 3916 communi
1905 3854 2264 3935 consistenS,
2303 3857 2436 3915 luce
2476 3852 2844 3931 Theologiae
2875 3852 3326 3913 demonstrauit.

402 3933 739 3993 Commune
779 3944 897 4014 est,
937 3934 1050 3995 Dei
1088 3934 1305 4013 gloria:
1349 3934 1411 3995 in
1442 3936 1561 3995 hoc
1582 3939 1723 3996 vero
1744 3936 2050 3996 communi
2069 3934 2328 4013 positum
2349 3945 2439 3995 est
2457 3933 2752 4011 singulare
2772 3942 3074 4009 nostrum,
3110 3950 3327 4009 nempe

398 4014 561 4090 quod
598 4012 972 4092 glorificandi
1012 4032 1213 4075 sumus
1252 4015 1311 4075 in
1352 4014 1467 4075 Dei
1507 4015 1728 4093 gloria,
1771 4018 1825 4074 &
1867 4034 2048 4076 omne
2089 4017 2316 4075 bonum
2355 4018 2392 4073 a
2433 4012 2622 4091 gloria
2673 4012 2852 4091 ipsius
2889 4014 2944 4071 &
2976 4011 3054 4070 ad
3075 4010 3326 4087 gloriam

399 4092 583 4171 ipsius
642 4094 993 4171 percepturi.
1055 4095 1436 4172 Quapropter
1494 4105 1558 4155 vt
1596 4095 1711 4155 Dei
1751 4093 1942 4173 gloria
1981 4095 2039 4155 in
2083 4096 2200 4155 hoc
2244 4096 2445 4155 seculo
2485 4096 2542 4152 δι
2581 4094 2778 4151 futuro
2806 4100 3164 4153 constanter
3201 4110 3330 4168 per-

402 4181 630 4250 manet,
670 4185 875 4250 estque
915 4176 1049 4235 fons
1089 4174 1385 4251 peremnis
1426 4173 1573 4235 boni
1605 4175 1684 4235 ad
1704 4194 1798 4235 res
1820 4184 2044 4235 creatas
2067 4193 2276 4235 omnes
2298 4171 2666 4251 pertinentis:
2703 4171 2783 4231 ita
2805 4170 2980 4231 etiam
3003 4181 3330 4231 statuamus

403 4262 641 4330 oportet
700 4270 839 4313 cum
896 4252 1109 4314 animis
1170 4254 1421 4331 nostris,
1482 4255 1617 4329 su(f.
1666 4254 2250 4331 1415.)pernaturalis
2309 4252 2460 4313 illius
2517 4270 2728 4313 causae
2783 4270 3016 4329 semper
3070 4249 3328 4329 agentis,

401 4330 771 4412 liberrimae,
812 4336 867 4394 δι
907 4352 1033 4394 non
1072 4332 1391 4411 impeditae
1431 4350 1725 4413 vnquam,
1770 4337 2050 4395 effectum
2087 4352 2324 4411 semper
2362 4331 2636 4411 existere,
2677 4351 2790 4391 nec
2833 4348 3122 4408 vnquam,
3167 4332 3327 4468 ἱῗΙςῑο

3163 4430 3194 4466 ν
3243 4426 3331 4467 ms

1386 4573 1455 4621 X
