3923 4875
628 313 705 369 92
1562 306 1667 350 ΠΕ
1725 307 1953 350 VERA
2013 305 2547 350 THEOLOGIA.

624 468 797 530 vllius
834 466 1335 530 intermoriturum
1374 487 1521 529 esse.
1567 467 1996 530 concludimus
2033 487 2177 546 ergo
2216 487 2341 530 non
2385 477 2560 546 posse
2599 465 2837 528 interire
2874 482 3135 544 vnquam
3173 483 3372 530 rerum
3410 489 3533 531 cre-

628 559 857 611 atarum
895 551 1153 627 bonum,
1193 567 1341 625 quas
1379 551 1543 610 Deus
1578 548 1787 610 vnicus
1826 548 2028 609 salutis
2065 559 2276 610 auctor
2313 549 2392 608 ad
2429 545 2942 626 participationem
2980 549 3204 626 gloriae
3242 567 3384 610 suae
3409 552 3532 610 effi·

626 629 843 690 caciter
900 628 1219 690 vocauerit.
1278 629 1549 706 Cumque
1598 631 1712 690 hae
1762 638 2068 689 creaturae
2119 647 2244 690 non
2284 627 2522 690 aliunde
2563 627 2680 688 sint
2718 632 2898 704 quam
2937 629 3015 688 ab
3055 628 3344 689 electione
3385 629 3532 711 Dei3

626 711 689 769 δέ
741 709 1049 788 proposito
1103 709 1325 786 gratiae
1385 709 1695 770 distinctae
1754 711 2078 770 electorum
2137 711 2396 788 bonum,
2455 707 2579 768 siue
2641 709 3007 785 Angelorum
3047 707 3110 768 in
3149 707 3363 786 coelis,
3409 708 3534 771 siue

624 790 935 850 hominum
995 789 1055 849 in
1106 788 1276 850 terris
1327 790 1488 864 (cum
1527 790 1980 850 fundamentum
2023 807 2194 849 suum
2233 788 2294 848 in
2332 787 2522 866 gloria
2559 786 2676 847 Dei
2713 787 2930 849 habeat
2943 832 2962 864 ‚
3001 793 3190 864 eaque
3225 787 3532 864 innitatur)

626 881 931 931 aeternum
971 870 1028 930 &
1066 867 1402 930 immortale
1444 887 1572 930 esse
1610 869 1933 930 statuimus.
1976 867 2076 929 Sic
2113 869 2194 929 ad
2233 870 2462 929 bonurn
2503 885 2850 944 commune,
2891 866 2966 927 id
2991 877 3105 947 est,
3143 867 3257 929 Dei
3281 869 3532 947 gloriam

624 951 1051 1011 contendentes
1066 993 1085 1026 ,
1125 949 1203 1009 ad
1243 951 1469 1010 bonum
1509 948 1801 1042 singulare
1815 993 1833 1026 ,
1874 948 1937 1008 id
1977 957 2065 1008 est
2079 993 2096 1026 ,
2133 950 2382 1008 salutem
2420 958 2686 1008 nostram
2730 946 3100 1008 deducimur.
3143 949 3264 1008 Cur
3293 945 3530 1010 autem?

622 1033 679 1092 δι
717 1026 1065 1108 quomodo?
1102 1033 1318 1108 nempe
1358 1029 1845 1107 promissionibus
1884 1027 2134 1107 gratiae,
2172 1031 2229 1089 δι
2267 1026 2633 1112 Τὴεοψςίαε
2665 1025 3043 1088 reuelatione.
3080 1029 3152 1087 In
3172 1045 3352 1089 causa
3371 1028 3530 1089 enim

516 1163 521 1168 .
624 1120 713 1172 est
751 1113 877 1170 sola
915 1109 1031 1170 Dei
1069 1110 1283 1188 gratia,
1328 1108 1865 1187 promissionesque
1894 1107 2144 1186 gratiae,
2177 1125 2282 1168 cur
2299 1108 2379 1167 ad
2397 1109 2516 1167 hoc
2537 1117 2848 1184 Vtrumque
2868 1109 3098 1168 bonum
3119 1108 3530 1186 perduoemur.

624 1190 877 1250 Modum
937 1198 1081 1253 vero
1143 1191 1353 1250 eadem
1412 1189 1597 1267 gratia
1657 1188 1933 1249 omnibus
1979 1187 2243 1267 exhibet,
2281 1187 2596 1248 nobiscum
2636 1186 3029 1265 Theologiam
3069 1187 3533 1250 communicans.

624 1271 879 1330 Causam
922 1275 1101 1350 porro
1143 1286 1327 1346 quum
1364 1270 1687 1346 Apostolus
1726 1269 1986 1346 afferret,
2025 1267 2232 1328 dicens
2277 1287 2329 1328 2.
2379 1269 2586 1328 Timet.
2630 1286 2685 1340 4.
2725 1271 2782 1328 8.
2813 1267 2998 1326 factas
3027 1285 3154 1327 esse
3174 1266 3378 1345 pietati
3397 1288 3530 1348 pro-

625 1349 930 1411 missiones
988 1350 1160 1412 huius
1200 1351 1254 1408 δι
1294 1358 1573 1409 venturae
1612 1348 1796 1426 vitae,
1846 1348 1970 1408 duo
2009 1349 2220 1408 effecta
2259 1367 2332 1408 ex
2370 1345 2581 1408 diuinis
2623 1345 2734 1409 illis
2773 1345 3262 1424 promissionibus
3299 1348 3531 1426 praedi-

625 1431 798 1490 cabat
855 1431 1214 1510 obuentura3
1277 1443 1533 1504 quorum
1570 1445 1753 1488 vnum
1794 1437 1910 1505 est,
1957 1427 2122 1504 quod
2158 1429 2324 1488 Deus
2361 1426 2488 1504 ipse
2527 1446 2640 1488 nos
2677 1426 2956 1487 informat
2993 1425 3246 1505 gratiose
3285 1427 3348 1487 in
3387 1447 3531 1489 con·

625 1509 849 1570 ditione
909 1511 1061 1572 iusta
1098 1527 1251 1588 quae
1288 1509 1573 1568 haeredes
1610 1505 1789 1599 ipsius
1830 1507 2034 1568 decet:
2077 1509 2348 1568 Alterum
2361 1553 2378 1588 ,
2420 1509 2585 1585 qued
2625 1505 2888 1585 disponit
2923 1509 3087 1568 bona
3125 1507 3532 1569 haereditaria.

626 1591 786 1649 Iusta
825 1590 1092 1651 conditio
1132 1587 1454 1650 haeredum
1494 1597 1583 1647 est
1620 1606 1683 1647 m
1722 1606 1865 1648 vera
1897 1586 2113 1665 pietate
2152 1586 2371 1665 posita,
2410 1603 2590 1664 quam
2629 1585 2908 1666 pietatem
2937 1585 3368 1648 circumscribit
3385 1590 3538 1648 Cha·

625 1669 761 1729 ritas
823 1688 896 1729 ex
941 1687 1090 1747 puro
1133 1667 1315 1729 corde
1355 1668 1411 1727 δι
1453 1666 1817 1728 conscientia
1856 1669 2020 1729 bona
2057 1669 2114 1726 δι
2152 1667 2270 1728 fide
2307 1685 2431 1728 non
2469 1669 2626 1727 ficta.
2674 1686 2725 1728 1.
2778 1668 2924 1726 Tim.
2972 1687 3022 1727 1.
3064 1682 3120 1743 5.
3181 1669 3353 1727 Bona
3393 1673 3537 1730 vero

624 1747 1013 1810 haereditaria
1058 1750 1119 1809 in
1158 1747 1275 1808 vita
1314 1744 1554 1822 quidem
1597 1745 1697 1807 illa
1733 1757 1984 1807 ventura
2021 1756 2186 1808 sunt:
2229 1745 2336 1808 sed
2371 1757 2571 1808 tamen
2606 1746 2725 1807 iam
2765 1745 2826 1806 in
2865 1747 2978 1808 hac
2998 1745 3126 1826 ipsa
3143 1745 3263 1808 vita
3283 1767 3358 1808 ex
3377 1749 3538 1809 facto

626 1826 1165 1901 communicantur,
1228 1825 1748 1904 percipiunturque
1790 1846 1897 1906 per
1933 1827 2114 1886 fidem
2129 1871 2146 1906 ,
2187 1827 2384 1888 donec
2427 1826 2864 1905 possessionem
2905 1828 3142 1905 plenam
3181 1825 3242 1886 in
3283 1827 3403 1888 vita
3441 1827 3540 1888 illa

625 1910 819 1968 futura
880 1923 1273 1987 assequamur.
1335 1906 1657 1984 Vtriusque
1718 1909 1879 1968 Deus
1930 1907 2175 1968 effector
2211 1918 2331 1985 est3
2373 1909 2430 1967 δι.
2469 1905 2700 1985 pietatis
2739 1905 2801 1967 in
2843 1905 3017 1967 nobis
3056 1906 3444 1987 haeredibus3
3483 1909 3540 1966 &

628 1987 1005 2049 haereditatis
1042 1986 1105 2048 in
1142 1985 1323 2048 coelis
1339 2033 1356 2066 ‚
1396 1996 1641 2066 propter
1672 2007 1775 2048 eos
1816 1987 1919 2065 qui
1958 1987 2241 2048 haeredes
2281 1985 2482 2048 salutis
2521 1987 2700 2046 futuri
2739 1997 2892 2047 sunt.
2943 1987 3123 2048 Addo
3165 1985 3342 2047 etiam
3381 2007 3542 2048 com-

630 2067 949 2127 modorum
1010 2069 1348 2128 effectorem
1408 2085 1536 2130 esse
1550 2112 1567 2144 .‚
1618 2085 1771 2144 quae
1822 2068 1901 2128 ad
1942 2067 2370 2144 capessendam
2411 2066 2832 2127 haereditatem
2871 2078 3006 2126 sunt
3043 2084 3220 2146 opus,
3261 2067 3542 2144 tantisper

632 2147 776 2206 dum
815 2145 876 2206 in
915 2147 1013 2208 via
1052 2164 1253 2208 sumus
1292 2148 1718 2208 contendentes
1756 2148 1835 2208 ad
1872 2145 2220 2208 Dominum.
2258 2146 2454 2207 Huius
2494 2149 2634 2207 vero
2674 2163 2890 2207 causae
2929 2147 3314 2224 praestandae
3333 2147 3390 2206 &
3411 2165 3540 2225 per-

630 2224 937 2304 cipiendae
978 2229 1193 2290 modus
1232 2225 1499 2288 salutaris
1535 2229 1731 2288 nullus
1769 2246 1896 2288 esse
1938 2237 2164 2305 potest,
2206 2231 2384 2303 quam
2425 2224 2708 2287 reuelatio
2747 2225 2984 2288 diuinae
3017 2226 3171 2286 illius
3189 2225 3538 2306 sapientiae3

630 2321 783 2384 quae
822 2307 1105 2385 sapientia
1143 2326 1268 2368 non
1306 2317 1396 2368 est
1435 2309 1618 2368 seculi
1656 2307 1829 2368 huius
1842 2353 1860 2386 ‚
1898 2324 2092 2384 neque
2135 2305 2478 2385 Principum
2517 2305 2704 2367 seculi
2741 2306 2911 2366 huius
2939 2307 3042 2383 qui
3061 2307 3372 2367 abolentur
3390 2351 3408 2386 ,
3435 2305 3542 2368 sed

630 2385 914 2466 sapientia
950 2398 1041 2450 est
1077 2387 1191 2449 Dei
1230 2387 1291 2448 in
1334 2387 1650 2470 mysteri0‚
1690 2387 1974 2466 sapientia
2002 2385 2100 2447 illa
2121 2389 2383 2466 occulta,
2414 2405 2595 2465 quam
2615 2386 2985 2465 praefinierat
3003 2387 3170 2447 Deus
3188 2397 3324 2448 ante
3343 2389 3543 2449 secula

630 2467 707 2528 ad
746 2466 999 2545 gloriam
1036 2481 1301 2530 nostram
1316 2513 1333 2548 ‚
1376 2470 1432 2529 δι
1472 2486 1653 2544 quam
1693 2488 1871 2529 nemo
1914 2467 2256 2545 Principum
2295 2468 2477 2528 seculi
2517 2467 2690 2529 huius
2729 2466 3041 2547 cognouit,
3073 2468 3178 2527 sed
3198 2470 3362 2527 Deus
3381 2469 3542 2529 solus

629 2546 840 2625 retegit
880 2566 986 2627 per
1025 2548 1323 2628 Spiritum.
1373 2568 1423 2609 1.
1470 2549 1731 2609 Corinth.
1774 2568 1828 2608 2.
1873 2565 1924 2623 7.
1969 2552 2026 2609 8.
2065 2550 2239 2607 Haec
2276 2546 2377 2607 illa
2413 2568 2534 2609 vna
2553 2558 2642 2609 est
2662 2546 2944 2625 sapientia
2958 2592 2976 2627 ,
3005 2564 3159 2624 quae
3189 2548 3246 2607 δι
3265 2546 3543 2626 pietatem

630 2628 691 2688 in
731 2626 905 2689 nobis
944 2639 1186 2706 generat
1225 2628 1434 2689 futuris
1474 2629 1641 2707 regni
1680 2631 1988 2689 coelorum
2027 2626 2410 2708 haeredibuS,
2451 2632 2506 2689 δι
2539 2626 2960 2706 promissiones
2981 2626 3180 2687 omnis
3197 2626 3344 2689 boni
3364 2628 3544 2703 docet

632 2706 793 2787 pi05,
830 2708 886 2767 8ζ
926 2707 1125 2769 omnia
1163 2710 1325 2770 bona
1362 2707 1751 2770 haereditaria
1790 2711 2156 2784 salutemque
2175 2718 2476 2769 aeternam
2497 2707 2636 2769 fidei
2655 2706 2917 2786 ipsorum
2939 2706 3178 2768 exhibet
3195 2708 3276 2768 ad
3293 2706 3546 2785 gloriam

630 2786 764 2848 Dei.
814 2790 1011 2864 Atque
1048 2789 1198 2849 haec
1240 2788 1317 2847 de
1358 2788 1691 2869 Theologia
1727 2800 1931 2851 nostra
1971 2789 2302 2849 secundum
2341 2808 2430 2866 se,
2473 2800 2756 2865 tanquam
2795 2789 2990 2848 forma
3027 2786 3369 2865 incorrupta
3407 2805 3546 2846 coe-

632 2865 791 2927 lestis
851 2867 1171 2959 sapientiae
1230 2870 1268 2927 a
1326 2868 1462 2930 Deo
1510 2869 1791 2931 exhibita.
1850 2872 2060 2929 Restat
2099 2879 2163 2927 vt
2202 2869 2280 2930 de
2318 2868 2652 2947 Theologia
2689 2868 3014 2929 secundum
3055 2886 3167 2928 nos
3207 2870 3408 2945 (quam
3447 2867 3544 2942 alii

632 2946 1025 3025 Theologiam
1086 2948 1410 3009 secundum
1471 2949 1617 3028 quid
1630 2996 1647 3029 ‚
1706 2948 1802 3025 alij
1858 2946 2252 3026 Theologiam
2292 2947 2354 3009 in
2393 2948 2660 3010 subiecto
2701 2946 2946 3029 vocant)
2987 2948 3204 3009 eodem
3243 2944 3454 3009 ordine
3493 2950 3548 3008 δι

634 3025 817 3086 modo
858 3044 1049 3105 pauca
1088 3028 1439 3095 adferamus.

1764 3418 2114 3479 CAPVT
2152 3420 2424 3500 ngn.
2521 3385 2548 3445 ⁴

1657 3572 1757 3632 De
1804 3574 2121 3650 Theologia
2159 3576 2221 3633 in
2260 3575 2524 3635 subiate.

704 3753 908 3811 Inmvs
970 3768 1113 3828 ergo
1164 3746 1531 3827 Theologiae
1546 3793 1564 3826 ,
1624 3764 1805 3826 quam
1846 3749 2010 3809 Deus
2049 3751 2310 3826 perfecte
2351 3748 2591 3810 exhibet
2629 3748 2804 3811 nobis
2844 3748 3104 3827 gratiosa
3143 3748 3548 3809 communica·

629 3830 822 3910 tione,
883 3831 1073 3890 forma
1131 3828 1424 3907 quaedam
1469 3828 1815 3906 imperfecta
1852 3838 1943 3889 est
1981 3838 2184 3889 nostra
2224 3831 2372 3888 haec
2411 3828 2743 3907 Theologia
2783 3846 2936 3906 quae
2975 3830 3240 3890 subiecto
3283 3830 3548 3889 humano

628 3910 814 3989 inest,
855 3912 973 3987 qua
1014 3908 1151 3969 huic
1190 3907 1460 3969 subiecto
1499 3908 1690 3969 inesse
1729 3918 1945 3986 potest.
1990 3908 2512 3984 Quemadmodum
2553 3908 2712 3969 enim
2757 3927 2965 3969 omnes
2985 3908 3120 3968 illae
3138 3907 3402 3968 actiones
3433 3908 3549 3969 Dei

631 4006 783 4066 quae
826 3992 905 4050 ab
944 3990 1075 4067 ipso
1114 3992 1259 4066 pure
1300 4001 1436 4049 sunt
1476 3991 1751 4049 formam-
1770 3990 2094 4067 perfectam
2135 3988 2224 4050 sui
2265 3988 2864 4067 constitutionemque
2905 3998 3210 4048 momento
3249 4007 3371 4048 vno
3408 3988 3547 4048 inde

632 4070 710 4129 ab
771 4078 904 4129 ortu
964 4068 1224 4145 ipsarum
1284 4068 1587 4148 obtinent3
1644 4069 1727 4129 ita
1784 4072 1817 4128 ὲ
1876 4067 2116 4129 diuerso
2169 4085 2556 4145 quaecunque
2597 4068 2862 4129 actiones
2902 4067 3298 4128 communiter
3335 4071 3373 4127 a
3412 4070 3548 4129 Deo

632 4147 1089 4226 hominibusque
1138 4148 1615 4226 proficiscuntur,
1661 4151 1717 4208 δι
1754 4148 1815 4208 in
1855 4148 2071 4226 quibus
2111 4146 2381 4209 homines
2419 4151 2580 4208 Deus
2608 4148 3060 4227 quodammodo
3093 4151 3403 4227 συνεργούς
3436 4146 3550 4206 sibi

634 4246 763 4289 esse
823 4226 1038 4305 voluit,
1082 4246 1187 4287 eae
1226 4228 1507 4307 tantisper
1546 4230 1689 4289 dum
1729 4228 1791 4288 in
1829 4230 1944 4289 hac
1986 4227 2107 4288 vita
2145 4244 2374 4307 summ,
2415 4229 2609 4288 forma
2647 4230 2904 4307 quadam
2944 4225 3290 4305 imperfecta
3327 4226 3389 4286 in
3429 4226 3546 4287 suis

636 4306 911 4369 subiectis
965 4305 1163 4366 insunt
1177 4352 1195 4383 ,
1246 4326 1360 4368 nec
1399 4308 1460 4367 in
1498 4308 1618 4369 hoc
1660 4302 1861 4369 seculo
1903 4308 2176 4369 obtinent
2215 4306 2637 4385 perfectionem
2677 4326 2860 4369 suam.
2921 4308 2998 4366 Et
3038 4307 3544 4385 quemadmodum

3337 4395 3545 4444 natura
