3923 4875
1337 383 1661 428 ‘russas
1721 379 2372 426 τιιιοιοοιειιιι.
3212 377 3334 438 317

414 558 582 610 sunt.
566 569 581 582 ·
596 551 698 688 b&
736 548 851 607 hae
890 563 1130 625 quoque
1170 557 1234 606 vt
1274 548 1441 625 ante,
1500 545 1563 606 in
1602 543 1957 606 necessarias
1997 547 2053 605 δι
2091 543 2306 604 liberas
2321 589 2339 622 ,
2398 542 2458 602 ιιι
2492 551 2804 620 perpetuas
2845 542 2900 600 δι
2941 539 3337 620 temporarias

418 626 613 691 deseri
658 639 849 688 untur.

496 727 595 785 43.
675 705 1047 768 Necessarias
1086 724 1196 767 vsu
1232 709 1624 797 appellamus,
1671 721 1824 783 quae
1864 702 2214 764 necessitate
2254 703 2516 781 quadam
2529 747 2548 780 ,
2590 719 2700 792 pro
2731 701 3075 763 conditione
3096 712 3332 794 tempo-

416 805 547 850 rum
584 787 991 848 communium
1006 832 1025 864 ,
1076 797 1177 848 aut
1214 805 1412 848 rerum
1450 784 1887 879 particularium
1927 784 1990 844 in
2030 783 2346 861 EcclesiiS,
2401 799 2544 843 cum
2583 781 2827 860 pietate,
2883 782 3340 861 conuenientia,

417 872 473 930 &
514 867 723 929 ordine
763 869 1115 928 coniunctae
1154 879 1319 929 sunt:
1368 877 1433 928 vt
1470 881 1653 944 quum
1690 864 1905 926 ieiunia
1918 911 1936 944 ,
1984 881 2217 943 preces,
2261 862 2569 924 communi
2614 861 2708 921 vel
2747 861 3082 940 particulari
3123 864 3346 922 Eccle-

415 948 635 1010 siarum
674 966 883 1026 causa,
922 947 1286 1010 indicuntur.

494 1047 593 1103 44.
672 1028 915 1089 Liberas
956 1032 1097 1089 vero
1110 1073 1128 1106 ,
1183 1045 1335 1120 quae
1374 1028 1535 1087 nulla
1563 1025 1909 1088 necessitate
1950 1023 2218 1104 obligant
2256 1022 2389 1103 pios
2427 1023 2491 1084 in
2530 1021 2898 1083 conscientia
2943 1033 3046 1082 aut
3085 1039 3223 1084 vsu.
3273 1037 3346 1085 ut

419 1107 733 1248 exempliA
714 1125 921 1186 causa,
964 1107 1145 1187 siquis
1184 1106 1411 1168 ieiunus
1450 1117 1551 1166 aut
1590 1105 1729 1167 cibo
1768 1105 1974 1184 aliquo
2015 1117 2252 1183 sumpto
2287 1105 2366 1164 ad
2406 1123 2634 1165 sacram
2676 1101 2922 1194 synaxin
2967 1103 3298 1164 accesserit.

496 1203 607 1265 45.-
674 1189 873 1265 Atque
931 1189 1081 1247 haec
1140 1186 1383 1265 quidem
1436 1188 1511 1248 de
1562 1185 1979 1247 traditionibus
2019 1185 2159 1263 illis,
2205 1184 2328 1246 siue
2365 1179 2668 1262 'perpetuis
2683 1227 2701 1260 ‚
2762 1183 2886 1243 siue
2925 1182 3298 1260 temporariis
3315 1229 3334 1262 ,

416 1285 570 1346 quae
609 1271 745 1328 vere
782 1278 917 1327 sunt
954 1266 1435 1347 Ecclesiasticae‚
1466 1269 1522 1327 δι
1560 1265 1621 1326 ιιι
1659 1265 1941 1327 Ecclesiis
1982 1265 2083 1343 pio
2123 1276 2259 1326 ortu
2297 1277 2472 1326 natae
2511 1273 2674 1340 sunt,
2711 1282 2822 1324 nec
2854 1283 2951 1341 re,
2973 1280 3086 1324 nec
3114 1263 3336 1336 mode..

420 1367 531 1408 nec
570 1358 789 1408 euentu
826 1349 1004 1439 malo.

501 1430 597 1501 46.
680 1427 798 1488 Sed
836 1427 899 1487 iu
939 1429 1149 1488 harum
1190 1429 1397 1488 locum
1429 1425 1780 1488 traditiones
1800 1436 1936 1487 sunt
1956 1425 2234 1486 suffectae
2246 1423 2363 1506 ,Ἱδι
2391 1423 2676 1486 inferctae
2711 1423 2772 1482 in
2793 1440 3142 1516 numerum,
3183 1441 3338 1501 quae

418 1507 681 1585 diuinae,
740 1509 1121 1584 Apostolicae
1136 1552 1153 1586 ,
1209 1506 1658 1568 Ecclesiasticae
1698 1525 1805 1584 per
1844 1471 2436 1584 aequiuocationem,
2477 1522 2600 1565 ιιοιι
2641 1502 2768 1564 sine
2802 1503 2968 1581 graui
3007 1504 3068 1564 in
3111 1505 3337 1584 Deum,

421 1589 776 1679 Apostolos,
802 1587 1207 1680 ‚Ecclesiamq
1246 1587 1641 1664 contumelia,
1679 1585 1740 1647 in
1780 1589 1961 1664 vulgo
2003 1587 2394 1664 appellantur.

498 1685 599 1743 47.
678 1665 931 1728 Diuinae
990 1667 1149 1728 enim
1209 1669 1265 1728 δι
1321 1667 1705 1744 Apostolicae
1764 1665 2109 1727 traditiones
2149 1666 2334 1726 hodie
2371 1665 2743 1757 appellantur
2777 1664 3130 1742 nonnullae,
3189 1680 3342 1740 quae

422 1746 568 1887 ¹nihil
626 1745 894 1808 diuinum
952 1746 1223 1826 sapiunt,
1282 1757 1383 1808 aut
1442 1746 1896 1826 Apostolicum:
1963 1757 2020 1805 vt
2076 1765 2150 1806 ex
2196 1745 2328 1823 ipso
2372 1745 2576 1805 diuino
2617 1761 2851 1804 canone
2889 1744 2945 1803 δι
2986 1743 3341 1820 Apostolico

446 1826 599 1888 acile
637 1825 971 1888 reuincitur.

504 1909 603 1981 48.
679 1906 1131 1968 Ecclesiasticae
1194 1909 1337 1967 vero
1397 1906 1590 1967 omnis
1629 1905 1861 1985 generis
1876 1951 1893 1985 ,
1952 1905 2018 1966 id
2057 1914 2176 1985 est,
2235 1905 2635 1998 dogmaticae,
2697 1903 2958 1982 ethicae,
2997 1902 3346 1984 historicae,

426 1996 547 2064 atq.
586 1987 1011 2048 ceremoniales
1050 2004 1173 2065 quo
1213 2005 1465 2048 numero
1504 1986 1619 2046 sint
1655 1987 1777 2048 hoc
1818 1999 2116 2064 tempore,
2171 2003 2351 2046 ιιειιιο
2394 1985 2563 2045 facile
2599 1983 2787 2063 possit
2828 2001 3144 2061 exponere.

504 2086 604 2145 49.
684 2067 1071 2146 Dogmaticas
1113 2069 1170 2127 δι
1210 2066 1435 2128 ethicas
1474 2069 1611 2127 ante
1650 2065 2001 2127 reiecimus:
2043 2065 2180 2126 cum
2221 2065 2570 2157 dogmatum
2610 2068 2666 2126 δι
2705 2081 2939 2124 ιιιοιιιιιι
2981 2064 3130 2124 ratio
3149 2066 3186 2123 a
3207 2065 3344 2125 Deo

426 2147 483 2206 δι
545 2157 755 2207 natura
808 2147 919 2228 sit3
971 2147 1087 2208 Dei
1123 2157 1323 2208 autem
1361 2166 1435 2207 ac
1474 2157 1718 2207 naturae
1755 2145 1845 2207 ius
1884 2147 1946 2206 in
1987 2165 2052 2206 se
2092 2144 2633 2206 constantissimum
2648 2189 2667 2223 ‚
2721 2144 2782 2203 in
2823 2143 3124 2226 Scriptura
3164 2146 3338 2205 abso-

422 2225 804 2306 lutissimum,
833 2193 919 2286 δι
927 2226 989 2288 ιιι
1028 2227 1295 2288 Ecclesia
1332 2225 1744 2288 certissimum.
1803 2228 1899 2287 De
1938 2224 2230 2287 historicis
2269 2225 2508 2286 minime
2549 2225 2911 2285 laboramus-

504 2322 599 2384 50.
680 2307 1117 2368 Ceremonialoe
1157 2324 1489 2385 quaecunq.
1530 2319 1693 2380 sunt,
1754 2309 1914 2367 recte
1954 2306 2016 2366 in
2055 2305 2166 2366 tria
2191 2324 2422 2398 genera
2461 2303 2730 2365 distribui
2767 2307 2804 2364 a
2845 2302 3020 2363 nobis
3059 2314 3332 2382 possunt.

427 2404 612 2448 vnum
651 2389 945 2449 bonarum
986 2397 1105 2481 est,
1144 2389 1396 2450 alterum
1438 2387 1725 2448 malarum
1738 2432 1756 2465 ,
1802 2385 2041 2448 ιειιιιιιιι
2082 2385 2542 2447 indifferentium
2584 2382 3050 2461 mediarumque.

506 2482 537 2545 5
550 2488 601 2527 ι.
679 2471 885 2529 Bonae
944 2466 1220 2529 dicuntur
1278 2487 1410 2549 eae,
1472 2486 1626 2546 quae
1683 2484 1822 2528 cum
1880 2465 2186 2528 sanctitate
2206 2511 2226 2547 ,
2285 2465 2610 2545 aequitate,
2669 2464 2942 2543 veritate,
3005 2464 3347 2540 honestate,

438 2547 648 2609 ordine
688 2548 1041 2609 coniunctae
1080 2559 1235 2610 sunt.

506 2642 601 2705 52.
682 2630 879 2689 Malae
921 2628 1232 2709 dicuntur,
1282 2646 1435 2707 quae
1475 2645 1613 2688 cum
1652 2628 1831 2688 rebus
1870 2626 2082 2688 iisdem
2120 2638 2408 2705 pugnant.

506 2722 601 2785 53.
682 2706 918 2769 Mediae
940 2753 957 2787 ‚
1016 2724 1171 2785 quae
1230 2727 1340 2787 pro
1382 2706 1611 2769 ratione
1651 2724 2070 2799 personarum,
2129 2708 2434 2785 locorum,
2495 2709 2551 2767 δι
2592 2716 2929 2783 temporum
2973 2722 3110 2765 cum
3144 2704 3352 2765 iisdem

428 2789 607 2848 rebus
644 2788 829 2848 modo
870 2789 1187 2849 cohaerere
1200 2834 1217 2867 ,
1258 2789 1443 2850 modo
1483 2806 1747 2879 pugnare
1786 2786 2250 2865 comperiuntur.

511 2882 607 2944 54.
686 2870 919 2928 Harum
962 2866 1483 2929 discernendarum
1524 2866 1673 2927 ratio
1693 2870 1878 2928 ferme
1901 2878 1991 2929 est
2012 2868 2407 2958 quadruplex:
2436 2874 2633 2943 ortus,
2665 2883 2790 2937 res,
2825 2863 2985 2941 finis,
3005 2866 3062 2923 δι
3083 2874 3350 2926 euentus.

511 2962 604 3025 55.
590 2950 757 3086 .&In
818 2948 909 3008 his
969 2948 1247 3010 omnibus
1307 2949 1460 3008 duae
1520 2946 1897 3009 conditiones
1960 2966 2196 3025 semper
2255 2945 2698 3023 desiderantur,
2760 2955 2822 3005 vt
2861 2944 2992 3023 piae
3032 2946 3350 3022 bonaeque

428 3026 577 3103 sint,
713 3037 777 3088 vt
815 3030 871 3087 le
915 3026 1132 3089 'timae.

515 3109 609 3184 56.
692 3046 1132 3169 Ortusgbonus
1146 3110 1201 3168 δι
1240 3094 1533 3186 legitimus
1554 3118 1672 3183 est,
1708 3123 1891 3184 quum
1912 3106 2184 3167 homines
2203 3106 2284 3185 pij
2307 3104 2630 3184 &legitimi
2649 3103 2900 3165 consilio
2923 3103 3024 3184 pio
3043 3122 3168 3163 rem
3192 3104 3350 3183 piam

424 3185 579 3247 iusto
620 3186 942 3279 legitimoq.
986 3188 1171 3249 modo
1211 3187 1273 3247 ιιι
1312 3187 1641 3249 Ecclesiam
1681 3188 1973 3248 inuehunt
2011 3188 2089 3246 ad
2129 3186 2294 3265 pium
2334 3186 2550 3246 finem:
2613 3186 2674 3245 Si
2713 3188 2958 3264 contra,
2999 3203 3112 3245 nec
3152 3185 3347 3245 bonus

428 3284 543 3326 nec
584 3266 879 3344 legitimus
920 3266 1040 3328 dici
1078 3277 1306 3346 potest,
1345 3267 1459 3329 nisi
1496 3286 1605 3346 per
1644 3266 1995 3328 abusionem
2037 3267 2523 3358 indignissimam.

515 3361 609 3424 57.
690 3349 813 3407 Res
872 3349 1036 3408 bona
1096 3350 1151 3409 δι
1204 3347 1483 3439 legitima
1519 3357 1635 3427 est,
1695 3364 1878 3424 quum
1922 3346 2208 3407 voluntati
2249 3346 2400 3425 Dei,
2443 3349 2498 3405 δι
2535 3343 2838 3405 Ecclesiae
2881 3345 3348 3421 membrorumq.

434 3425 847 3488 commoditati
885 3426 1122 3505 publice
1162 3448 1235 3489 ac
1274 3426 1553 3518 priuatim
1590 3438 2036 3505 contemperata
2075 3437 2180 3488 est.
2223 3427 2284 3486 Si
2323 3390 2482 3485 en’im
2513 3436 2616 3486 aut
2647 3429 2685 3485 a
2703 3428 3008 3485 voluntate
3043 3423 3158 3484 Dei
3177 3425 3350 3503 absit,

426 3516 529 3566 aut
576 3506 975 3585 importabilia
1014 3526 1200 3567 onera
1222 3506 1595 3599 imposuerit
1617 3506 1958 3569 hominibus
1971 3552 1990 3585 ‚
2031 3524 2284 3598 quorum
2324 3507 2570 3566 facultas
2609 3523 2732 3564 non
2774 3505 2850 3565 sit
2888 3522 3071 3583 penes
3105 3503 3272 3596 ipsos
3313 3508 3350 3563 a

428 3596 673 3666 natura,
714 3586 819 3647 sed
858 3588 897 3645 ὲ.
924 3588 1089 3647 dono
1127 3586 1239 3648 Dei
1268 3598 1368 3647 aut
1402 3586 1718 3649 vocatione
1754 3586 2040 3665 pendeat,
2071 3586 2196 3647 eius
2218 3585 2455 3646 traditio
2477 3604 2592 3645 nec
2610 3586 2802 3661 bona,
2829 3602 2942 3644 nec
2960 3582 3220 3661 legitima
3242 3594 3350 3643 est.

517 3668 612 3743 58.
655 3630 855 3727 Finis
916 3665 1043 3745 (qui
1104 3667 1163 3727 in
1223 3667 1401 3729 rebus
1458 3666 1783 3727 moralibus
1824 3670 2018 3726 forma
2057 3666 2430 3743 actionumff.
2483 3667 2655 3739 1777)
2696 3664 2921 3742 optime
2961 3664 3204 3739 dicitur)
3244 3663 3352 3724 bo-

430 3762 543 3807 nus
586 3747 641 3806 &
682 3746 975 3825 legitimus
1016 3755 1145 3827 est,
1185 3764 1367 3824 quum
1408 3747 1484 3808 ad
1524 3746 1641 3806 Dei
1678 3746 1927 3825 gloriam
1950 3749 2110 3806 velut
2129 3762 2428 3807 summum
2451 3747 2660 3823 finem,
2701 3747 2756 3805 &
2781 3744 2857 3804 ad
2877 3742 3349 3804 aedificationem

427 3824 739 3887 hominum
754 3870 772 3904 ,
856 3828 1015 3887 velut
1072 3792 1407 3887 ordinatam
1468 3828 1547 3887 ad
1600 3828 1808 3907 finem,
1864 3838 2027 3887 recta
2079 3825 2496 3887 ordinatione·
2491 3789 2910 3905 ‘contenditun
2989 3823 3051 3883 Si
3113 3826 3354 3899 contra,

424 3924 540 3966 nec
582 3907 786 3967 bonus
827 3926 940 3968 nec
978 3906 1270 3985 legitimus
1312 3917 1417 3969 est.

507 4001 602 4063 59.
680 3988 946 4047 Euentus
1008 3988 1204 4047 bonus
1264 3990 1320 4047 δι
1378 3985 1671 4065 legitimus
1731 3997 1847 4065 est,
1906 4002 2093 4063 quum
2151 3984 2498 4046 traditiones
2553 4001 2726 4045 suum
2765 3983 2930 4044 illum
2971 3984 3152 4045 finem
3193 4001 3344 4043 asse-

428 4074 725 4143 quuntur:
769 4066 1131 4144 contrarius,
1170 4069 1401 4127 contra.

512 4148 609 4205 60.
696 4148 896 4223 Atque
935 4147 1085 4206 haec
1124 4146 1367 4237 quidem
1408 4145 1469 4206 ιιι
1510 4144 1921 4207 traditionibus
1963 4164 2160 4205 rerum
2201 4148 2492 4206 bonarum
2513 4147 2610 4205 vel
2631 4145 2916 4205 malarum
2937 4154 3073 4205 sunt
3091 4142 3358 4204 faciliora

432 4224 705 4303 cognitu:
747 4226 855 4285 sed
893 4226 955 4285 ιιι
997 4224 1205 4287 mediis
1245 4224 1369 4286 siue
1408 4224 1876 4287 indifferentibus
1916 4242 2070 4303 quae
2112 4226 2438 4287 secundum
2475 4224 2901 4285 conscientiam
2927 4242 3161 4300 vsumq.
3182 4222 3362 4283 licent

436 4304 801 4383 hominibus,
842 4324 917 4365 eo
957 4306 1115 4366 fraus
1157 4316 1245 4367 est
1285 4306 1675 4383 periculosior
1696 4351 1713 4385 ,
1753 4307 1919 4383 quod
1959 4306 2200 4367 libertas
2243 4305 2340 4365 illa
2377 4316 2580 4367 nostra
2619 4304 2678 4364 in
2718 4307 2994 4381 laqueum
3022 4304 3355 4381 impruden-

439 4383 595 4445 tibus
634 4384 1013 4446 conuertitur.

2946 4466 3041 4523 61.
3117 4462 3354 4524 Mediae
