3923 4875
88 4405 95 4622 ,,-“-.-
88 4221 95 4362 *ff
88 3023 99 4122 n—--.—-——---—-—--=-———--v—
88 904 109 2913 ι·-““’--ι-“-·-“”-““α-α“·ἲι.-ειοὶ*Ἠηβ-Ε-

1390 318 1800 369 tratmcr
1856 320 2068 367 rans
2125 318 2166 367 ι.
3115 323 3238 388 439

316 482 565 566 publico
614 482 775 548 malo
829 504 901 546 ex
960 486 1177 547 morbo
1216 484 1399 545 animi
1436 484 1777 545 laborantes
1817 482 1899 544 ita
1932 484 2259 561 praefracte
2297 486 2336 543 a
2373 480 2548 545 nobis
2587 493 2824 562 oportet
2860 484 3106 547 iudicari
3119 532 3138 566 ,
3175 496 3241 549 vt

320 566 373 627 si
414 566 533 627 iam
573 568 747 646 plane
787 564 1050 628 abdicati
1090 576 1285 627 essent
1322 568 1361 624 a
1398 564 1695 643 Domino,
1746 562 1850 641 qui
1890 564 2164 624 ordinem
2206 562 2358 625 illius
2398 564 2516 625 hoc
2557 565 2742 625 modo
2763 565 3076 627 abdicant:
3113 586 3238 627 non

316 645 403 707 ita
462 649 651 709 feruet
698 645 919 708 iudicio
978 648 1162 710 Deus.
1223 646 1381 706 Nam
1436 642 1691 736 primum
1733 642 1843 705 etsi
1880 642 2152 704 ordinem
2195 643 2414 705 Christi
2455 642 2722 719 reijciunt
2754 642 3061 723 iniquitate
3099 664 3239 725 sua,

315 736 519 789 tamen
572 746 697 788 non
748 737 940 788 totum
981 726 1251 787 ordinem
1290 724 1591 803 reijciunt,
1646 723 1752 785 sed
1804 726 1966 785 hunc
2005 722 2280 784 ordinem
2296 770 2312 803 ,
2355 724 2526 785 huius
2565 735 2666 784 aut
2706 722 2860 785 illius
2898 726 3202 787 Ecclesiae
3218 772 3237 805 ,

315 818 422 867 aut
460 806 637 869 etiam
677 806 973 885 plurium:
1013 825 1136 867 non
1177 804 1335 866 enim
1376 805 1552 883 plane
1593 802 1863 865 ordinem
1902 804 1984 863 ab
2025 802 2165 882 ipsis
2203 803 2368 881 reijci
2397 822 2471 865 ex
2500 804 2660 865 facto
2701 806 3054 883 ostendunt,
3096 808 3234 868 cum

315 885 434 965 ipsi
491 886 763 948 ordinem
814 886 875 947 in
926 902 1033 949 suo
1088 904 1343 967 corpore
1394 884 1450 945 δι
1499 882 1893 945 conuentibus
1952 883 2072 945 suis
2121 884 2442 945 obseruent
2494 884 2965 962 quodammodo.
3003 886 3238 947 Deinde

317 968 513 1043 (quod
568 977 658 1028 est
696 966 777 1029 rei
820 970 1020 1045 caput)
1062 968 1315 1027 sormam
1356 963 1519 1025 illam
1564 974 1865 1025 externam
1902 962 2212 1025 Ecclesiae
2251 974 2514 1043 seruant,
2554 962 2616 1025 id
2654 974 2776 1043 est,
2816 967 3064 1026 verbum
3097 965 3232 1043 Dei,

318 1045 683 1125 Scripturam
732 1066 999 1108 sacram:
1052 1064 1205 1123 quae
1258 1046 1398 1106 cum
1446 1044 1673 1124 integra
1724 1042 1885 1121 apud
1923 1044 2058 1104 illos
2095 1054 2214 1117 est,
2255 1044 2619 1123 coliturque,
2659 1063 2781 1104 non
2821 1056 3071 1123 possunt
3109 1046 3235 1106 iure

316 1126 408 1187 sic
448 1126 717 1189 damnari
731 1174 747 1199 ,
790 1138 855 1187 vt
894 1126 943 1188 si
982 1127 1060 1187 ab
1098 1124 1265 1187 omni
1304 1124 1573 1185 Ecclesia
1612 1126 1788 1204 plane
1826 1122 2246 1185 discessissent.
2284 1124 2480 1200 Quam
2524 1126 2606 1186 ob
2645 1141 2886 1185 causam
2917 1124 3240 1187 orthodoxi

318 1210 524 1268 Patres
563 1207 898 1268 fidelissime
938 1206 1179 1285 quidem
1216 1204 1497 1267 aduersus
1532 1203 1965 1266 haereticorum
2007 1202 2306 1264 Ecclesias
2347 1214 2758 1283 pugnauerunt
2774 1204 2974 1283 gladio
2997 1204 3240 1284 spiritali

316 1286 438 1347 Dei
447 1308 471 1379 5
530 1286 636 1347 sed
684 1299 883 1349 tamen
936 1305 1050 1347 nec
1101 1285 1401 1347 Ecclesias
1451 1304 1580 1346 esse
1629 1286 1805 1364 plane
1860 1295 2225 1363 negauerunt
2273 1302 2482 1345 eorum
2520 1284 2626 1362 qui
2664 1284 2744 1344 ita
2777 1284 3088 1364 sentirent,
3121 1306 3233 1347 nec

315 1366 705 1427 ministerium
748 1365 979 1428 illarum
1008 1366 1269 1427 funditus
1308 1366 1657 1429 deleuerunt
1688 1384 1804 1425 nec
1844 1374 2276 1425 sacramentum
2298 1362 2666 1442 baptismatis
2685 1362 2746 1423 in
2766 1364 2850 1425 eis
2873 1376 3237 1457 perceptum,

318 1446 371 1507 si
405 1448 529 1508 eius
568 1446 892 1507 substantia
931 1446 1159 1525 integra
1195 1456 1429 1507 seruata
1468 1456 1651 1523 esset,
1694 1444 1889 1505 iterari
1929 1454 2286 1504 censuerunt
2323 1443 2384 1503 in
2424 1444 2704 1505 Ecclesiis
2744 1445 3094 1507 orthodoxis
3115 1446 3236 1507 suis

318 1538 617 1605 oportere.
660 1527 1011 1589 Iudicabant
1054 1526 1211 1587 enim
1250 1524 1671 1605 sapientissime
1706 1524 1816 1587 ista
1848 1523 2183 1585 infirmitate
2204 1524 2548 1604 hominum,
2583 1524 2855 1603 quamuis
2873 1524 3236 1605 grauissima,

318 1606 545 1667 irritam
588 1606 719 1668 fieri
757 1626 881 1669 non
921 1625 1101 1685 posse
1142 1604 1449 1667 veritatem
1490 1604 1621 1667 Dei.

401 1688 521 1749 Sed
558 1688 705 1766 quid
742 1686 791 1747 si
828 1706 973 1765 ergo
1014 1686 1377 1764 Scripturam
1412 1686 1473 1747 S.
1512 1704 1665 1765 quae
1704 1686 1895 1745 forma
1934 1694 2176 1745 externa
2214 1694 2304 1744 est
2339 1683 2642 1745 Ecclesiae
2683 1687 2722 1743 a
2760 1684 2894 1745 Deo
2935 1684 3238 1766 impressa,

319 1767 617 1845 accipiant
656 1766 898 1847 quidem
940 1768 996 1827 δι
1036 1768 1294 1828 habeant
1324 1784 1437 1845 pro
1476 1764 1805 1827 certissimo
1848 1762 2177 1843 principio,
2218 1763 2324 1823 sed
2363 1775 2558 1825 tamen
2601 1782 2724 1824 non
2763 1764 2901 1825 satis
2939 1764 3234 1844 accipiant

320 1842 513 1909 bene?
556 1848 711 1907 Nam
755 1847 831 1909 de
872 1846 984 1908 illis
1022 1847 1125 1926 qui
1164 1844 1523 1924 Scripturam
1566 1864 1689 1905 non
1728 1844 2030 1923 accipiunt
2059 1845 2268 1921 plane,
2308 1842 2580 1921 quaestio
2620 1842 2718 1905 hic
2759 1846 2920 1905 nulla
2959 1856 3077 1906 est:
3099 1848 3237 1907 cum

322 1927 387 1987 id
426 1947 537 2006 pro
576 1938 742 1987 certo
783 1928 1105 1988 habeamus
1145 1944 1375 2005 omnes,
1418 1924 1871 2004 quibuscunque
1910 1926 2104 1985 forma
2143 1934 2385 1983 externa
2423 1928 2462 1984 a
2499 1924 2636 1985 Deo
2658 1923 3098 1985 subministrata
3115 1945 3238 1987 non

326 2008 511 2085 inest,
568 2007 639 2067 iis
696 2006 987 2069 internam
1050 2005 1241 2067 inesse
1274 2025 1395 2068 non
1434 2024 1644 2084 posse:
1700 2025 1773 2065 ac
1808 2002 2066 2083 proinde
2105 2002 2442 2065 infidelibus
2479 2022 2604 2065 non
2637 2014 2979 2083 competere
3017 2024 3238 2065 nomen

318 2087 625 2149 Ecclesiae
638 2132 657 2165 ,
696 2106 771 2149 ac
802 2106 877 2149 ne
914 2085 1151 2148 ludaeis
1190 2086 1461 2165 quidem,
1502 2083 1772 2163 quamuis
1812 2082 2101 2163 recipiant
2139 2094 2368 2161 partem
2407 2082 2758 2163 scripturae,
2797 2094 2922 2145 tum
2963 2085 3102 2161 quia
3134 2102 3237 2164 pu-

318 2166 478 2229 blica
510 2166 920 2229 testificatione
957 2166 1325 2228 renunciauit
1364 2164 1477 2227 illis
1516 2166 1709 2245 Deus,
1747 2166 1873 2225 tum
1912 2164 2052 2242 quia
2090 2161 2458 2241 potissimam
2499 2176 2726 2242 partem
2767 2182 2891 2223 non
2923 2164 3237 2243 accipiunt.

319 2248 615 2323 Quamuis
672 2248 829 2309 enim
891 2246 1521 2327 praesignificationem
1536 2290 1555 2325 ,
1614 2263 1795 2324 quam
1853 2243 1915 2304 in
1968 2246 2354 2305 Testamento
2407 2256 2603 2306 vetere
2644 2245 2964 2323 habemus,
3005 2246 3236 2324 colant,

318 2330 823 2407 complementum
888 2340 1117 2406 tamen,
1176 2328 1342 2407 quod
1396 2326 1455 2387 in
1496 2344 1659 2387 nouo
1705 2323 1910 2385 doceri
1949 2324 2276 2403 credimus,
2318 2334 2626 2402 proterunt
2664 2322 2936 2403 pedibus,
2988 2326 3082 2385 De
3123 2324 3237 2385 illis

320 2428 465 2488 ergo
505 2408 609 2488 qui
641 2408 1003 2488 Scripturam
1044 2417 1374 2486 agnoscunt
1414 2408 1471 2468 δι
1510 2408 1714 2468 colunt
1728 2449 1749 2479 ,
1785 2403 1939 2466 absit
1967 2416 2031 2466 vt
2070 2403 2350 2468 iudicium
2373 2423 2658 2484 praeceps
2679 2407 2932 2466 feramus
2953 2404 3238 2468 arbitratu

319 2501 527 2550 nostro
581 2488 861 2568 suspendi
918 2487 1132 2550 iudicia
1172 2487 1371 2567 potius
1412 2505 1654 2548 necesse
1692 2495 1809 2565 est,
1850 2487 2031 2564 quam
2071 2484 2132 2546 in
2170 2504 2277 2546 eos
2317 2486 2532 2563 quibus
2570 2485 2818 2578 gratiam
2862 2503 3027 2546 suam
3068 2486 3234 2547 Deus

320 2579 595 2630 testatam
632 2569 771 2630 facit
808 2569 1129 2631 incurrere.
1171 2567 1357 2644 Quod
1400 2568 1621 2630 malum
1664 2577 1814 2644 quot
1852 2569 1907 2628 81
1948 2577 2172 2644 quanta
2213 2568 2370 2626 mala
2390 2565 2723 2628 Christiano
2744 2563 2879 2627 orbi
2898 2567 3013 2626 hac
3034 2576 3240 2626 nostra

320 2649 609 2711 memoria
662 2647 919 2710 attulerit
936 2695 953 2727 ,
1001 2667 1181 2709 nemo
1236 2647 1423 2708 homo
1477 2657 1567 2708 est
1618 2647 1721 2724 qui
1774 2664 1898 2708 non
1952 2645 2186 2724 videat,
2226 2646 2283 2704 ὅτ
2325 2645 2397 2722 (si
2433 2644 2676 2724 quidem
2715 2647 2855 2706 vere
2894 2648 3080 2707 homo
3121 2649 3234 2720 est)

319 2729 581 2790 horreat.
622 2731 693 2790 In
732 2732 852 2790 hoc
894 2727 1071 2806 igitur
1110 2726 1419 2789 hominum
1458 2745 1679 2805 genere
1721 2725 1843 2788 duo
1888 2725 2065 2788 velim
2108 2725 2444 2802 obseruari,
2485 2742 2638 2817 quae
2676 2723 2788 2805 piis
2829 2727 3055 2804 (spero)
3076 2725 3236 2787 satis·

319 2808 546 2870 factura
582 2821 749 2888 sunt,
790 2811 846 2870 δι
887 2807 1105 2886 quibus
1144 2805 1455 2869 temeraria
1493 2805 1861 2882 audaciaque
1900 2825 2032 2867 esse
2080 2823 2288 2866 eorum
2329 2804 2546 2866 iudicia
2587 2805 2980 2868 demonstrari
3017 2816 3232 2884 potest,

318 2887 423 2965 qui
462 2899 772 2951 momento
814 2888 1115 2980 perrumpi
1156 2887 1360 2954 omnia
1399 2897 1662 2948 statuunt
1701 2895 2008 2964 oportere,
2043 2888 2098 2946 δι
2120 2885 2388 2946 damnari
2408 2903 2798 2964 quoscunque
2809 2903 2932 2946 non
2953 2887 3240 2964 probaue-

318 2969 456 3030 rint.
505 2968 765 3032 Primum
813 2967 989 3048 igitur
1038 2969 1207 3048 quod
1262 2967 1322 3030 in
1361 2969 1481 3030 hoc
1520 2984 1737 3046 genere
1780 2965 2066 3044 peruelim
2107 2963 2444 3042 obseruari,
2487 2965 2604 3026 hoc
2643 2976 2761 3042 est,
2803 2975 2996 3026 vtrum
3039 2965 3234 3044 Scrip-

317 3059 511 3110 turam
551 3059 789 3111 teneant
829 3050 885 3111 a:
924 3049 1183 3111 habeant
1222 3067 1332 3126 pro
1372 3047 1577 3108 diuino
1598 3044 1891 3124 principio
1910 3045 2230 3124 regulaque
2249 3044 2462 3105 fidei&
2483 3043 2948 3106 conuersationis
2967 3057 3238 3107 nostrae:

321 3131 589 3190 Alterum
632 3141 747 3208 est,
788 3129 839 3189 si
878 3129 1123 3208 quidem
1165 3127 1527 3208 Scripturam
1568 3138 1797 3206 tenent,
1842 3136 2036 3186 rtrum
2074 3144 2202 3186 rem
2244 3123 2566 3202 scripturae
2605 3135 2872 3217 teneant,
2911 3125 2974 3186 id
3013 3136 3131 3205 est,
3169 3144 3242 3186 ea

322 3209 620 3288 accipiant
673 3227 827 3286 quae
879 3209 1197 3288 Scripturis
1246 3207 1427 3270 sacris
1476 3217 1872 3286 exponuntur.
1925 3207 2084 3266 Nam
2120 3204 2378 3284 primum
2422 3203 2784 3285 Scripturam
2825 3225 2876 3266 s1
2913 3205 3240 3284 tenuerint,

320 3288 571 3350 retinent
612 3293 865 3350 {ormam
912 3289 1113 3350 datam
1153 3287 1459 3351 diuinitus:
1524 3307 1705 3367 quam
1744 3288 1998 3348 formam
2041 3297 2344 3348 externam
2384 3285 2530 3346 tanti
2570 3285 2760 3346 voluit
2797 3285 3008 3347 haberi
3043 3287 3240 3364 Deus,

319 3379 381 3428 vt
419 3369 693 3431 Ecclesia
731 3367 847 3430 Dei
890 3369 1205 3430 vocatione
1242 3369 1519 3431 habenda
1558 3367 1633 3428 sit
1672 3383 2061 3444 quaecunque
2099 3368 2254 3426 hanc
2296 3367 2550 3426 formam
2591 3365 2820 3426 retinet.
2881 3367 3082 3443 Atque
3122 3366 3241 3426 hoc

319 3447 463 3509 illud
514 3458 635 3542 est,
694 3449 861 3526 quod
910 3448 1025 3510 sibi
1079 3449 1265 3510 voluit
1314 3449 1643 3528 Apostolus
1692 3447 1830 3506 cum
1884 3447 1961 3506 ad
2015 3447 2326 3508 Romanos
2358 3445 2671 3506 scriberet:
2724 3445 2895 3521 Quae
2935 3457 3026 3508 est
3063 3445 3240 3524 igitur

322 3539 677 3606 praestantia
727 3525 971 3592 Iudaei?
1020 3539 1121 3590 aut
1174 3546 1327 3606 quae
1380 3527 1595 3591 vtilitas
1646 3524 2150 3587 cncumcisionis?
2201 3545 2336 3604 cap.
2389 3545 2447 3604 3.
2509 3546 2557 3588 1.
2605 3527 2797 3586 Multa
2849 3545 2955 3604 per
2995 3545 3236 3586 omnem

322 3610 592 3670 modum.
642 3608 986 3702 primarium
1042 3609 1199 3670 enim
1248 3608 1393 3670 illud
1435 3620 1524 3670 est
1540 3653 1557 3686 ‚
1596 3606 1762 3685 quod
1802 3605 1887 3667 eis
1923 3606 2152 3667 credita
2191 3615 2325 3666 sunt
2365 3605 2604 3683 eloquia
2641 3603 2774 3666 Dei.
2815 3605 2909 3666 Ex
2947 3605 3038 3667 his
3077 3605 3235 3667 enim

321 3687 756 3751 euidentissime
794 3689 1109 3764 docemur,
1152 3688 1367 3768 quibus
1407 3687 1633 3750 credita
1671 3685 1789 3747 Dei
1828 3687 2098 3766 eloquia,
2137 3705 2242 3747 eos
2283 3690 2606 3764 (vtcunque
2645 3683 2918 3748 homines
2937 3685 3102 3748 infidi
3121 3685 3237 3747 sint

320 3769 607 3848 plerique)
652 3779 849 3831 tamen
904 3769 1101 3831 adhuc
1156 3767 1625 3848 praerogatiuam
1666 3765 1827 3826 illam
1868 3766 2146 3844 retinere,
2185 3783 2308 3826 non
2349 3784 2456 3844 per
2495 3785 2558 3828 se
2571 3811 2590 3844 ,
2631 3765 2738 3828 sed
2775 3785 2881 3844 per
2919 3765 3080 3827 illam
3120 3765 3236 3827 Dei

319 3849 497 3910 fidem
538 3869 717 3928 quam
760 3849 1023 3928 ipsorum
1062 3847 1377 3910 infidelitas
1416 3867 1541 3910 non
1583 3857 1779 3926 potest
1798 3844 2034 3908 inanem
2057 3846 2335 3922 reddere,
2377 3845 2522 3906 dum
2561 3845 2672 3925 ipsi
2713 3845 2772 3906 in
2813 3846 3122 3908 tolerantia
3139 3865 3234 3906 ex-

318 3941 553 4007 pectare
594 3949 699 3991 eos
738 3927 1043 4009 placuerit.
1082 3931 1363 3992 Formam
1401 3939 1709 3990 externam
1750 3924 1949 4007 ipsam}
1969 3924 2253 4005 imprimit
2271 3925 2564 3988 Dominus
2582 3924 2894 3987 traditione
2913 3925 3082 3986 verbi
3118 3926 3234 3986 sui:

322 4009 487 4086 quod
528 4011 775 4071 verbum
816 4007 919 4086 qui
958 4007 1241 4088 retinent,
1280 4005 1561 4086 tantisper
1600 4008 1745 4067 dum
1784 4005 2038 4066 retinent
2053 4052 2070 4084 ,
2091 4005 2446 4085 principium
2487 4007 2716 4068 formae
2753 4007 2791 4066 a
2830 4007 2964 4068 Deo
2996 4005 3237 4084 impres-

320 4107 417 4150 sae
461 4089 764 4150 iudicandi
806 4101 944 4150 sunt
985 4087 1265 4150 retinere:
1306 4087 1812 4168 quemadmodum
1852 4104 2100 4148 nummo
2140 4083 2470 4164 tritissim0,
2511 4085 2794 4164 tantisper
2831 4087 2976 4148 dum
2998 4084 3238 4166 vestigia

322 4169 584 4249 signatae
628 4171 855 4231 formae
892 4179 1259 4248 permanent,
1298 4167 1633 4248 promiscue
1675 4167 1730 4243 (s
1758 4168 1901 4244 715)
1939 4166 2183 4244 vtimur,
2215 4171 2469 4244 eumque
2487 4165 2702 4228 iustum
2724 4167 3116 4246 agnoscimus.
3157 4166 3236 4226 Et

322 4253 481 4311 certe
523 4250 817 4310 maximus
856 4260 946 4310 est
984 4247 1109 4328 piis,
1127 4247 1468 4310 hominibus
1486 4246 1680 4309 aditus
1700 4245 1779 4306 ad
1800 4245 2048 4308 miseros
2069 4245 2202 4308 illos
2217 4293 2232 4318 ,
2253 4245 2357 4325 qui
2375 4245 2734 4326 Scripturam
2755 4246 3038 4325 retinent,
3057 4245 3234 4307 insor-

333 4331 583 4392 mandos
622 4329 681 4391 in
727 4330 817 4390 via
854 4328 1101 4409 Christi3
1142 4328 1189 4390 si
1228 4329 1291 4389 in
1330 4327 1534 4406 spiritu
1573 4325 1873 4388 charitatis
1909 4325 2277 4404 lenitatisque
2308 4342 2445 4387 cum
2487 4326 2599 4388 illis
2629 4325 2884 4406 egerint,
2923 4329 3062 4418 cum
3081 4325 3236 4418 prin-

3009 4423 3230 4485 elplum
