3923 4875
598 309 715 386 366
1424 329 1527 370 na
1586 327 2014 372 POL1T1AE
2075 327 2332 372 mosis
2393 329 2680 374 onssn.

593 482 702 544 fuit
738 487 941 547 Moses
980 485 1069 545 vir
1106 485 1253 566 Dei,
1292 487 1624 566 Legislator
1664 487 2055 550 Israelitarum
2073 533 2090 566 ,
2130 497 2194 549 vt
2233 489 2410 550 Deut.
2432 506 2530 565 33.
2552 485 2922 568 nominatur;
2957 487 3078 564 Qui
3101 492 3514 555 auctoritatem

591 563 753 625 illam
793 564 1047 627 obtinuit
1088 586 1209 627 non
1250 569 1444 628 solum
1484 565 1847 629 institutione
1886 565 2033 628 Dei:
2076 573 2131 630 δι
2171 566 2352 646 signis
2373 567 2840 629 contestantibus
2865 567 3272 648 amplissimis,
3304 576 3512 636 verum

588 642 769 705 etiam
810 647 1197 708 consentione
1238 646 1575 728 iudicioque
1616 647 1921 709 communi
1963 647 2358 710 Israelitarum
2397 647 2702 727 omnium,
2742 660 2921 726 prout
2958 649 3154 710 Exodi
3199 671 3292 712 20.
3334 656 3391 714 &
3414 674 3512 728 24.

588 726 844 802 populus
883 726 1293 788 auctoritatem
1332 727 1395 789 in
1434 747 1571 789 eum
1611 728 1936 804 transtulit,
1979 733 2034 790 δι
2071 727 2498 790 institutionem
2520 727 2782 790 diuinam
2803 727 3091 806 religione
3113 731 3328 793 ductus
3348 752 3514 794 com·

589 805 885 883 probauit.
926 809 1097 867 Haec
1130 806 1252 868 duo
1285 807 1533 887 faciunt,
1568 821 1631 869 vt
1660 807 1950 870 rationem
1980 809 2327 886 legislatoris
2356 807 2510 870 illius
2539 807 2600 868 in
2635 828 2700 870 se
2719 809 3080 870 affirmemus
3101 828 3225 871 non
3245 811 3512 890 potuisse

588 886 909 963 proficere,
971 886 1111 964 quia
1168 888 1249 948 ad
1288 888 1575 950 rationem
1616 891 1671 950 δι
1710 889 2122 950 auctoritatem
2163 889 2324 950 illam
2365 888 2628 949 diuinam
2670 887 3046 970 respicimuS,
3088 889 3256 951 cuius
3298 890 3510 954 instru-

593 976 857 1025 mentum
897 965 1008 1027 fuit
1044 970 1099 1029 δι
1137 966 1479 1030 administer
1516 971 1736 1030 Moses.

673 1045 801 1106 Etsi
839 1065 962 1108 non
1000 1051 1314 1127 propterea
1352 1049 1727 1110 statuendum
1768 1059 1889 1127 est,
1928 1049 2076 1110 nihil
2113 1049 2192 1110 ad
2227 1050 2421 1128 legem
2441 1047 2628 1109 Mosis
2647 1049 2930 1110 accedere
2951 1061 3089 1126 post
3109 1049 3254 1112 illud
3273 1063 3508 1130 tempus

592 1124 881 1204 potuisse:
926 1129 1081 1188 Nam
1120 1129 1329 1190 saltem
1369 1129 1759 1208 Euangelium
1797 1127 2252 1208 doctrinamque
2289 1127 2714 1190 euidentiorem
2755 1127 3018 1190 salutaris
3055 1131 3277 1208 gratiae
3311 1149 3514 1210 super-

591 1203 793 1266 uenire
830 1209 870 1266 a
906 1207 1146 1269 Christo
1186 1209 1467 1286 oportuit.
1508 1210 1627 1270 Sed
1664 1209 1893 1289 agimus
1934 1209 2033 1270 hic
2062 1209 2140 1270 de
2170 1209 2397 1270 ratione
2427 1207 2572 1288 legis
2603 1207 2663 1268 in
2685 1227 2780 1286 se,
2815 1228 2939 1270 non
2961 1221 3158 1270 autem
3183 1210 3259 1272 de
3279 1212 3510 1274 ratione

588 1285 741 1346 illius
800 1286 862 1346 in
922 1287 1097 1348 nobis
1155 1289 1251 1349 vel
1310 1291 1637 1350 secundum
1696 1309 1808 1351 nos
1849 1289 2102 1368 amplius
2140 1290 2556 1368 exponendae:
2597 1287 2824 1366 agimus
2864 1290 2942 1349 de
2983 1289 3286 1368 principiis
3323 1292 3472 1370 legis
3489 1335 3510 1370 ,

587 1365 753 1427 cuius
792 1384 1089 1428 summum
1128 1367 1481 1461 principium
1522 1382 1611 1431 est
1648 1381 1984 1447 aeternum,
2027 1371 2490 1459 αὐταφκὲςατον,
2532 1371 2587 1429 &
2625 1366 3027 1447 immutabile,
3067 1388 3192 1430 non
3226 1371 3303 1432 de
3320 1371 3508 1432 modo

589 1449 645 1507 &
684 1447 1025 1508 conditione
1068 1447 1238 1510 illius.
1280 1451 1581 1527 Respectu
1622 1450 1795 1511 huius
1834 1447 2106 1528 principii
2123 1494 2140 1527 ,
2182 1448 2245 1508 id
2284 1459 2406 1526 est,
2446 1445 2704 1510 auctoris
2745 1449 2800 1508 δι
2842 1448 3220 1528 legislatoris,
3251 1450 3506 1512 dicimus

586 1524 731 1586 nihil
772 1526 1071 1589 attinuisse
1113 1527 1563 1591 mutabilitatem
1602 1529 1853 1592 adscribi
1894 1529 2014 1608 legi
2051 1527 2240 1590 Mosis
2255 1573 2273 1606 ,
2311 1525 2451 1605 quia
2480 1527 2693 1590 rationi
2713 1529 3060 1606 legislatoris
3080 1527 3224 1590 nihil
3243 1549 3508 1607 vnquam

588 1605 781 1682 potuit
811 1619 913 1666 aut
943 1619 1140 1687 potest
1168 1609 1482 1687 accedere,
1513 1611 1653 1671 ciim
1682 1609 1884 1672 omnia
1916 1609 1998 1670 illi
2019 1608 2134 1671 sint
2153 1610 2328 1688 plane
2348 1609 2642 1686 exposita,
2677 1613 2859 1690 γυμνὰ
2883 1609 2978 1668 καὶ
3002 1611 3500 1689 τετραχηλισμένα

586 1693 701 1752 τοῖς
743 1687 1059 1766 ὀφθαλμοῖς
1100 1689 1312 1765 αὐτοῦ,
1354 1701 1417 1749 vt
1456 1701 1663 1752 auctor
1703 1691 1781 1752 ad
1824 1691 2139 1751 Hebraeos
2173 1687 2364 1766 inquit
2383 1687 2831 1780 elegantissime.
2873 1688 3062 1748 Hebr.
3085 1709 3144 1762 4.
3172 1707 3264 1766 13.
3305 1690 3504 1749 Enim-

586 1769 731 1826 uero
781 1765 952 1828 huius
1000 1767 1085 1829 rei
1138 1781 1555 1847 argumentum
1596 1780 1686 1832 est
1725 1769 2261 1845 euidentissimum,
2303 1767 2354 1829 si
2389 1769 2604 1846 quibus
2645 1767 2705 1828 in
2747 1769 2923 1830 rebus
2956 1767 3322 1846 legislatores
3364 1789 3504 1848 pos-

588 1857 724 1906 sunt
764 1847 1054 1923 proficere
1072 1895 1089 1925 ,
1142 1867 1242 1910 eas
1291 1869 1415 1910 non
1463 1869 1637 1928 posse
1690 1851 1823 1912 Deo
1862 1851 2135 1911 accidere
2173 1849 2294 1909 hoc
2332 1849 2471 1909 loco
2513 1849 3004 1909 demonstremus.
3065 1849 3222 1909 Nam
3261 1848 3312 1908 si
3352 1849 3504 1910 ratio

588 1936 777 1986 mater
814 1937 903 1987 est
942 1930 1236 1990 humanae
1273 1929 1417 2008 legis
1432 1976 1450 2009 ,
1491 1934 1547 1992 &
1586 1931 1736 1993 ratio
1777 1929 2034 1992 hominis
2073 1939 2269 2007 potest
2309 1927 2685 1990 incrementis
2727 1927 2846 1990 suis
2868 1947 3211 2006 augescere,
3251 1930 3400 1990 haec
3417 1929 3504 1988 in-

588 2015 889 2066 crementa
930 2007 1143 2069 iustam
1183 2009 1413 2088 legibus
1454 2011 1845 2072 mutationem
1884 2013 2152 2070 afferunt.
2195 2011 2334 2070 Non
2377 2019 2573 2086 potest
2609 2019 2808 2070 autem
2838 2007 2989 2069 ratio
3022 2007 3138 2068 Dei
3157 2006 3506 2086 legislatoris

584 2103 930 2164 augescere:
972 2107 1097 2149 non
1138 2108 1278 2167 ergo
1322 2091 1533 2150 mutari
1573 2093 1735 2172 leges
1774 2102 2046 2168 respectu
2075 2087 2317 2150 rationis
2338 2087 2478 2150 eius.
2521 2087 2862 2165 Quinetiam
2881 2087 3142 2166 augescit
3163 2088 3313 2148 ratio
3332 2087 3503 2166 legis·

588 2169 873 2244 latorum,
933 2171 1285 2247 proficstque
1340 2170 1578 2231 duobus
1630 2169 1853 2234 modis:
1914 2172 2072 2231 Nam
2111 2180 2213 2230 aut
2251 2168 2314 2230 in
2352 2167 2713 2232 conscientia
2753 2179 3025 2229 aeternae
3064 2165 3234 2258 legiS,
3279 2167 3342 2258 id
3369 2179 3502 2258 est,

586 2245 828 2308 rationis
868 2245 1049 2325 ipsius
1088 2250 1336 2310 naturali
1376 2251 1431 2310 δι
1471 2251 1675 2312 diuino
1716 2251 1841 2312 iure
1873 2249 2282 2311 conuenientis
2323 2267 2463 2310 cum
2502 2259 2744 2309 aeterna
2761 2249 2928 2327 lege3
2961 2259 3144 2308 autin
3162 2259 3506 2326 cognitione

587 2342 793 2387 eorum
846 2328 925 2388 ad
974 2345 1127 2404 quae
1180 2328 1498 2408 respiciunt
1550 2333 1741 2404 leges,
1792 2329 2080 2392 dicendus
2133 2341 2222 2391 est
2275 2331 2584 2408 proficere.
2643 2329 2771 2392 Lex
2811 2337 3048 2390 aeterna
3089 2328 3258 2418 velut
3293 2327 3506 2388 matrix

586 2407 877 2485 quaedam
932 2417 1019 2471 est
1061 2411 1119 2471 δι
1172 2411 1366 2472 forma
1414 2413 1785 2491 πρωτόιυπος
1839 2409 2306 2490 primigeniaque
2346 2411 2738 2471 humanarum
2777 2409 3010 2487 legum:
3051 2417 3298 2469 materia
3334 2406 3395 2469 in
3433 2409 3507 2469 iis

584 2499 851 2548 versatur
887 2490 966 2549 ad
1005 2510 1157 2569 quae
1195 2490 1516 2569 respiciunt
1556 2494 1717 2569 leges
1732 2538 1749 2569 ,
1792 2494 1849 2555 &
1890 2492 2106 2571 quibus
2143 2489 2507 2569 legislatores
2547 2490 2871 2551 commode
2919 2508 3045 2579 non
3089 2499 3338 2567 possunt
3371 2508 3508 2567 pro·

582 2566 809 2641 spicere
861 2570 941 2629 ad
984 2588 1305 2631 commune
1360 2578 1617 2645 bonum,
1670 2571 1783 2632 nisi
1837 2592 1931 2635 res
1980 2572 2108 2633 illas
2161 2571 2489 2633 secundum
2532 2568 2885 2632 mutationes
2924 2581 3102 2630 etiam
3141 2586 3406 2647 quasque
3442 2572 3500 2630 δι

588 2648 960 2717 &aenaeam
1008 2650 1416 2729 cognouerint.
1472 2654 1545 2711 In
1598 2654 1717 2713 hoc
1768 2663 2021 2731 vtroque
2073 2661 2422 2728 argumento
2479 2648 2753 2711 homines
2787 2648 3136 2729 proficiant,
3179 2652 3234 2709 ὅτ
3275 2648 3504 2726 vtrique

588 2726 861 2787 studeant
913 2748 1153 2793 necesse
1203 2743 1321 2811 est,
1363 2732 1700 2825 quicunque
1740 2732 1903 2811 leges
1938 2732 2112 2793 laturi
2153 2741 2316 2792 sunt:
2358 2732 2494 2791 Deo
2535 2740 2732 2791 aulem
2769 2732 3076 2823 explorata
3115 2739 3253 2820 sunt
3272 2731 3328 2789 &
3347 2747 3509 2789 com-

588 2818 755 2883 perta
787 2808 992 2869 omnia
1023 2812 1351 2873 secundum
1384 2813 1980 2891 imperuestigabilem
2011 2810 2356 2890 sapientiam
2389 2814 2446 2872 &
2475 2809 2762 2871 infinitam
2785 2823 3091 2871 scientiam
3109 2809 3308 2885 ipsius.
3347 2809 3504 2899 Nam

588 2888 752 2947 Deus
806 2886 930 2967 ipse
984 2903 1071 2953 est
1122 2902 1364 2952 aeterna
1414 2892 1513 2953 illa
1566 2894 1750 2970 ratic,
1800 2906 1994 2968 recta,
2036 2896 2090 2953 &
2132 2890 2548 2967 immutabiliS,
2588 2910 2662 2951 ex
2700 2909 2822 2968 quo
2865 2890 3025 2949 velut
3065 2891 3228 2949 fonte
3268 2888 3508 2965 profluit

586 2967 782 3028 omnis
822 2980 945 3029 tam
984 2973 1292 3051 naturaliS,
1333 2976 1513 3049 quam
1555 2972 2037 3051 supernaturalis,
2080 2970 2432 3048 diuinaeque
2471 2969 2714 3031 rationis
2755 2970 2816 3029 in
2858 2989 2952 3031 res
2986 2980 3214 3029 creatas
3237 2984 3502 3058 commu·

586 3046 825 3111 nicatio.
868 3050 1199 3125 Quomodo
1238 3050 1411 3129 igitur
1452 3052 1514 3113 in
1552 3052 1781 3113 ratione
1822 3052 2124 3130 proficiat,
2166 3052 2290 3111 siue
2336 3062 2614 3130 augescat
2654 3050 2703 3111 is
2743 3050 2847 3127 qui
2886 3046 3240 3127 principium
3277 3066 3508 3107 vniuer·

587 3128 711 3187 sale
749 3130 807 3189 δι
842 3128 1133 3193 infinitum
1172 3132 1415 3193 rationis
1457 3144 1573 3205 est,
1615 3151 1741 3193 non
1780 3132 1976 3193 solum
2014 3130 2078 3191 in
2097 3144 2332 3204 natura,
2358 3132 2564 3192 veriim
2586 3128 2765 3192 etiam
2785 3148 2961 3206 supra
2981 3140 3254 3189 naturam
3274 3125 3506 3187 rerum?

588 3208 762 3267 Haec
815 3208 1366 3291 imperuestigabilis
1420 3212 1519 3273 illa
1568 3212 1886 3291 sapientia,
1935 3230 2116 3290 quam
2169 3212 2354 3273 modo
2407 3210 2772 3273 dicebamus.
2832 3211 2927 3270 De
2983 3208 3226 3299 scientia
3265 3212 3406 3298 vero
3451 3210 3506 3268 &

588 3286 927 3364 cognitione
968 3312 1163 3353 rerum
1204 3292 1499 3370 omnium,
1542 3312 1614 3352 ac
1652 3312 1777 3353 non
1820 3310 2023 3353 earum
2065 3292 2258 3352 soliiin
2297 3292 2377 3351 ad
2395 3310 2544 3367 quas
2563 3290 2883 3368 respiciunt
2900 3291 3062 3369 leges
3075 3332 3112 3367 ,.
3127 3288 3272 3367 quid
3292 3288 3508 3379 dicturi

584 3368 817 3431 sumus?
856 3370 1091 3432 Infinita
1130 3384 1219 3433 est
1258 3371 1501 3434 scientia
1539 3371 1723 3453 illius,
1764 3372 1989 3433 infinite
2030 3391 2122 3433 res
2163 3390 2372 3431 omnes
2412 3370 2738 3433 secundum
2770 3370 3114 3447 essentiam,
3147 3379 3510 3445 potentiam,

584 3446 875 3523 actiones,
915 3452 1251 3531 passiones,
1294 3457 1350 3515 δι
1389 3452 1732 3513 affectiones
1772 3452 2031 3529 denique
2069 3471 2308 3528 omnes,
2345 3469 2694 3512 communes
2714 3453 2771 3511 δι
2785 3449 3202 3541 particulares,
3235 3446 3508 3507 vniuerse

586 3528 642 3586 δι
683 3526 1047 3609 singulariter
1088 3534 1619 3612 comprehendens.
1659 3532 1798 3593 huic
1840 3531 2099 3593 infinitae
2139 3530 2416 3592 scientiae
2457 3530 2600 3609 quid
2639 3541 2826 3613 possit
2865 3522 3185 3591 accedere?
3226 3528 3508 3617 quemad-

589 3608 835 3691 modum
885 3612 1109 3689 optime
1150 3624 1386 3675 sanctus
1446 3611 1545 3672 ille
1584 3614 1696 3673 Iob
1736 3612 1881 3673 olim
1924 3612 2266 3673 disserebat.
2327 3612 2461 3672 Iob.
2506 3613 2600 3670 28.
2645 3627 2739 3670 20.
2803 3609 2866 3671 Si
2904 3627 3048 3686 ergo
3088 3605 3236 3667 nihil
3271 3608 3404 3667 Deo
3445 3626 3508 3697 in

588 3690 807 3751 vtrauis
846 3692 959 3751 hac
1000 3711 1177 3753 causa
1217 3704 1415 3771 potest
1454 3692 1768 3767 accedere,
1810 3694 1863 3753 δε
1904 3694 2071 3753 Deus
2111 3702 2322 3751 auctor
2362 3701 2451 3751 est
2488 3688 2642 3750 illius
2680 3688 2858 3767 legis,
2893 3706 3072 3767 quam
3105 3688 3300 3778 legem
3321 3688 3510 3746 Mosis

588 3772 985 3845 appellamus:
1028 3776 1145 3833 hoc
1188 3778 1347 3836 certe
1389 3784 1661 3851 respectu
1702 3775 1895 3850 legem
1940 3771 2127 3832 Mosis
2168 3790 2348 3848 supra
2385 3768 2529 3831 alias
2549 3770 2839 3829 humanas
2858 3770 3020 3847 leges
3040 3767 3246 3827 extolli
3265 3786 3511 3827 necesse

589 3860 706 3926 est,
742 3852 909 3929 quod
937 3855 1015 3913 ab
1050 3872 1123 3913 eo
1158 3852 1489 3931 legislatore
1524 3852 1745 3929 prodijt
1778 3852 1943 3913 cuius
1975 3852 2125 3913 ratio
2157 3863 2247 3911 est
2275 3849 2727 3929 perfectissima:
2765 3850 3058 3909 humanae
3079 3858 3278 3907 autem
3300 3866 3512 3907 omnes

590 3941 725 3991 sunt
774 3934 854 3993 ab
903 3933 973 3994 iis
1022 3932 1486 4012 legislatoribuS,
1540 3932 1643 4010 qui
1697 3952 2000 4009 nunquam
2057 3930 2166 3991 nisi
2207 3930 2550 4023 imperfecta
2590 3929 2818 3990 ratione
2858 3927 3116 3989 dictante
3156 3930 3317 4004 leges
3361 3929 3515 4017 ferre

590 4024 873 4090 possunt,
926 4034 1001 4073 ac
1054 4012 1307 4093 proinde
1350 4025 1577 4074 mutare
1616 4012 1857 4073 easdem
1898 4015 2062 4090 leges
2102 4030 2250 4089 quas
2291 4010 2403 4088 ipsi
2443 4012 2736 4087 tulerunt,
2775 4008 2825 4069 si
2866 4007 3094 4099 ratione
3133 4008 3518 4097 profecerint.

664 4094 845 4154 Thes.
892 4114 983 4153 αι.
1026 4096 1229 4155 Altera
1267 4113 1444 4155 causa
1483 4092 1854 4169 mutationis,
1895 4112 2076 4170 quam
2109 4094 2248 4152 ante
2283 4089 2726 4163 constituimus,
2760 4092 3006 4149 omnino
3041 4098 3130 4148 est
3150 4104 3511 4176 necessaria,

586 4191 800 4251 nempe
840 4174 1054 4234 modus
1096 4193 1327 4243 eorum,
1380 4174 1459 4234 ad
1498 4192 1651 4251 quae
1691 4172 2012 4251 respiciunt
2051 4173 2228 4250 legeS.
2293 4173 2448 4232 Nam
2489 4168 2758 4247 quisquis
2799 4188 2891 4259 res
2935 4167 3243 4257 mutabiles
3283 4176 3512 4226 ratione

586 4254 641 4311 δε
685 4248 868 4313 m'odo
908 4253 1255 4315 immutabili
1298 4252 1791 4315 administrandas
1832 4256 1888 4314 δι
1928 4250 2333 4344 procurandas
2375 4262 2575 4330 putat,
2615 4248 2664 4309 is
2704 4249 2871 4309 domi
2905 4248 3280 4326 prudentiam
3301 4264 3509 4323 paren-

588 4344 716 4391 tum
776 4332 835 4393 in
890 4333 1157 4413 regendis
1196 4332 1424 4411 liberis,
1464 4333 1617 4413 ruri,
1660 4332 1925 4412 peritiam
1969 4344 2265 4393 aratorum
2306 4351 2367 4392 in
2409 4327 2679 4392 colendis
2717 4326 2873 4407 agris
2890 4372 2908 4409 ,
2947 4327 3010 4389 in
3047 4330 3201 4405 alt0,
3243 4324 3514 4465 pegtmiam

3199 4423 3319 4466 nau
3451 4426 3514 4465 m
