3923 4875
1340 369 1657 413 'tunsus
1716 367 2378 412 THEoLoctcAt.
3231 373 3336 432 115

422 537 645 597 Galat.
692 557 739 595 1.
788 537 1001 595 Paulus
1042 530 1270 592 sortiter
1310 539 1484 606 neget
1522 527 1753 590 licuisse
1791 527 2110 606 quicquam
2151 528 2370 589 docere
2407 527 2468 588 in
2507 528 2774 590 Ecclesia
2812 541 3042 606 praeter
3081 553 3150 592 ea
3189 551 3343 609 quae

408 621 459 676 ὲ.
510 615 747 678 Christo
788 621 1158 692 acceperant.

510 717 611 770 42.
690 693 1052 772 Scripturam
1090 689 1266 768 igitur
1305 708 1432 750 esse
1472 689 1865 765 adaequatam
1906 689 2170 765 regulam
2209 687 2348 748 fidei
2389 700 2655 762 nostrae,
2691 708 2818 748 esse
2843 689 3064 766 lydium
3086 690 3346 768 lapidem

412 775 509 835 ad
549 793 731 853 quem
770 774 973 836 omnia
1012 769 1353 850 probanda,
1400 779 1463 828 vt
1500 767 1665 846 quod
1703 768 1933 828 bonum
1973 778 2062 827 est
2102 766 2479 828 retineamus:
2521 787 2644 828 non
2687 769 2862 828 licere
2903 769 3002 828 vlli
3041 782 3346 831 creaturae

414 855 751 932 quicquam
790 856 867 915 de
906 875 979 916 ea
1018 850 1354 928 detrahere,
1392 859 1494 909 aut
1529 846 1583 908 ei
1616 845 1901 926 adiicere,
1927 846 2340 908 concludimus
2361 849 2416 907 δε
2435 858 2775 908 constanter
2794 848 3120 910 asserimus
3163 852 3347 910 Dent.

418 955 487 1008 4.
536 956 591 995 2.
631 937 815 1014 Apoc.
854 955 948 995 22.
996 937 1087 993 18.

1692 1133 2074 1146 ———

681 1321 789 1380 1v.
870 1322 1001 1380 DE
1062 1301 1862 1384 AVTHOR‘ITATE
1926 1325 2346 1384 SACRAE
2407 1325 3118 1385 SCRIPTURAE.

524 1517 569 1556 ι.
630 1496 772 1556 cm
812 1499 1001 1556 Dsuu
1042 1501 1127 1572 (vt
1180 1509 1267 1558 est
1314 1515 1611 1558 summum
1652 1501 1901 1573 bonum)
1938 1499 2252 1561 nobiscum
2272 1499 2647 1576 pergratiam
2668 1498 2998 1559 salutariter
3018 1499 3347 1559 communi-

424 1595 591 1636 casse
632 1587 895 1636 constet:
940 1578 1305 1654 modumque
1343 1577 1897 1638 communicationis
1940 1582 2034 1638 vel
2071 1598 2437 1656 sermonem,
2469 1593 2794 1656 conceptus
2815 1578 3033 1656 diuini,
3058 1582 3152 1639 vel
3174 1579 3352 1655 scrip·

430 1667 656 1734 turam,
697 1657 959 1730 sermo(f.
1010 1656 1295 1730 1602.)nis
1338 1657 1525 1716 diuini
1563 1657 1831 1718 diuinum
1870 1661 2208 1734 symbolum
2239 1671 2420 1736 atque
2441 1658 2892 1720 instrumentum
2915 1679 3042 1718 esse
3064 1659 3352 1736 superiori

430 1735 832 1812 disputatione
873 1737 1339 1796 demonstratum
1376 1736 1479 1815 sit,
1498 1737 1895 1798 necessarium
1914 1749 2004 1798 est
2024 1749 2088 1798 vt
2116 1737 2240 1798 eius
2261 1737 2596 1816 Scripturae
2615 1739 2933 1799 authoritas
2955 1739 3116 1815 apud
3139 1759 3345 1798 omncs

432 1813 717 1892 deinceps
760 1814 1116 1892 stabiliatur,
1154 1818 1291 1876 cum
1330 1817 1407 1877 ad
1447 1815 1831 1877 reuerentiam
1871 1817 1954 1876 illi
1995 1817 2461 1895 conciliandam,
2503 1829 2628 1878 tum
2669 1822 2810 1878 vero
2850 1819 2926 1876 ad
2959 1819 3184 1877 animos
3207 1839 3346 1876 ccu-

432 1893 607 1954 stanti
647 1893 1000 1956 certitudine
1040 1898 1096 1956 δι
1134 1895 1327 1956 solida
1362 1896 1672 1957 securitate
1712 1896 2136 1957 obfirmandos,
2177 1899 2260 1956 Vt
2303 1903 2444 1958 vero
2485 1897 2776 1958 certitudo
2799 1897 2923 1958 cius
2943 1902 2998 1958 δι
3019 1899 3342 1966 caranceio·

432 1973 740 2034 hominum
780 1975 1121 2052 pectoribus
1162 1975 1536 2037 commodius
1575 1989 1897 2052 asseratur,
1936 1975 2130 2053 primo
2169 1987 2440 2037 constare
2480 1978 2660 2037 debet
2701 1977 2860 2037 illam
2904 1977 2964 2036 in
3001 1997 3064 2036 se
3086 1976 3346 2035 diuinam

434 2072 589 2130 esse,
649 2054 869 2114 deinde
928 2059 1071 2114 vero
1134 2053 1195 2114 in
1252 2057 1427 2118 nobis
1486 2055 1751 2116 diuinam
1804 2056 2162 2117 confirmari.
2221 2057 2379 2116 Illud
2421 2056 2482 2116 in
2523 2059 2682 2116 hunc
2729 2059 2977 2118 modum
3019 2057 3347 2116 secuudum

436 2152 647 2192 omnes
690 2152 927 2194 caussas
968 2133 1443 2196 demonstramus
1482 2133 1939 2196 euidentissime.

513 2232 563 2271 2.
646 2213 905 2273 Caussae
956 2223 1155 2274 autem
1209 2227 1386 2291 prout
1424 2225 1591 2289 sunt,
1632 2217 1725 2275 vel
1766 2225 2045 2274 externae
2084 2217 2287 2291 quales
2324 2225 2486 2289 sunt,
2529 2214 2790 2275 efficiens
2831 2220 2886 2276 &
2929 2215 3086 2275 finis:
3132 2217 3223 2273 vel
3265 2213 3348 2272 in-

430 2303 661 2371 ternae,
699 2295 905 2370 quales
946 2292 1189 2353 materia
1230 2299 1287 2356 8τ
1328 2297 1549 2356 forma:
1592 2293 1672 2354 ita
1714 2313 1923 2355 omnes
1961 2293 2225 2356 diuinam
2265 2314 2393 2354 esse
2432 2293 2795 2370 Scripturam
2837 2295 3116 2354 euincunt
3155 2293 3349 2353 certis·

429 2371 594 2432 sime.
654 2373 947 2451 Esst'ciens
1002 2391 1209 2433 caussa
1262 2385 1350 2435 est
1404 2372 1686 2434 Primaria
1738 2377 1793 2434 δι
1834 2374 2212 2436 Secundaria.
2273 2377 2582 2435 Primaria
2625 2376 2788 2434 Deus
2829 2377 3032 2449 Pater,
3073 2373 3254 2432 Filius
3293 2374 3346 2430 δι

430 2452 675 2529 Spiritus
732 2465 995 2513 sanctus:
1059 2454 1162 2531 qui
1217 2454 1502 2533 quicquid
1550 2453 1703 2532 agit,
1757 2453 2049 2531 loquitur,
2093 2458 2148 2516 δε
2185 2455 2424 2532 scribit,
2465 2454 2893 2515 conuenienter
2931 2474 3071 2514 suae
3107 2464 3352 2513 naturae

428 2531 583 2610 agit,
646 2533 935 2611 loquitur,
997 2534 1053 2592 &
1093 2532 1327 2611 scribit,
1385 2534 1449 2595 id
1501 2546 1591 2595 est
1627 2533 1832 2595 diuino
1876 2535 2065 2595 modo
2106 2536 2162 2595 ὅτ
2203 2532 2496 2595 infallibili
2531 2534 2808 2611 veritate,
2854 2554 2909 2593 2.
2959 2536 3108 2592 Tim.
3151 2554 3207 2609 3.
3259 2535 3349 2592 16.

428 2612 793 2672 Secundaria
852 2629 1060 2672 caussa
1117 2626 1254 2674 sunt
1312 2613 1467 2674 serui
1527 2614 1764 2690 publice
1825 2613 2028 2674 diuina
2087 2615 2386 2676 authorita
2437 2630 2614 2689 supra
2670 2612 3001 2673 Ecclesiam
3043 2612 3350 2689 reliquam.

434 2710 489 2750 2.
530 2692 697 2751 Pelr.
747 2712 795 2752 1.
839 2712 934 2752 21.
975 2693 1031 2751 δι
1070 2691 1245 2753 donis
1286 2695 1367 2753 ad
1406 2694 1783 2753 vocationem
1814 2696 1971 2753 hanc
2004 2692 2364 2772 singularem
2385 2694 2441 2753 81
2463 2692 2987 2754 extraordinariam
3011 2690 3352 2751 necessariis

426 2772 489 2831 in
528 2770 797 2832 Ecclesia
836 2771 1128 2832 instructi:
1187 2772 1308 2848 Qui
1348 2775 1507 2833 velut
1546 2772 1756 2848 notarij
1800 2773 2020 2851 publici
2051 2780 2416 2842 θεοπνεύςως
2458 2774 2953 2850 perscripserunt,
2989 2776 3042 2831 δι
3067 2784 3347 2846 tanquam

426 2851 487 2910 in
548 2852 779 2911 tabulas
836 2850 1103 2929 publicas
1163 2853 1483 2912 retulerunt
1560 2854 1792 2931 omnia,
1852 2871 2006 2931 quae
2059 2853 2306 2929 Spiritus
2347 2852 2459 2911 Dei
2500 2853 2614 2916 illis
2653 2854 2713 2913 in
2757 2851 3036 2911 mandata
3079 2852 3349 2909 dederat.

426 2932 601 2989 Haec
651 2942 849 2991 autem
902 2942 1023 2990 tam
1080 2950 1244 3009 vera,
1298 2935 1353 2991 δι
1392 2942 1555 2992 certa
1590 2943 1758 3009 sunt,
1800 2936 1982 3009 quarn
2021 2951 2190 2992 verus
2231 2943 2320 2992 est
2365 2934 2559 3011 DeuS,
2602 2934 2704 3009 qui
2745 2952 2848 3009 per
2895 2932 3027 2991 illos
3069 2932 3356 3005 loquutus

430 3022 551 3081 est,
592 3014 647 3069 δι
688 3011 801 3070 scri
846 3009 937 3070 sit.
2179 3064 2188 3074 .

506 3108 563 3164 3.
644 3031 868 3150 CausEa
904 3100 1147 3150 externa
1181 3092 1364 3150 altera
1406 3101 1493 3150 est
1536 3090 1693 3167 finis,
1730 3090 1833 3167 qui
1872 3094 1968 3151 vel
1997 3091 2367 3169 primarius,
2409 3092 2597 3167 gloria
2639 3090 2778 3167 Dei,
2815 3092 2908 3149 vel
2927 3091 3310 3147 secundarius
3333 3134 3350 3165 ,

427 3170 583 3229 salus
642 3182 873 3239 nostra,
936 3170 1300 3230 diuinitatem
1352 3170 1671 3247 scripturae
1724 3171 1864 3231 satis
1916 3170 2126 3247 arguit.
2187 3172 2340 3229 Nam
2380 3170 2604 3247 reliqua
2643 3171 2860 3245 scripta
2899 3172 3183 3246 pleraque
3229 3171 3343 3245 ple-

431 3267 660 3325 runque
718 3250 968 3326 gloriam
1021 3266 1187 3309 suam
1228 3247 1339 3309 sibi
1390 3260 1751 3326 proponunt.
1804 3270 1859 3309 2.
1911 3252 2058 3308 Tim.
2102 3268 2158 3324 3.
2209 3268 2299 3325 13.
2339 3251 2501 3308 nulla
2540 3250 2618 3309 ad
2659 3260 2960 3309 aeternam
3001 3250 3249 3307 salutem
3289 3252 3344 3308 δι

432 3346 631 3387 veram
670 3328 1093 3389 beatitudinem
1132 3328 1486 3407 adsurgunt:
1528 3330 1689 3388 nulla
1728 3329 2018 3389 eiusmodi
2064 3330 2240 3389 finem
2279 3328 2626 3406 intendunt,
2669 3329 2813 3390 nulli
2852 3348 2958 3405 per
2997 3348 3068 3387 ea
3102 3340 3347 3387 conten-

427 3406 604 3466 dunt:
657 3408 858 3467 omnia
908 3408 987 3468 ad
1038 3409 1185 3469 haec
1226 3407 1515 3467 naturalia
1556 3426 1667 3467 nos
1708 3408 2042 3485 deuehunt,
2081 3407 2252 3468 isthic
2291 3408 2646 3468 subsistunt:
2689 3411 2816 3469 sola
2856 3428 3024 3468 sacra
3063 3407 3350 3484 scriptura

429 3484 509 3545 ad
545 3488 723 3546 finem
763 3488 1266 3565 supernaturalem
1304 3486 1579 3547 subuehit
1616 3490 1671 3547 δι
1708 3487 2034 3548 transuehit
2052 3533 2069 3564 ,
2111 3490 2237 3547 sola
2277 3487 2657 3548 transcendit.
2701 3488 2914 3548 Diuina
2954 3506 3116 3563 ergo,

516 3584 573 3637 4.
653 3568 986 3643 Sequuntur
1044 3584 1285 3628 caussae
1342 3566 1605 3627 internae
1666 3567 1847 3629 duae:
1909 3568 2160 3628 Materia
2213 3570 2268 3627 δι
2319 3569 2539 3639 forma,
2581 3586 2734 3644 quae
2775 3566 3182 3627 certitudinem
3223 3564 3344 3623 eius

436 3644 659 3722 liquido
716 3646 1095 3706 conuincunt.
1159 3648 1431 3706 Materia
1470 3657 1559 3707 est
1599 3648 1763 3707 Deus
1800 3647 1953 3725 ipse,
1995 3650 2051 3707 &
2090 3666 2182 3707 res
2221 3664 2430 3707 omnes
2470 3648 2550 3708 ad
2591 3649 2782 3707 Deum
2819 3646 3150 3707 ordinatae:
3194 3662 3346 3718 quae

438 3724 635 3784 omnia
682 3727 822 3785 cum
870 3744 1035 3785 sacra
1074 3727 1375 3803 Scriptura
1414 3736 1627 3785 tractet
1668 3726 1868 3786 diuina
1908 3725 2286 3801 certitudine,
2328 3737 2450 3786 tam
2496 3736 2658 3786 certa
2696 3736 2859 3803 sunt,
2901 3728 3080 3801 quam
3121 3736 3346 3781 certum

436 3816 525 3863 est
582 3822 710 3864 esse
771 3807 985 3865 Deum.
1041 3805 1297 3883 Reliqua
1332 3806 1447 3865 alia
1484 3804 1701 3882 scripta
1738 3806 1883 3865 nihil
1924 3806 2035 3866 nisi
2071 3804 2372 3865 hominem
2414 3805 2666 3882 sapiunt.
2729 3804 2888 3864 Nihil
2929 3803 3152 3878 spirant
3189 3800 3350 3863 aliud

432 3893 532 3943 aut
572 3882 857 3961 inspirant
895 3885 1022 3945 aliis
1060 3885 1171 3945 nisi
1209 3887 1483 3945 humana.
1526 3886 1605 3945 Et
1643 3886 1783 3945 cum
1820 3904 2027 3947 eorum
2067 3885 2382 3962 scriptores
2423 3885 2680 3944 humana
2721 3885 2948 3943 tantum
2987 3890 3184 3941 mente
3204 3899 3350 3940 con-

432 3962 682 4041 cipiant,
720 3963 815 4041 alij
861 3966 939 4024 ab
978 3964 1188 4025 iisdem
1224 3966 1481 4024 humana
1518 3976 1747 4025 tantum
1784 3966 2120 4044 accipiunt,
2160 3964 2270 4025 nisi
2312 3976 2602 4041 quatenus
2641 3963 2981 4039 scripturam
3021 3972 3346 4037 sequuntur

436 4042 827 4123 pedetentim,
878 4044 983 4105 sed
1034 4044 1285 4121 pedibus
1336 4046 1425 4121 (vt
1475 4044 1559 4104 sic
1598 4045 1935 4121 loquamur)
1975 4043 2302 4120 lutulentiS,
2343 4043 2444 4120 qui
2481 4042 2598 4103 suis
2641 4041 2990 4102 commentis
3032 4060 3162 4100 eam
3203 4058 3344 4101 con-

434 4133 741 4201 spurcant,
781 4134 961 4201 atque
998 4124 1079 4183 ita
1118 4144 1191 4183 ex
1230 4123 1431 4183 diuina
1470 4126 1791 4183 humanam
1830 4125 2050 4184 faciunt
2088 4123 2287 4199 aliquo
2329 4122 2532 4181 modo,

517 4217 571 4280 5.
650 4205 875 4263 Forma
918 4203 1171 4283 duplex3
1210 4204 1441 4264 interna
1476 4222 1622 4281 vna,
1662 4216 1903 4264 externa
1942 4206 2154 4267 altera.
2195 4202 2333 4261 facit
2351 4202 2429 4261 ad
2447 4201 2824 4261 asserendam
2846 4202 2939 4260 Sc:
2955 4200 3180 4277 ipturae
3205 4201 3348 4261 diui·

436 4280 701 4344 nitatem.
761 4284 1013 4343 Inter-na
1061 4283 1251 4343 forma
1288 4292 1379 4343 est
1416 4282 1617 4343 diuina
1655 4284 1893 4359 veritas,
1932 4284 2083 4343 iusta
2121 4292 2354 4359 sancta,
2395 4282 2692 4357 perfecta,
2733 4298 2868 4339 cum
2911 4278 3150 4340 homine
3190 4300 3352 4340 com-

440 4362 811 4424 municabilis
862 4366 917 4423 δι
970 4382 1109 4423 cum
1160 4362 1287 4440 ipsa
1347 4362 1647 4441 Scriptura
1706 4362 2086 4441 ἀυτίςροφοςε
2149 4380 2330 4439 quam
2380 4362 2518 4422 cum
2569 4362 2796 4421 nullum
2849 4359 3012 4421 aliid
3073 4360 3350 4450 scriptum

3009 4449 3356 4515 expresserit
