3923 4875
589 349 706 412 250
1543 345 1868 394 rntsn
1926 345 2591 395 rntotoorcat.

587 511 804 570 ditatos
817 553 836 586 ,
901 509 980 568 ὁ·
1017 511 1080 567 in
1133 511 1258 568 suis
1315 511 1574 588 φιὶςίοίιές
1615 511 1923 571 enirm
1948 509 2211 588 perfect?
2248 511 2545 570 instruens
2584 508 3053 568 cei-cumstantias
3102 508 3407 584 quasdam
3442 511 3517 570 ἁ·

589 589 946 648 ceremonias
983 607 1056 648 ac
1091 589 1248 647 ritus
1285 590 1348 648 in
1389 607 1698 649 sacrorum
1737 594 2143 662 mysteriorum
2182 591 2565 650 celebrau'one
2602 608 2663 648 se
2696 590 3003 666 disponere
3040 589 3183 648 velle
3185 590 3485 664 promittit
3490 605 3516 658 ,⁰

589 687 736 744 ergo
785 671 851 728 in
907 671 970 728 8.
1027 669 1216 728 literis
1273 687 1388 730 non
1429 671 1626 728 omnia
1652 670 1810 746 fidei
1842 672 2121 746 dogmata
2158 678 2297 730 sunt
2330 679 2631 749 expressa.
2674 669 2797 728 Aut
2836 667 2954 728 boc
2996 665 3213 726 modo:
3258 667 3516 744 Gaura,

594 751 788 825 inquit
841 749 1072 807 Paulus
1093 791 1109 820 ‚
1171 749 1299 806 crim
1359 766 1568 810 venero
1629 751 1929 828 :asponam
1944 765 1967 806 .·
2024 767 2169 825 ergo
2214 750 2412 828 Papa,
2456 750 2801 808 Oardinales
2842 747 2919 806 ὁ·
2960 747 3237 806 Ρναιίαᾶ
3252 751 3516 826 proprio

587 829 801 888 iudicio
853 829 1007 888 citra
1046 827 1400 907 Scripturas
1438 829 1726 904 quodlibet
1763 829 1991 906 ingenij
2024 830 2269 888 lamani
2304 835 2624 888 monstrum
2649 828 2974 905 parmrire
2998 833 3298 906 poterunt.
3360 827 3513 886 Illud

591 909 872 986 profecto
915 907 1248 984 argumenti
1286 923 1474 984 genus
1515 907 1722 985 priscis
1765 908 2038 970 Patribus
2076 909 2407 968 admodum
2448 907 2848 985 periculosum
2886 922 3122 986 semper
3138 905 3511 966 &lubricum

595 987 788 1047 visum
847 997 956 1046 est.
1021 985 1258 1047 Etenim
1321 987 1684 1064 Augustinus
1735 990 1840 1065 (ln
1898 989 2116 1049 lohan.
2150 995 2409 1050 tractam
2453 991 2575 1064 79.)
2622 987 2737 1064 ait,
2806 987 3021 1046 Omnes
3058 987 3517 1065 insept'enttksimi

587 1067 870 1126 haeretici
880 1109 898 1142 ,
937 1069 1045 1143 qui
1077 1085 1139 1125 se
1183 1067 1552 1130 Christianos
1589 1071 1798 1130 vocari
1827 1070 2054 1144 volunt,
2094 1069 2376 1128 audacias
2383 1070 2807 1145 figmentorum
2828 1085 3069 1127 suorum
3089 1067 3202 1125 hac
3222 1069 3517 1126 occasione

589 1147 992 1222 Euangelicae
1031 1148 1344 1206 sententiae
1381 1149 1652 1208 colorare
1689 1157 1997 1226 conantur,
2054 1149 2157 1209 vbi
2191 1149 2487 1208 Dominus
2524 1149 2639 1222 ait,
2692 1149 2905 1206 Adhuc
2942 1149 3129 1206 multa
3144 1146 3331 1205 habeo
3350 1149 3509 1207 vohis

587 1229 804 1302 dicere,
863 1227 972 1285 sed
1021 1245 1138 1286 non
1184 1229 1431 1317 potestis
1484 1235 1734 1304 portare
1783 1229 1969 1288 modo.
2048 1229 2140 1288 Ita
2181 1225 2451 1304 Papistae
2490 1227 2807 1288 occasione
2848 1227 3065 1286 horum
3078 1269 3097 1300 ,
3136 1227 3194 1286 δι
3232 1223 3511 1284 similium

589 1307 912 1366 verborum
926 1348 944 1381 ,
985 1304 1266 1366 audacias
1303 1307 1727 1384 figmentorum
1767 1323 2013 1368 suorum
2053 1308 2263 1367 volunt
2301 1308 2588 1367 colorare.

677 1404 768 1446 io.
849 1387 1022 1445 Haec
1059 1385 1138 1446 de
1177 1385 1374 1462 primo
1413 1387 1688 1448 membro
1731 1385 2149 1465 disputationis
2187 1395 2451 1463 nostrae,
2492 1385 2771 1446 nimirum
2802 1384 2879 1445 de
2900 1393 3191 1462 potestate
3210 1384 3513 1444 Ecclesiae

588 1463 650 1525 in
689 1464 830 1526 fidei
869 1464 1252 1544 dogmatibus
1291 1466 1595 1526 tradendis
1610 1511 1630 1543 ,
1689 1465 1960 1528 dicamus
2004 1483 2167 1528 nunc
2204 1465 2282 1526 de
2322 1476 2617 1544 potestate
2657 1465 2811 1526 illius
2849 1463 2909 1525 in
2952 1464 3089 1524 fidei
3130 1463 3513 1542 dogmatibus

588 1543 1056 1622 interpretandis.
1100 1543 1314 1621 Liquet
1349 1556 1548 1606 autem
1577 1564 1654 1607 ex
1687 1546 2007 1624 hypothesi
2026 1546 2145 1606 iam
2164 1547 2515 1606 confirmata
2528 1591 2547 1624 ,
2570 1544 2899 1606 Ecclesiam
2918 1545 3137 1606 habere
3158 1551 3514 1622 potestatem

591 1623 1014 1701 interpretandi
1051 1623 1384 1716 Scripturas
1397 1669 1416 1702 ,
1457 1643 1582 1687 non
1622 1625 1874 1688 liberam
1917 1637 2100 1704 atque
2136 1625 2533 1699 indefinitam,
2572 1625 2679 1686 sed
2712 1623 2889 1686 certis
2923 1624 3155 1702 legibus
3172 1641 3245 1682 ac
3264 1621 3514 1684 vinculis

585 1703 916 1782 astrictam,
969 1715 1032 1764 vt
1093 1713 1412 1782 scripturas
1469 1723 1595 1786 non
1649 1724 1725 1766 ex
1775 1705 2015 1786 ingenio
2066 1723 2210 1782 suo,
2269 1705 2375 1766 sed
2414 1723 2487 1765 ex
2528 1704 2669 1782 ipsis
2709 1703 3025 1783 Scripturis
3066 1703 3513 1780 interpretetur,

590 1790 942 1862 semperque
983 1793 1270 1862 agnoscat
1307 1801 1475 1844 suam
1515 1784 1867 1846 sententiam
1887 1805 2019 1847 esse
2036 1785 2117 1846 ad
2140 1787 2403 1864 regulam
2425 1785 2761 1846 diuinorum
2784 1801 3125 1846 sermonum
3146 1783 3515 1862 exigendam,

589 1863 646 1922 δι
686 1875 866 1942 prout
901 1880 1042 1928 cum
1081 1881 1156 1924 ea
1180 1864 1546 1925 consenserit
1581 1866 2054 1944 approbandam.
2094 1865 2198 1924 vti
2240 1864 2397 1926 enim
2438 1864 2501 1926 in
2542 1864 2873 1943 Republica
2892 1863 3022 1926 talis
3040 1861 3319 1924 constitui
3340 1862 3517 1924 iudex

589 1961 714 2003 non
757 1943 965 2021 debet,
1009 1943 1112 2020 qui
1153 1961 1228 2004 ex
1267 1942 1512 2004 arbitrio
1551 1963 1625 2006 ae
1664 1946 1969 2007 voluntate
1989 1963 2095 2006 sua
2113 1946 2310 2023 legem
2328 1944 2745 2024 interpretetur
2762 1945 2918 2024 (tum
2942 1944 3102 2006 enim
3120 1943 3268 2021 quid
3288 1943 3519 2021 legibus

587 2038 740 2100 opus
779 2032 904 2082 erat
924 2019 972 2098 ἓ)
1009 2023 1129 2084 Sed
1165 2023 1270 2100 qui
1309 2024 1502 2101 legem
1535 2043 1612 2084 ex
1651 2027 1781 2104 lege
1818 2024 2257 2102 interpretetur:
2298 2024 2523 2104 alioqui
2541 2023 2775 2102 iniquus
2810 2024 2987 2086 iudex
3004 2024 3145 2102 erit,
3184 2021 3235 2084 si
3256 2031 3515 2083 mentem

585 2119 752 2162 suam
772 2120 896 2162 non
916 2104 1111 2179 legem
1133 2100 1322 2180 ipsam
1343 2114 1655 2181 aequaturi
1695 2107 1788 2166 Ita
1807 2104 1868 2164 in
1889 2105 2159 2166 Ecclesia
2178 2105 2535 2183 Episcopi&
2558 2106 2829 2166 Pastore:
2849 2105 3210 2182 Scripturam
3230 2101 3513 2180 interpre-

585 2180 694 2240 tari
731 2182 788 2240 δι
828 2183 1196 2242 voluntatem
1237 2181 1350 2243 Dei
1391 2201 1690 2262 exponere
1727 2185 1983 2247 debent:
2026 2185 2133 2246 sed
2172 2203 2247 2246 ex
2296 2185 2425 2263 ipsa
2464 2184 2573 2246 Dei
2612 2185 2744 2264 lege
2760 2183 2825 2244 id
2846 2195 2935 2244 est
2948 2227 2967 2260 ,
3008 2182 3311 2261 Scriptura
3328 2200 3517 2242 sacra.

675 2281 768 2322 11.
850 2264 996 2324 Hoc
1047 2281 1161 2342 nos
1219 2279 1332 2323 suo
1373 2265 1648 2342 exemplo
1693 2265 2023 2326 docuerunt
2061 2265 2373 2343 Apostoli,
2437 2264 2540 2342 qui
2580 2283 2821 2324 omnem
2864 2281 3032 2326 suam
3070 2261 3405 2324 doctrinam
3446 2280 3519 2322 ex

590 2340 736 2419 legis
775 2340 1014 2402 diuinae
1053 2342 1368 2402 autoritate
1402 2345 1846 2406 confirmarunt.
1885 2349 2017 2406 Act.
2058 2364 2117 2418 4.
2159 2349 2197 2404 8
2238 2347 2317 2404 &⁴
2360 2347 2453 2405 26.
2500 2364 2595 2405 22.
2639 2343 2737 2404 Sic
2776 2354 2914 2404 ante
2940 2361 3047 2404 eos
3064 2342 3245 2404 etiam
3266 2343 3517 2420 Hezras,

588 2433 649 2483 vt
709 2420 960 2501 legimus
1021 2423 1173 2483 Neh.
1213 2426 1272 2484 8.
1315 2444 1374 2501 9.
1413 2423 1604 2503 legem
1646 2422 1762 2485 Dei
1802 2427 2113 2503 explanate
2154 2427 2381 2503 populo
2420 2427 2687 2504 legebat,
2741 2425 2797 2485 δι
2838 2423 3197 2503 exponendo
3238 2439 3513 2497 sennim,

587 2504 775 2564 dabat
829 2504 1259 2581 :huwentiam
1306 2514 1432 2584 per
1483 2509 1844 2581 scripturam
1883 2509 2090 2583 ipsam.
2172 2506 2514 2565 Laudantur
2554 2508 2879 2567 Beroenses
2920 2504 3086 2581 quoti
3126 2521 3251 2563 non
3287 2506 3514 2563 temere

585 2600 660 2642 ac
699 2583 898 2643 subito
939 2583 1307 2661 susceperint
1345 2583 1630 2661 quicquid
1671 2586 1884 2645 Paulus
1923 2584 2129 2645 docuit
2142 2628 2161 2659 ,
2203 2586 2311 2645 sed
2346 2584 2473 2645 eius
2508 2600 2753 2662 quoque
2792 2583 3290 2662 praedicationem
3326 2584 3517 2659 Apos-

589 2660 834 2723 tolicam
877 2660 1192 2741 diligenter
1227 2664 1308 2723 ad
1347 2663 1680 2743 Scripturas
1721 2665 2024 2743 exegerint
2037 2710 2053 2741 ,
2120 2684 2147 2723 1
2205 2666 2408 2725 Thess.
2452 2682 2509 2741 5.
2552 2684 2583 2723 2
2600 2684 2648 2723 ι.
2690 2663 2789 2725 Sic
2830 2664 2912 2741 pii
2950 2683 3023 2725 ac
3062 2664 3269 2725 fideles
3308 2680 3516 2723 omnes

589 2740 870 2803 iubentur
901 2752 965 2803 vt
1003 2740 1116 2803 sibi
1152 2752 1432 2822 caueant,
1471 2744 1530 2803 δι
1571 2744 1844 2822 quamuis
1885 2744 2221 2807 doctrinam
2262 2744 2575 2823 diligenter
2613 2742 2979 2821 examinent,
3018 2762 3096 2803 ne
3134 2744 3285 2803 falsa
3315 2743 3512 2803 forsan

585 2840 700 2900 pro
741 2820 896 2883 veris
935 2822 1278 2900 suscipiant.
1323 2824 1754 2902 Scripturarum
1799 2824 1999 2903 itaque
2036 2824 2379 2886 testimonio
2420 2842 2573 2902 opus
2604 2836 2724 2901 est,
2764 2824 2969 2899 ante(f.
3017 2826 3377 2899 1718)quam
3416 2821 3513 2883 ali-

585 2902 730 2977 quid
771 2900 1030 2979 omnino
1064 2906 1228 2964 recte
1266 2909 1526 2981 vereque
1566 2906 1902 2967 credamus.

675 3000 765 3044 ιο.
845 2984 930 3043 At
988 3000 1132 3043 vero
1191 2982 1486 3062 lum'fugae
1527 2984 1958 3062 Scripturarum
2000 2982 2377 3060 Pontificiarij
2430 2986 2677 3061 (Ooster.
2718 2986 2780 3043 in
2832 2982 3203 3059 Euchiridio,
3222 2989 3375 3058 pag.
3419 3000 3513 3057 49.

589 3076 684 3139 5ο.
730 3082 760 3139 5
775 3064 852 3137 ι.)
927 3062 1264 3124 absolutam
1323 3063 1492 3125 verbi
1533 3064 1648 3125 Dei
1686 3064 2235 3157 interpretationem
2280 3082 2464 3141 penes
2502 3062 2833 3125 Ecclesiam
2868 3082 2997 3123 esse
3028 3062 3365 3122 clamitant:
3410 3060 3513 3121 sed

586 3142 752 3217 quod
789 3160 863 3203 ea
900 3158 1008 3218 per
1045 3152 1278 3204 vastum
1319 3146 1529 3205 orbem
1565 3143 1781 3205 diffusa
1813 3164 1942 3207 sine
1982 3142 2347 3223 gravissimis
2389 3142 2788 3205 incommodis
2828 3160 3009 3203 vnum
3045 3142 3107 3202 in
3128 3142 3331 3203 locum
3352 3148 3513 3201 coire

587 3230 880 3298 nequeat,
939 3222 998 3281 δι
1058 3240 1172 3301 pm
1215 3242 1279 3283 re
1317 3236 1458 3284 nata
1499 3222 1876 3301 quaestiones
1913 3218 2188 3286 difficiles
2226 3242 2351 3285 non
2392 3225 2526 3283 raro
2566 3222 2939 3300 exoriantur,
3001 3223 3196 3300 Deus,
3242 3219 3513 3299 inquiunt

591 3301 802 3363 maiori
843 3302 1208 3379 compendio
1246 3302 1386 3365 fidei
1427 3302 1744 3381 integritati
1787 3304 2185 3384 prospiciens,
2226 3302 2443 3365 Christi
2481 3302 2614 3364 vice
2654 3318 2837 3363 vnum
2856 3300 3137 3364 iudicauit
3155 3301 3217 3361 in
3250 3300 3515 3361 Ecclesia

583 3380 1064 3443 constituendum
1077 3426 1096 3459 ,
1159 3380 1418 3443 veritatis
1469 3398 1612 3445 suae
1669 3394 1880 3445 testem
1895 3428 1916 3464 ,
1976 3382 2301 3446 sententiae
2364 3382 2741 3461 interpretem
2754 3426 2775 3461 ,
2833 3382 2891 3442 δι
2938 3380 3255 3443 Christiani
3308 3380 3513 3458 populi

589 3462 938 3523 doctoremt
981 3461 1082 3537 qui
1123 3478 1226 3522 seu
1265 3462 1398 3541 pius
1411 3508 1430 3541 ,
1471 3480 1576 3524 seu
1618 3465 1967 3544 sceleratus,
2006 3482 2111 3527 seu
2148 3464 2489 3541 idololatra,
2531 3480 2635 3524 seu
2670 3460 2979 3523 diabolicis
3012 3460 3237 3522 artibus
3268 3478 3511 3537 operam

585 3558 814 3603 nauans
835 3584 856 3619 ,
911 3558 1018 3601 seu
1061 3542 1301 3620 doctus,
1358 3560 1466 3605 seu
1504 3542 1812 3622 indoctus,
1875 3544 2207 3606 dummodo
2248 3562 2321 3605 ex
2360 3541 2563 3605 officio
2602 3541 2986 3620 pronunciet,
3028 3539 3307 3618 Spiritum
3352 3541 3413 3599 S.
3450 3540 3509 3599 in

585 3620 870 3682 omnibus
906 3622 1128 3682 habeat
1159 3620 1516 3685 directorem
1529 3668 1546 3702 ,
1589 3622 1846 3701 ideoque
1889 3626 1967 3685 de
2006 3622 2451 3701 quaestionibus
2481 3622 2621 3682 fidei
2650 3622 2979 3683 decernens
3002 3638 3194 3681 errare
3212 3636 3512 3696 nunquam

583 3700 790 3779 possit.
873 3702 965 3761 Ex
1024 3718 1102 3761 eo
1141 3703 1404 3779 postulat
1443 3703 1558 3765 sibi
1599 3702 1760 3781 Papa
1800 3706 2111 3765 Romanus
2150 3722 2379 3765 morem
2420 3702 2547 3780 geri
2584 3701 2871 3793 quicquid
2908 3702 3149 3761 tandem
3192 3698 3509 3778 praescrip·

587 3781 758 3859 serit,
815 3782 874 3841 δι
935 3798 1043 3841 sua
1101 3780 1346 3842 decreta
1403 3782 1726 3845 examinari
1785 3785 1950 3845 nullo
2000 3784 2187 3844 modo
2230 3781 2469 3861 patitur.
2525 3781 2584 3841 O
2624 3782 2925 3861 impietas!
2968 3780 3204 3858 Ecquid
3244 3798 3356 3839 nos
3396 3779 3511 3839 hoc

588 3862 726 3921 loco
777 3862 858 3921 ad
917 3860 1246 3921 horrendas
1297 3861 1436 3922 istas
1495 3862 1896 3940 blasphemias
1955 3864 2117 3923 aliud
2176 3861 2692 3941 respondebimus,
2730 3866 2911 3940 quam
2952 3861 3117 3954 quod
3152 3862 3431 3921 Irenaeus
3452 3859 3509 3919 ἃ

583 3941 832 4002 Tertull.
873 3940 1158 4001 dicebant
1199 3940 1371 4019 olim,
1411 3946 1529 4003 ista
1567 3944 1798 4002 nouisse
1833 3944 2039 4004 vicisse
2076 3942 2207 4003 est?
2260 3942 2321 4003 Si
2360 3940 2765 4021 superioribus
2804 3944 2861 4003 δι
2899 3941 3141 4020 quidem
3182 3938 3511 4001 sanioribus

581 4020 794 4083 seculis
853 4021 1042 4081 sancti
1101 4020 1158 4079 δι
1207 4022 1412 4083 fideles
1464 4020 1864 4083 Ecclesiamm
1906 4025 2177 4084 Pastores
2218 4021 2591 4083 dictatoriam
2634 4023 2787 4081 hanc
2828 4029 3211 4111 potestatem,
3260 4018 3352 4079 ius
3392 4019 3509 4077 hoc

581 4116 882 4162 summum
927 4100 1260 4179 Scripturas
1293 4101 1714 4181 interpretandi
1740 4102 2049 4181 Episcopo
2069 4104 2352 4163 Romano
2372 4100 2751 4163 tribuendum
2772 4100 3139 4163 censuissent
3151 4144 3168 4177 ,
3190 4118 3253 4159 m
3273 4098 3509 4159 conuel-

583 4180 775 4241 lendis
836 4180 1182 4243 haeresibus
1239 4200 1364 4242 non
1429 4192 1742 4260 tantopere
1803 4184 2187 4244 laborassent.
2268 4181 2518 4243 Constat
2576 4180 2729 4242 inter
2768 4198 3005 4259 omnes,
3046 4178 3331 4240 maximas
3372 4176 3510 4239 fidei

581 4260 1020 4321 controuersias
1073 4262 1154 4321 ab
1191 4260 1305 4321 illis
1345 4260 1699 4323 authoritate
1739 4280 1864 4323 non
1905 4264 2103 4341 Papae
2118 4308 2135 4337 ,
2176 4262 2285 4323 sed
2325 4262 2441 4323 Dei
2476 4262 2531 4323 δι
2572 4262 3001 4338 Scripturarum
3042 4278 3171 4320 esse
3212 4259 3509 4320 diremtas.

581 4340 682 4401 Sic
747 4340 1190 4419 Macedonium,
1259 4342 1622 4419 Nestorium,
1661 4344 2053 4417 Eutychetem
2096 4344 2155 4403 S.
2198 4340 2484 4421 Episcopi
2522 4360 2597 4401 ex
2636 4340 2949 4419 Scripturis
2988 4342 3357 4477 refutaruntA
3392 4335 3509 4429 ‚Sic

2514 4470 2538 4519 1
3360 4436 3507 4477 nam
