3923 4875
576 333 684 392 126
1508 337 1838 385 rnasns
1898 335 2552 386 ruzonoorcaz.

655 528 748 584 23.
830 509 948 568 Est
982 507 1185 584 vbique
1222 508 1284 566 in
1328 506 1586 566 omnibus
1624 505 1828 564 rebus.-
1855 515 1980 584 per
2019 506 2344 582 essentiam,
2377 523 2502 564 non
2521 513 2586 565 vt
2603 523 2742 582 pars
2760 503 3073 582 essentiae,
3092 511 3198 564 aut
3213 503 3495 565 accidens

572 589 634 649 in
668 588 962 667 subiecto,
1003 587 1108 648 sed
1150 597 1217 648 vt
1254 584 1609 664 principium
1658 588 1715 646 &
1755 599 1964 645 caussa
2005 583 2350 644 vniuersalis
2390 585 2679 664 efficiens,
2725 588 2782 644 «Sc
2808 601 3170 645 conseruans
3189 585 3358 646 adest
3377 585 3490 662 rei,

574 686 753 746 quam
804 667 1025 746 effecit,
1078 670 1133 727 &
1172 685 1355 744 agens
1394 664 1449 726 ei
1490 665 1551 726 in
1593 665 1757 743 quod
1797 663 1919 743 agit
1942 675 2065 744 per
2095 667 2517 745 praesentiam,
2555 673 2846 743 quatenus
2887 663 3087 724 omnia
3125 673 3263 724 sunt
3299 665 3489 740 nuda,

571 750 649 809 ab
708 759 950 809 aeterno
1016 747 1079 806 in
1128 758 1467 824 aeternum,
1521 765 1727 806 coram
1781 743 1970 806 oculis
2009 743 2163 822 eius»,
2203 747 2394 804 Hebr.
2436 765 2492 819 4.
2541 765 2632 822 13.
2658 756 2780 824 per
2804 746 3127 824 potentiam
3143 787 3162 823 ,
3203 755 3490 821 quatenus

572 830 773 889 omnia
812 828 868 888 ei
907 826 1171 889 subiecta
1210 836 1345 887 sunt
1358 873 1376 906 ,
1408 835 1519 904 per
1551 828 1819 902 gratiam
1833 871 1849 901 ,
1888 827 2262 885 communiter
2277 871 2291 896 ,
2333 824 2398 884 in
2438 825 2717 886 omnibus
2757 824 3040 884 creattuis
3075 824 3457 886 rationalibus
3471 871 3488 902 ,

572 919 860 986 quatenus
921 907 1313 986 intelligentes
1370 916 1675 966 creaturae
1689 951 1707 985 ,
1770 905 1964 966 sciunt
2021 907 2220 964 Deum
2261 923 2390 965 esse
2441 909 2499 966 δι
2537 923 2744 983 agere:
2797 907 3186 980 singulariter
3223 907 3390 981 vem),
3431 904 3490 963 in

572 988 819 1067 sanctiS,
858 999 1145 1066 quatenus
1184 988 1372 1048 sancti
1386 1033 1404 1066 ,
1446 989 1502 1048 &
1540 988 1739 1046 Deum
1777 1003 1905 1047 esse
1944 986 2143 1045 Deum
2183 1001 2386 1062 suum,
2427 983 2661 1062 operari
2699 987 2924 1045 bonum
2965 1000 3136 1044 suum
3175 989 3232 1045 δι
3269 995 3492 1062 iacere,

572 1079 637 1129 vt
678 1067 879 1129 omnia
918 1077 1314 1146 cooperentur
1350 1067 1429 1128 ad
1468 1067 1717 1127 salutem
1756 1083 1955 1144 suam,
1995 1067 2136 1124 vere
2173 1074 2425 1141 norunt,
2466 1069 2522 1126 δι
2561 1064 2806 1125 firmiter
2845 1064 3114 1125 credunt.

659 1169 753 1222 24.
832 1147 1145 1209 Infinitatis
1182 1150 1367 1208 altera
1407 1145 1635 1225 species
1674 1154 1763 1206 est
1800 1147 2148 1223 aeternitas,
2188 1161 2307 1222 qua
2344 1145 2618 1206 eximitur
2657 1147 2821 1205 Deus
2853 1147 2889 1204 a
2909 1142 3210 1222 categoria
3227 1147 3460 1222 quando
3473 1189 3490 1222 ,

576 1228 639 1289 id
679 1237 802 1307 est,
846 1228 1165 1308 temporis,
1205 1227 1375 1306 quia,
1416 1229 1553 1287 cum
1593 1227 1757 1286 Deus
1797 1224 1873 1286 sit
1909 1225 2168 1303 primum
2211 1242 2490 1305 mouens,
2531 1226 2696 1303 quod
2735 1223 2938 1285 omnia
2965 1241 3117 1301 quae
3145 1235 3494 1302 mouentur,

572 1319 813 1370 moueat
826 1355 841 1381 ‚
884 1311 939 1368 δι
979 1312 1017 1369 a
1054 1311 1219 1369 nullo
1258 1317 1571 1369 moueatur
1584 1353 1601 1385 ,
1640 1307 1905 1382 sequitur
1942 1323 2067 1365 non
2105 1323 2234 1366 esse
2273 1306 2526 1383 tempori
2547 1304 2901 1384 obnoxium,
2918 1306 3088 1382 quod
3107 1315 3195 1365 est
3215 1321 3494 1365 numerus

578 1399 775 1450 motus
833 1408 942 1468 per
998 1389 1160 1466 prius
1217 1390 1274 1449 δι
1332 1386 1645 1466 posterius.
1708 1389 1787 1446 Et
1845 1387 1968 1446 hoc
2025 1387 2180 1445 belle
2228 1401 2368 1446 cum
2418 1385 2719 1464 Scriptura
2759 1385 3066 1464 conuenit,
3105 1403 3260 1462 quae
3299 1387 3496 1446 Deum

580 1481 886 1532 aeternum
902 1515 919 1546 ,
968 1471 1114 1529 Gen.
1161 1487 1253 1545 23.
1295 1485 1395 1546 35.
1433 1465 1827 1529 habitatorem
1865 1463 2224 1526 aeternitatis
2261 1475 2468 1544 vocat,
2507 1467 2659 1527 Esa.
2703 1481 2796 1544 57.
2844 1481 2933 1542 15.

660 1566 755 1628 25.
835 1549 1144 1610 Discretae
1182 1547 1524 1626 quantitatis
1560 1548 1761 1607 Deum
1800 1555 2103 1624 expertem
2143 1565 2270 1606 esse
2301 1547 2484 1607 docet
2499 1547 2529 1625 ,¹
2546 1549 2738 1607 vnica.
2775 1543 3045 1605 Dicimus
3063 1547 3206 1605 vero
3225 1543 3460 1604 vnicam
3477 1589 3495 1620 ,

572 1639 637 1689 vt
696 1631 1169 1692 demonstremus
1218 1646 1329 1689 nos
1380 1646 1506 1688 non
1554 1627 1717 1704 loqui
1758 1628 1835 1686 de
1874 1645 2028 1705 vno,
2067 1635 2356 1702 quatenus
2395 1635 2485 1686 est
2521 1625 2876 1704 principium
2917 1625 3176 1702 numeri,
3217 1626 3274 1682 ὅτ
3313 1625 3494 1684 habet

572 1729 637 1770 se
696 1710 937 1770 relatiue
989 1709 1067 1770 ad
1124 1707 1273 1769 alios
1334 1717 1651 1784 sequentes
1688 1725 1970 1767 numeros
1985 1751 2002 1784 ,
2043 1707 2149 1766 sed
2188 1716 2478 1783 quatenus
2519 1705 2882 1766 conuertitur
2923 1723 3060 1764 cum
3099 1716 3238 1765 ente
3275 1707 3332 1763 δε
3371 1723 3494 1763 non

574 1789 738 1850 addit
775 1790 852 1849 ad
893 1791 1017 1849 Ens
1054 1807 1183 1848 rem
1222 1787 1511 1865 aliquam,
1553 1787 1660 1848 sed
1700 1788 1929 1847 tantum
1971 1795 2150 1864 negat
2189 1787 2265 1847 de
2305 1806 2379 1847 eo
2419 1785 2774 1846 diuisionem
2814 1803 3078 1845 omnem.
3127 1784 3313 1858 Quod
3351 1787 3494 1843 vero

577 1869 693 1929 Dei
732 1868 983 1930 essentia
1020 1867 1097 1928 sit
1138 1867 1340 1947 vnica,
1382 1865 1521 1927 satis
1560 1876 1721 1944 patet
1764 1885 1839 1927 ex
1878 1876 2015 1926 ante
2053 1866 2244 1926 dictis.
2287 1865 2348 1926 Si
2387 1864 2544 1926 enim
2585 1875 2676 1926 est
2713 1865 2970 1944 infinita,
3009 1875 3098 1925 est
3135 1863 3338 1930 vnica,
3357 1863 3497 1940 quia

576 1949 697 2008 duo
732 1947 967 2013 infinita
1006 1967 1133 2008 esse
1176 1966 1297 2008 non
1340 1957 1605 2024 possunt.
1648 1946 1711 2007 Si
1749 1949 1913 2008 Deus
1953 1947 2213 2023 primum
2253 1964 2531 2024 mouens„
2571 1949 2626 2005 δι
2667 1945 2856 2023 prima
2895 1961 3104 2004 caussa
3141 1961 3336 2004 rerum
3375 1953 3496 2020 est,

574 2026 782 2088 vnicus
835 2037 955 2107 est,
1008 2027 1147 2105 quia
1197 2030 1234 2087 a
1281 2027 1518 2088 duobus
1556 2027 1808 2088 essentia
1846 2027 2128 2106 diuersiS,
2170 2026 2370 2086 omnia
2385 2071 2402 2102 ,
2443 2026 2772 2086 secundum
2810 2024 2968 2084 idem
2985 2069 3002 2102 ,
3043 2024 3242 2102 simul,
3281 2024 3496 2083 eodem

576 2107 763 2168 modo
814 2111 870 2168 δι
922 2118 1191 2186 tempore
1206 2153 1224 2186 ,
1269 2107 1423 2168 effici
1463 2109 1520 2167 δι
1560 2105 1787 2169 moueri
1826 2118 2147 2183 nequeunt.
2187 2106 2584 2184 Respondent
2621 2107 2758 2165 huic
2798 2105 3148 2164 naturalium
3187 2121 3496 2181 argumen-

575 2198 772 2248 torum
830 2187 1091 2266 veritati,
1150 2186 1443 2248 innumeri
1499 2187 1621 2248 loci
1680 2187 2034 2265 Scripturae.
2093 2205 2168 2246 ex
2207 2186 2422 2263 quibus
2463 2195 2697 2247 constat
2733 2187 2931 2245 Deum
2969 2205 3142 2246 vnum
3183 2201 3340 2262 esse,
3373 2201 3498 2242 non

576 2267 877 2346 analogia,
918 2286 1165 2346 genere,
1204 2279 1306 2328 aut
1344 2269 1572 2345 specie,
1614 2268 1719 2327 sed
1758 2266 2091 2330 indiuiduo.
2139 2269 2320 2326 Dent.
2363 2270 2422 2326 6.
2462 2287 2517 2339 4.
2569 2285 2620 2325 1.
2669 2267 2817 2324 Tim.
2863 2285 2916 2325 2.
2966 2280 3020 2341 5.

661 2351 753 2409 26.
833 2347 1126 2409 Vltimum
1164 2347 1504 2426 negantium
1542 2347 1919 2425 attributum,
1960 2357 2050 2408 est
2086 2349 2448 2407 inmeutabilis
2463 2391 2480 2424 ,
2521 2362 2640 2422 qua
2677 2347 2842 2404 Deus
2857 2389 2874 2422 ,
2915 2363 2988 2403 ex
3027 2342 3322 2421 categoria
3355 2357 3497 2418 qua-

574 2428 751 2491 litatis
798 2427 1099 2509 eximitur,
1150 2431 1207 2489 &
1248 2427 1439 2490 omnis
1482 2437 1679 2489 motus
1718 2439 1968 2507 negatur
2008 2427 2084 2488 de
2125 2446 2198 2488 eo
2221 2472 2237 2503 ,
2278 2426 2446 2504 quod
2484 2425 2656 2485 facile
2696 2422 2939 2503 probari
2980 2433 3174 2501 potest
3188 2468 3206 2502 ,
3246 2440 3498 2501 percur-

577 2510 762 2571 rendo
825 2530 1034 2571 omnes
1096 2508 1321 2587 species
1373 2519 1587 2569 motus.
1647 2507 2036 2568 Generationi
2076 2508 2132 2565 δι
2173 2504 2542 2583 corruptioni
2581 2525 2704 2566 non
2747 2525 2877 2566 esse
2918 2504 3276 2582 subiectum,
3318 2504 3502 2563 docet

576 2594 919 2670 aeternitas,
960 2590 1047 2651 do
1075 2592 1211 2650 Deo
1252 2589 1579 2649 enunciata.
1638 2588 1922 2649 Auctioni
1960 2588 2018 2647 &
2058 2584 2466 2664 diminutioni,
2506 2588 2869 2665 simplicitas,
2893 2602 3044 2661 quae
3064 2585 3261 2644 Deum
3281 2584 3497 2661 probat

575 2690 698 2731 non
756 2690 884 2731 esse
941 2669 1341 2747 compositum
1396 2690 1471 2729 ex
1524 2668 1787 2745 partibus
1835 2665 2100 2745 quantiS,
2152 2666 2478 2726 secundum
2519 2682 2666 2743 quas
2705 2668 2771 2725 fit
2811 2673 3194 2743 augmentum
3235 2666 3290 2722 δι
3329 2661 3498 2722 dimi·

576 2749 764 2811 nutio·
848 2754 1015 2829 Φορῷ
1035 2796 1052 2828 ,
1094 2749 1156 2809 id
1203 2760 1291 2809 est
1341 2749 1531 2809 motui
1570 2748 1775 2827 locali,
1814 2749 2124 2826 Infinitas,
2167 2746 2306 2824 quia
2344 2747 2536 2825 Deus,
2575 2747 2714 2805 cum
2756 2744 2960 2805 omnia
2998 2742 3499 2821 comprehendat,

578 2849 701 2890 non
741 2840 936 2909 potest
976 2828 1311 2908 pertingere
1349 2829 1427 2889 ad
1466 2828 1613 2889 illud
1651 2830 1729 2889 ad
1770 2829 1937 2905 quod
1975 2844 2100 2887 non
2140 2826 2510 2904 pertingebat
2551 2836 2719 2905 ante,
2759 2842 2912 2901 quae
2951 2822 3215 2884 conditio
3254 2832 3342 2883 est
3375 2842 3502 2883 om·

578 2911 739 2970 nium
798 2913 939 2970 loco
1001 2920 1325 2969 motorum.
1385 2907 1741 2968 Alterationi
1799 2908 2130 2968 secundum
2185 2906 2513 2983 qualitates.
2563 2906 2683 2966 hoc
2735 2904 3080 2965 attributum
3097 2950 3117 2984 ,
3153 2900 3323 2979 quia,
3364 2905 3504 2962 cum

576 2989 722 3050 nihil
763 2989 838 3050 sit
878 2988 1152 3050 accidens
1192 2988 1254 3049 in
1294 2991 1459 3067 Deo,
1500 2987 1751 3065 qualitas
1789 2991 1936 3049 vero
1979 2986 2054 3047 sit
2093 2987 2405 3065 accidenS,
2445 3004 2568 3046 non
2609 2994 2808 3063 potest
2846 2984 3021 3045 statui
3059 2984 3120 3044 in
3154 2986 3322 3061 De0,
3365 2985 3504 3042 alte-

577 3068 726 3129 ratio
768 3069 1099 3131 secundum
1140 3070 1481 3147 qualitateS,
1521 3086 1675 3146 quae
1713 3087 1838 3129 non
1878 3078 2035 3128 sunt.
2074 3066 2328 3127 Accedit
2368 3066 2446 3125 ad
2484 3066 2632 3126 haec
2665 3076 3041 3143 argumenta,
3073 3062 3339 3124 omnium
3361 3082 3504 3123 con-

578 3166 779 3211 sensus
796 3196 814 3227 ,
853 3152 1051 3209 Deum
1083 3170 1211 3210 esse
1247 3148 1505 3227 primum
1526 3147 1881 3226 principium
1896 3194 1913 3226 ,
1934 3150 1988 3206 δι
2011 3146 2265 3223 primum
2289 3164 2538 3206 mouens
2557 3144 2882 3207 immobile.
2922 3145 3092 3205 Idem
3112 3144 3276 3221 quod
3297 3152 3506 3203 natura

581 3230 656 3289 de
694 3231 859 3305 Deot,
902 3230 976 3289 de
1016 3248 1082 3289 se
1123 3239 1369 3290 testatur
1386 3231 1553 3289 Deus
1572 3228 1732 3306 apud
1750 3228 2104 3288 Malachiam
2123 3273 2139 3303 ,
2157 3229 2318 3285 Mal.
2342 3246 2398 3303 3.
2433 3230 2490 3287 6.
2519 3228 2575 3285 δι
2603 3226 2860 3285 Iacobus
2890 3226 2966 3285 de
2985 3227 3154 3297 Deo,
3174 3226 3302 3283 Iac.
3331 3244 3380 3281 1.
3410 3240 3503 3300 15.

663 3326 755 3385 27.
837 3310 1148 3369 Hactenus
1210 3310 1287 3368 de
1346 3308 1542 3386 primo
1596 3327 1813 3386 genere
1864 3305 2278 3367 attributorum
2297 3352 2314 3385 ,
2370 3324 2491 3383 quo
2533 3308 2610 3365 de
2649 3307 2786 3365 Deo
2825 3306 3204 3383 negauimus,
3247 3304 3412 3379 quod
3449 3304 3504 3362 ei

577 3408 703 3449 non
755 3390 1155 3466 competebat.
1193 3388 1271 3448 ad
1317 3408 1370 3448 2.
1410 3388 1749 3465 propositus
1789 3387 1940 3447 ordo
1981 3406 2092 3447 nos
2130 3387 2402 3462 deducit,
2431 3404 2552 3463 quo
2574 3385 2888 3459 docemur,
2910 3383 3326 3461 perfectioneS,
3349 3400 3504 3459 quae

578 3480 713 3530 sunt
766 3468 827 3528 in
878 3468 1193 3546 creaturiS,
1252 3467 1558 3545 analogice
1598 3468 1675 3527 de
1714 3468 1849 3527 Deo
1890 3468 2186 3527 affirmari.
2246 3465 2549 3542 Quoniam
2588 3470 2733 3527 vero
2773 3466 2969 3525 nullae
3009 3475 3145 3525 sunt
3181 3463 3504 3544 nobiliores

580 3549 675 3627 iis,
725 3565 872 3626 quas
920 3548 997 3607 ad
1049 3547 1371 3626 imaginem
1422 3564 1591 3607 suam
1632 3546 1902 3607 condidit
1939 3550 2138 3625 Deus,
2179 3565 2254 3606 ex
2294 3549 2616 3607 formarum
2657 3543 3103 3620 intelligentium
3143 3552 3378 3621 natura,
3418 3544 3496 3604 de

579 3632 715 3689 Deo
756 3628 1203 3690 enunciabimus
1218 3674 1235 3707 ,
1276 3630 1628 3704 intelligens,
1670 3630 2039 3704 omnipotens.

665 3714 759 3770 28.
835 3712 959 3770 Res
1009 3728 1219 3769 omnes
1258 3726 1411 3785 quae
1450 3708 1512 3767 in
1554 3708 1781 3768 mundo
1820 3718 1986 3785 sunt,
2039 3716 2142 3767 aut
2180 3704 2474 3766 animatae
2513 3715 2614 3765 aut
2652 3704 3005 3765 inanimatae
3044 3712 3198 3765 sunt.
3236 3699 3328 3760 his
3363 3699 3498 3763 illae

578 3799 910 3867 praestant,
951 3790 1217 3850 omnium
1260 3789 1513 3848 calculo.
1572 3790 1705 3847 Vita
1744 3786 1921 3865 igitur
1960 3788 2039 3847 de
2078 3790 2214 3847 Deo
2255 3786 2436 3845 debet
2465 3784 2784 3846 enunciari.
2825 3784 2888 3843 Si
2913 3783 3072 3844 enim
3093 3794 3363 3843 aeternus
3383 3790 3498 3857 est,

580 3868 752 3943 viuit,
814 3871 953 3929 cum
1007 3867 1370 3929 aeternitatis
1425 3866 1687 3928 definitio
1728 3867 1829 3945 sit,
1871 3872 1959 3943 (vt
1999 3868 2240 3927 affertur
2278 3869 2314 3924 a
2353 3865 2631 3941 Boethio)
2669 3864 3113 3925 interminabilis
3151 3864 3304 3922 vitae
3319 3907 3334 3937 ,
3373 3871 3498 3919 tota

581 3948 784 4025 simul,
824 3950 880 4008 δι
920 3950 1184 4026 perfecta
1221 3949 1549 4026 possessio:
1593 3948 1759 4025 quod
1797 3949 2112 4009 confirmat
2152 3945 2485 4023 Scriptura,
2525 3948 2724 4005 Deum
2756 3944 3085 4021 viuentem,
3115 3944 3262 4002 Gen.
3291 3960 3381 4001 10.
3407 3960 3496 4012 14.

578 4030 752 4088 Rom.
795 4048 849 4104 9.
899 4032 993 4089 26.
1035 4031 1262 4089 fontem
1304 4028 1491 4105 vitae,
1533 4029 1588 4086 δε
1628 4027 1811 4088 vitam
1850 4029 2239 4105 nuncupan(f.
2283 4027 2582 4099 1612.)d0.
2623 4028 2728 4085 Ps.
2752 4027 2848 4102 36.
2887 4045 2978 4083 10.
3011 4042 3052 4082 1.
3085 4026 3298 4082 loann.
3325 4038 3380 4097 5.
3405 4041 3498 4081 20.

664 4127 758 4184 ²9·
841 4108 997 4182 Quia
1056 4112 1205 4169 vero
1262 4109 1383 4168 vita
1441 4106 1773 4186 vegetatiua
1824 4109 2158 4185 plantarum
2181 4152 2198 4184 ,
2238 4108 2293 4165 &
2326 4104 2606 4166 sensitiua
2643 4104 2980 4165 animalium
2997 4149 3013 4179 ,
3052 4121 3344 4180 corporea
3385 4110 3496 4170 est,

583 4190 779 4261 DeuS,
838 4185 941 4262 qui
992 4196 1081 4247 est
1137 4188 1383 4267 Spiritus
1400 4233 1417 4267 ,
1472 4206 1585 4248 nec
1638 4188 1820 4248 vitam
1873 4190 2212 4265 plantarum
2252 4204 2365 4246 nec
2403 4184 2746 4245 animalium
2763 4230 2780 4263 ,
2821 4182 3020 4243 viuere
3058 4181 3347 4241 dicendus
3385 4190 3497 4239 est:

582 4264 813 4345 potius,
875 4266 1013 4325 cum
1074 4265 1196 4328 vita
1255 4270 1575 4327 formarum
1634 4266 2084 4347 intelligentium
2143 4264 2509 4327 nobilissima
2547 4264 2622 4325 sit
2660 4263 2953 4341 omnium,
2991 4280 3100 4338 per
3135 4260 3499 4339 analogiam,

583 4347 767 4409 vitam
808 4347 1215 4421 intelligentem
1254 4350 1389 4408 Deo
1426 4347 1769 4409 tribttemus.
3286 4420 3398 4479 Sec

3105 4440 3205 4497 3ο.
3399 4434 3498 4477 un·
