3923 4875
580 362 698 410 210
1525 357 1858 406 THESES
1915 357 2570 406 Tutotoclcan.

579 523 702 585 Col.
746 543 800 583 2.
849 540 941 599 13.
989 520 1116 580 Nos
1159 521 1317 580 hanc
1355 526 1696 605 avvipyewr
1736 523 2149 602 operationum
2192 521 2439 601 Spiritus
2479 523 2538 582 S.
2580 525 2635 583 δι
2656 519 3067 601 operationum
3086 521 3257 582 liberi
3276 521 3499 599 arbitrij

573 622 698 663 non
759 599 1162 681 agnoscimus,
1204 602 1680 664 Instrumentalis
1721 615 1954 664 externa
1978 650 1993 680 ,
2034 603 2308 664 doctrina
2346 603 2493 680 legis
2532 601 2795 664 excitans
2834 601 3197 680 agnitionem
3238 603 3499 680 peccati,

572 681 791 743 concio
833 680 1140 759 Euangelij
1186 699 1258 740 ex
1298 699 1416 758 qua
1459 684 1670 744 fiducia
1708 684 1784 744 de
1804 682 2151 743 remissione
2172 693 2576 760 peccatorum.
2616 685 2837 742 Iterum
2857 684 2953 742 lex
2976 693 3275 760 tamquam
3300 685 3500 760 regula

575 763 744 826 vitae.
785 765 1052 839 Interna,
1092 760 1270 842 fides,
1312 779 1387 822 ex
1427 780 1546 840 qua
1582 763 1821 824 dilectio
1836 809 1854 840 ,
1896 765 2055 823 vnde
2096 763 2289 824 existit
2328 761 2661 824 conuersio.
2713 763 3079 824 Adiuuantes
3093 807 3110 842 ,
3152 781 3297 822 crux
3312 807 3329 840 ,
3371 774 3495 823 tum

575 841 782 922 nobis,
823 851 951 900 tum
992 838 1118 899 aliis
1158 839 1452 902 immissa:
1494 841 1636 904 item
1675 840 1963 904 beneficia
1999 845 2053 903 &
2093 861 2343 920 poenae.

651 941 708 996 4.
791 921 1063 982 Materia
1103 921 1265 980 circa
1305 941 1478 998 quam
1496 968 1513 1001 ,
1553 935 1642 984 est
1682 921 1938 1003 prauitas
1980 919 2155 982 nobis
2197 921 2538 1001 inhaerens,
2579 931 2704 981 tum
2740 921 3070 1014 originalis,
3106 935 3231 980 tum
3253 923 3497 982 actualis

572 1021 646 1062 ex
705 1002 809 1062 illo
869 999 1078 1060 fomite
1136 1010 1284 1060 orta.
1348 1003 1596 1063 Materia
1647 1006 1709 1063 in
1763 1022 1880 1080 qua
1920 1001 2384 1080 Resipiscentiae
2423 1019 2593 1061 amor
2633 1012 2863 1078 peccati
2903 1001 2960 1061 δι
2999 1000 3207 1062 odium
3245 1001 3495 1062 iustitiae

571 1100 728 1160 quae
787 1090 1086 1141 mutantur
1145 1079 1207 1140 in
1263 1099 1530 1142 amorem
1571 1082 1820 1144 iustitiae
1863 1083 1918 1142 δι
1959 1083 2163 1142 odium
2207 1081 2452 1159 peccati.
2494 1083 2613 1141 Pro
2652 1083 2860 1159 rege(s.
2906 1081 3407 1158 1684.)neratione
3448 1083 3498 1142 si

569 1160 925 1240 accipiatur,
985 1159 1316 1220 subiectum
1377 1173 1514 1222 sunt
1565 1162 1926 1223 intellectiua
1968 1164 2239 1222 voluntas
2278 1165 2335 1222 δε
2374 1180 2581 1222 omnes
2622 1161 2865 1222 affectus
2902 1161 3177 1222 hominia.
3234 1164 3339 1220 Eae
3376 1181 3495 1238 qua

572 1254 664 1304 est
704 1241 954 1319 Spiritus
993 1239 1056 1300 S.
1095 1259 1352 1318 operans
1391 1243 1910 1304 mortificationem
1953 1241 2165 1302 virtute
2206 1241 2413 1302 mortis
2454 1241 2703 1321 Christi3
2744 1240 3255 1318 Viuificationem,
3288 1242 3495 1302 virtute

573 1319 1033 1384 resurrectionis.
1073 1321 1248 1381 Rom.
1290 1339 1348 1394 4.
1395 1337 1490 1400 25.
1532 1325 1609 1384 ὃν·
1647 1327 1703 1386 6.
1745 1345 1802 1397 4.
1843 1321 2155 1384 Materiam
2197 1321 2689 1382 Sacramentalem
2730 1321 3127 1400 poenitentiae
3154 1321 3399 1397 quidam
3420 1341 3496 1382 ex

569 1399 894 1464 Pontificiis
953 1399 1161 1460 dicunt
1218 1419 1346 1462 esse
1403 1414 1677 1482 peccata,
1719 1402 1816 1480 alij
1857 1413 2235 1480 peccatorem
2275 1403 2657 1462 confitentem
2670 1445 2689 1480 ,
2725 1401 2821 1478 alij
2860 1413 3026 1462 actus
3066 1401 3496 1480 poenitentiae3

569 1477 666 1558 alij
709 1479 1160 1558 contritionem,
1204 1481 1640 1543 confessionem
1679 1485 1735 1543 δι
1776 1481 2255 1543 satisfactionem.
2298 1481 2414 1542 Sed
2454 1479 2595 1558 quia
2634 1480 2911 1542 contritio
2952 1501 3075 1542 non
3116 1492 3203 1542 est
3236 1481 3495 1558 visibilis,

569 1563 625 1622 δι
667 1559 983 1622 satisfactio
1025 1559 1288 1636 sequitur
1329 1562 1768 1640 susceptionem
1805 1563 1957 1623 illius
2000 1562 2361 1624 Sacramenti
2375 1607 2395 1639 ,
2426 1561 2563 1622 ideo
2584 1563 2775 1622 solam
2795 1560 3231 1623 confessionem
3253 1563 3493 1638 quidam

569 1661 682 1720 pro
743 1639 990 1702 materia
1051 1651 1302 1717 ponunt.
1361 1641 1700 1703 Concilium
1741 1641 2155 1702 Tridentinum
2196 1661 2339 1702 sess.
2381 1661 2440 1715 4.
2480 1661 2535 1704 c.
2576 1661 2633 1718 3.
2693 1645 2901 1702 Actum
2925 1643 3315 1720 poenitentiae
3354 1641 3496 1701 dicit

571 1741 700 1784 esse
739 1719 1047 1782 materiam
1087 1739 1344 1799 sacram,
1384 1725 1480 1783 vel
1512 1725 1688 1800 quasi
1723 1724 2050 1784 materiam.
2090 1723 2265 1782 Haec
2306 1732 2395 1781 est
2434 1721 2677 1782 firmitas
2715 1721 2951 1782 illorum
2992 1721 3327 1781 Canonum.

658 1817 713 1880 5.
795 1803 1024 1861 Forma
1083 1799 1549 1878 Resipiscentiae
1606 1813 1694 1864 est
1741 1801 2023 1863 inchoata
2064 1801 2311 1863 mutatio
2352 1802 2673 1862 affectuum
2714 1801 2905 1861 carnis
2944 1800 3005 1860 in
3048 1801 3291 1861 affectus
3330 1799 3495 1878 spiri-

572 1883 780 1942 tudes.
821 1879 1314 1957 Regenerationis
1355 1892 1582 1963 autem,
1623 1881 1930 1943 innouatio
1961 1881 2195 1974 plenior
2216 1881 2573 1959 intellectus,
2609 1881 2926 1942 voluntatis
2942 1885 3000 1942 δι
3020 1879 3237 1941 cordis.
3277 1882 3497 1940 Forma

569 1969 814 2022 externa
873 1971 1013 2020 sunt
1069 1957 1214 2020 ritus
1274 1960 1518 2038 quidam
1573 1962 1828 2042 externi,
1883 1979 1988 2039 qui
2026 1960 2321 2022 interdum
2360 1980 2563 2022 veram
2604 1960 3026 2038 poenitentiam
3066 1971 3349 2038 arguunt,
3388 1960 3494 2020 sed

571 2058 697 2099 non
745 2057 1000 2117 semper.
1060 2041 1131 2098 In
1185 2049 1384 2102 vetere
1431 2041 1700 2104 Ecclesia
1751 2040 1987 2102 habitus
2038 2040 2463 2118 poenitentium
2518 2051 2683 2100 erant
2698 2085 2715 2116 ,
2755 2041 2916 2118 pulla
2956 2041 3161 2117 vestiS,
3202 2038 3461 2100 cilicium
3476 2082 3495 2117 ,

571 2130 754 2198 caput
792 2121 1141 2180 detonsum:
1183 2119 1628 2198 excipiebantur
1665 2133 1866 2183 tamen
1907 2121 2221 2182 foeminae.
2274 2123 2517 2182 Tertull.
2562 2122 2663 2180 lib.
2707 2123 2775 2180 de
2800 2123 3011 2198 poenit.
3064 2121 3263 2199 Optat.
3304 2121 3405 2180 lib.
3440 2139 3493 2180 2.

559 2209 755 2280 prope
793 2201 1002 2276 finem.
1067 2199 1325 2276 Gregor.
1387 2203 1687 2264 Nasians.
1727 2205 1788 2261 in
1839 2204 1991 2279 epis-t
2044 2201 2265 2261 Canon.
2324 2199 2475 2261 Loci
2526 2199 2629 2260 vbi
2676 2206 3047 2278 poenitentes
3094 2198 3497 2260 consistebant

569 2291 736 2340 erant
794 2277 958 2354 varii.
1019 2280 1068 2339 Ι.
1129 2279 1356 2341 Primus
1415 2283 1583 2344 locus
1643 2281 1747 2361 qui
1803 2291 1928 2342 erat
1978 2291 2143 2342 extra
2180 2293 2379 2359 portas
2418 2279 2720 2342 Ecclesiae
2760 2281 3141 2360 περικλαυσις
3180 2277 3421 2357 dicitur,
3460 2281 3497 2337 a

568 2359 712 2420 fletu
767 2376 978 2421 eorum
1025 2359 1132 2436 qui
1180 2359 1264 2421 ibi
1315 2363 1735 2424 consistebant.
1799 2365 1878 2422 ΙΙ.
1937 2363 2098 2424 Intra
2147 2371 2377 2441 portas,
2426 2370 2490 2420 vt
2540 2359 2745 2420 audire
2798 2361 3047 2420 verbum
3100 2358 3216 2418 Dei
3253 2369 3498 2435 possent

565 2440 604 2497 ἀ
791 2462 850 2507 ις
891 2437 1088 2500 dictus
1130 2452 1218 2501 est
1254 2443 1362 2503 111.
1394 2443 1754 2521 ὑπόπτωσις,
1795 2462 1857 2521 q.
1895 2444 1955 2503 d.
1996 2442 2345 2503 substratio:
2391 2460 2529 2501 nam
2562 2441 2668 2517 qui
2697 2440 2781 2502 ibi
2801 2439 3205 2501 consistebant
3224 2450 3464 2501 orantes
3480 2485 3496 2513 ,

567 2522 919 2596 spectabant
969 2520 1162 2581 solum
1201 2522 1278 2581 de
1319 2522 1648 2601 longinquo
1689 2522 2177 2584 communionem
2192 2567 2209 2601 ,
2250 2524 2357 2583 sed
2398 2540 2523 2581 non
2562 2520 3027 2582 admittebantur
3064 2520 3143 2579 ad
3184 2518 3333 2579 eam.
3390 2522 3495 2579 lV.

563 2602 822 2667 σύςωιε
835 2644 853 2677 ,
894 2598 1036 2678 quia
1075 2601 1152 2661 de
1191 2602 1530 2681 propinquo
1569 2606 1844 2664 astabant
1883 2601 2171 2664 sacrificio
2213 2602 2475 2663 fidelium
2491 2646 2507 2677 ,
2538 2600 2677 2661 licet
2694 2600 2805 2679 ipsi
2826 2620 2949 2661 non
2969 2598 3497 2661 communicarent.

569 2678 645 2737 V.
683 2681 944 2757 phetae,
985 2699 1047 2758 q.
1087 2679 1150 2741 d.
1189 2681 1593 2761 participatio,
1637 2694 1764 2744 erat
1803 2700 2013 2743 eorum
2050 2682 2153 2759 qui
2193 2680 2615 2759 poenitentiam
2652 2683 3029 2758 expleuerant
3046 2724 3062 2755 ,
3100 2681 3155 2739 δι
3176 2680 3495 2741 solenniter

566 2758 1127 2837 reconciliabantur,
1165 2760 1371 2822 Innoc.
1423 2782 1473 2821 1.
1511 2765 1574 2821 in
1617 2766 1783 2842 epist.
1823 2766 1911 2823 ad
1939 2764 2161 2822 Dee-en.
2200 2762 2439 2838 Eugub.
2480 2762 2758 2840 Episcop.
2780 2780 2827 2821 c.
2854 2780 2907 2837 7.
2949 2760 3243 2821 Omnibus
3264 2772 3491 2837 autem,

565 2854 646 2897 ne
703 2837 774 2899 iis
830 2838 1069 2915 quidem
1129 2840 1392 2919 exceptis
1405 2886 1423 2919 ,
1485 2841 1702 2919 quibus
1756 2841 2153 2920 poenitentiae
2214 2844 2291 2901 ad
2336 2843 2553 2901 multos
2590 2860 2781 2901 annos
2820 2852 2987 2901 erant
3026 2838 3335 2917 impositae
3376 2860 3491 2917 pax

567 2916 819 2977 dabamr
859 2918 1006 2979 feria
1042 2918 1252 2997 quinta
1288 2920 1534 2982 Maioris
1571 2922 2007 2983 hebdomadae.
2049 2924 2287 2983 Poenae
2326 2932 2497 2982 erant
2536 2921 2751 2981 variae.
2798 2921 2975 2998 cypr.
3016 2922 3117 2979 lib.
3159 2940 3214 2997 3.
3252 2922 3413 2996 epist.
3435 2924 3493 2981 8.

566 2995 864 3087 abstinere
925 3002 964 3059 a
1012 2997 1464 3078 participatione
1505 3000 1844 3063 diuinorum
1887 3002 2329 3079 mysteriorum:
2370 3004 2573 3061 Innoc.
2611 3002 2675 3060 in
2715 3003 2879 3079 epist.
2916 3000 3003 3059 ad
3036 3000 3253 3059 Decen.
3292 3018 3493 3059 carere

565 3087 848 3137 vnctione
887 3076 1279 3141 infirmorum.
1325 3080 1522 3158 capita
1561 3082 1906 3142 submittere
1945 3082 2353 3143 sacerdotibus
2396 3082 2603 3142 diebus
2646 3079 2999 3140 ieiuniorum
3014 3124 3033 3157 ,
3068 3091 3132 3140 vt
3171 3079 3239 3139 iis
3281 3096 3491 3139 manus

567 3155 1034 3235 imponerentur.
1071 3159 1186 3221 Die
1225 3160 1488 3239 paschali
1505 3205 1522 3238 ,
1561 3162 1699 3221 curn
1742 3162 1943 3222 fideles
1982 3172 2201 3223 stantes
2241 3161 2519 3239 orabant,
2563 3176 2757 3238 genua
2797 3164 3033 3220 flectere
3073 3158 3225 3218 inter
3262 3178 3489 3237 preces.

568 3237 783 3299 conat.
829 3238 1120 3314 Carthag.
1162 3259 1220 3313 4.
1259 3260 1388 3301 can.
1421 3244 1499 3301 80
1521 3242 1598 3301 ὁ·
1631 3244 1727 3303 82.
1768 3245 1989 3302 Forma
2007 3244 2362 3303 sacramenti
2376 3238 2807 3318 Poenitentiae,
2842 3240 3197 3317 quibusdam
3216 3238 3493 3299 videntur

565 3334 694 3407 esse
733 3318 915 3378 verba
954 3319 1362 3382 absolutionis.
1402 3322 1521 3382 Sed
1559 3323 1697 3383 cum
1736 3321 2095 3383 absolutioni
2130 3340 2253 3381 non
2274 3320 2389 3381 sint
2409 3330 2569 3381 certa
2588 3321 2773 3381 verba
2788 3322 2826 3379 a
2845 3320 3083 3381 Christo
3104 3318 3488 3397 praescripta,

565 3396 662 3472 ahj
699 3396 862 3473 ipsos
899 3408 1068 3459 actus
1107 3399 1436 3461 sacerdotis
1475 3400 1840 3463 absoluentis
1877 3404 2131 3461 sormam
2170 3418 2301 3462 esse
2343 3412 2569 3478 putant.

569 3554 582 3567 ·
644 3478 704 3567 6.
783 3478 958 3537 Fatis
997 3480 1350 3558 praecipuus
1390 3482 1445 3540 δι
1485 3481 1754 3559 vltimus,
1795 3481 1988 3559 gloria
2027 3480 2174 3561 Dei,
2215 3498 2369 3558 quae
2406 3481 2724 3559 plurimum
2764 3479 3113 3552 illustratur,
3154 3477 3205 3539 si
3234 3478 3491 3556 populus

563 3574 678 3633 ipsi
739 3556 1138 3619 sanctificams
1199 3562 1255 3621 δι
1317 3561 1626 3638 peculiaris
1669 3560 1745 3621 sit
1785 3561 2083 3623 studiosus
2124 3562 2427 3623 bonorum
2468 3576 2737 3639 operum.
2780 3559 2911 3620 finis
2952 3559 3212 3636 medius,
3256 3559 3489 3619 confor-

565 3636 752 3697 matio
791 3636 980 3699 nostri
1017 3639 1096 3699 ad
1135 3638 1454 3723 imaginem
1493 3640 1641 3719 Dei,
1681 3642 2013 3703 secundum
2054 3660 2237 3720 quam
2275 3641 2455 3703 creati
2494 3658 2725 3701 sumus:
2774 3641 2996 3720 Ephes.
3036 3660 3094 3713 4.
3138 3658 3231 3712 24.
3290 3638 3490 3697 Minus

563 3714 938 3796 principalis,
979 3718 1296 3780 conuersio
1341 3720 1616 3782 aliorum:
1660 3724 1807 3783 Luc.
1852 3742 1946 3781 22.
1991 3741 2087 3799 32.
2130 3722 2259 3782 finis
2300 3719 2697 3799 poenitentiae
2716 3720 3018 3798 publicae,
3050 3729 3113 3779 vt
3134 3718 3207 3779 sit
3227 3716 3489 3778 medium

565 3814 689 3874 quo
731 3798 973 3859 satisfiat
1013 3800 1346 3879 Ecclesiae,
1392 3800 1452 3860 in
1493 3819 1614 3879 qua
1651 3811 1903 3880 peccata
1941 3802 2345 3880 remittuntur,
2382 3813 2445 3861 vt
2486 3800 2709 3879 optime
2749 3799 3010 3877 loquitur
3055 3798 3389 3858 Cassander
3426 3800 3489 3857 in

571 3876 830 3941 Consult.
869 3886 988 3940 art.
1038 3897 1129 3939 11.
1173 3882 1230 3941 δι
1271 3891 1462 3942 metus
1500 3880 1820 3942 incutiatur
1860 3882 2275 3960 peccantibus3
2321 3902 2371 3941 1.
2426 3884 2571 3941 Tim.
2617 3896 2673 3957 5.
2718 3899 2813 3939 20.

644 3976 699 4034 7.
780 3961 996 4019 Partes
1059 3970 1194 4019 sunt
1253 3961 1436 4033 duae,
1501 3962 1708 4023 odium
1763 3964 1996 4040 peccati
2036 3979 2139 4023 seu
2178 3960 2413 4023 auersio
2452 3965 2490 4021 a
2530 3960 2687 4021 malo
2700 4004 2719 4038 ,
2758 3961 2815 4018 δε
2855 3977 3025 4019 amor
3062 3956 3311 4018 iustitiae
3324 4002 3344 4033 ,
3384 3974 3489 4017 seu

560 4038 874 4100 conuersio
935 4040 1014 4100 ad
1072 4041 1329 4101 bonum:
1387 4060 1438 4102 2.
1485 4041 1625 4102 Cor.
1670 4060 1725 4117 7.
1772 4062 1797 4101 1
1815 4062 1864 4103 ι.
1925 4044 2051 4103 Sub
2090 4042 2233 4102 odio
2273 4040 2793 4118 comprehenditur
2832 4040 3040 4116 dolor,
3084 4038 3206 4115 idq.
3247 4038 3487 4115 duplex.

559 4118 752 4178 Prior
793 4129 886 4180 est
923 4130 1168 4197 propter
1207 4139 1488 4198 poenam,
1531 4124 1588 4183 δι
1627 4123 1842 4183 horror
1882 4122 2080 4201 potius
2116 4120 2405 4182 dicendus
2438 4134 2555 4199 est,
2575 4122 2711 4181 cum
2742 4120 2818 4180 sit
2836 4136 2912 4179 ex
2930 4118 3151 4196 Spiritu
3168 4116 3489 4178 seruitutis:

563 4199 738 4258 Rom.
780 4202 837 4258 8.
884 4215 974 4277 15.
1014 4200 1136 4260 Hic
1174 4202 1348 4261 dolor
1392 4200 1580 4262 oritur
1622 4222 1696 4262 ex
1736 4204 1930 4281 Lege,
1971 4220 2123 4280 quae
2170 4200 2365 4279 primo
2404 4202 2557 4279 parit
2584 4198 2989 4277 cognitionem
3020 4198 3275 4277 peccati:
3316 4200 3489 4258 Rom.

563 4296 619 4353 3.
684 4298 778 4339 20.
839 4296 1020 4356 quam
1063 4280 1322 4358 sequitur
1361 4281 1630 4359 specialis
1668 4282 1876 4342 notitia
1918 4281 2057 4342 sacti
2098 4282 2313 4359 nostri,
2355 4282 2410 4341 δε
2457 4280 2663 4342 mortis
2704 4278 3079 4355 insequentis.
3118 4298 3193 4339 ex
3232 4288 3485 4354 vtroque

569 4358 755 4419 oritur
821 4360 1092 4421 stimulus
1129 4362 1557 4423 conscientiae:
1597 4383 1658 4440 pr
1671 4362 1792 4425 imo
1835 4374 2077 4439 propter
2116 4376 2371 4423 mortem
2410 4372 2705 4437 nostram,
2746 4358 2963 4420 deinde
3002 4369 3247 4437 propter
3284 4376 3489 4495 petgca-

3398 4456 3485 4517 m,
