3923 4875
1295 364 1619 407 THESES
1679 357 2329 408 THEOLOGICAE.
3180 368 3288 430 301

681 582 810 641 DE
870 579 1653 641 AVCTORITATE
1713 578 2412 641 SCRIPTVRAE
2486 579 2603 639 SA
2640 580 2944 641 CRAE.

446 760 621 825 ETSI
661 760 740 825 de
797 760 1206 825 auctoritate
1259 760 1666 845 Scripturae
1704 780 1942 824 sacrae
1988 760 2170 823 inter
2208 759 2365 841 pios
2412 766 2711 823 conuenit
2731 808 2746 836 ,
2794 764 2863 825 ὃ·
2894 782 2979 824 ex
3022 774 3287 826 antece-

354 852 600 916 dentib.
661 852 918 917 nostris
978 852 1275 917 thesibus
1329 850 1804 934 quodammodo
1876 860 2185 914 constare
2261 860 2490 932 potest
2509 874 2530 911 .·
2602 852 2762 937 quia
2822 862 3037 916 tamen
3084 856 3285 919 vari&

351 943 887 1119 ἶῦίνοκσνίίίην
901 992 918 1019 ,
967 944 1371 1009 commodum
1401 943 1729 1027 futurum
1775 952 1876 1006 est
1916 942 1983 1005 si
2022 942 2099 1005 de
2143 963 2220 1006 ea
2262 941 2561 1007 breuiter
2599 943 2776 1029 quod
2805 956 2974 1029 opus
3009 946 3290 1010 videtur

480 1055 768 1100 eramus.

1612 1149 1942 1209 Τιιιιειε
2003 1150 2053 1209 I.

438 1328 834 1388 Scnrr‘runar.
871 1346 1072 1389 sacrae
1114 1328 1435 1389 auctoritas
1473 1325 1887 1389 consideratur
1919 1326 2159 1387 duobus
2194 1326 2427 1387 modis·
2472 1328 2727 1405 primum
2760 1326 3053 1403 quidem
3037 1346 3096 1386 ιιι
3129 1347 3290 1407 sese,

366 1406 584 1467 deinde
623 1417 894 1483 respectu
937 1409 1154 1487 nostri,
1195 1409 1389 1470 nobis.

445 1506 498 1547 a.
579 1486 920 1547 Auctoritas
973 1490 1098 1549 eius
1135 1455 1197 1549 in
1241 1509 1371 1551 sese
1411 1486 1613 1548 diuina
1653 1498 1774 1564 est,
1838 1497 1899 1547 vt
1939 1488 2271 1547 secundum
2312 1488 2544 1549 omneis
2584 1505 2791 1547 causas
2831 1505 2978 1564 quas
3019 1498 3155 1548 ante
3196 1508 3291 1547 ex-

358 1567 668 1645 posuimus
707 1568 950 1646 probari
989 1580 1226 1647 potest:
1289 1579 1652 1647 quapropter
1692 1586 1806 1627 nec
1847 1568 1991 1627 dare
2010 1612 2027 1641 ,
2088 1566 2384 1645 adimere,
2438 1580 2541 1628 aut
2584 1578 2815 1627 mutare
2858 1586 2991 1627 eam
3008 1612 3027 1646 ,
3082 1586 3197 1633 nec
3239 1568 3293 1629 ei

361 1648 616 1720 addere,
656 1648 734 1709 de
776 1666 847 1709 ea
888 1649 1228 1722 detrahere,
1271 1660 1374 1710 aut
1418 1658 1647 1709 mutare
1685 1647 1762 1707 de
1803 1667 1876 1707 ea
1917 1658 2113 1725 potest
2150 1649 2269 1707 vlla
2313 1650 2569 1709 humana
2609 1647 2952 1708 auctoritas.

442 1746 498 1804 3.
581 1729 882 1807 Respectu
924 1730 1144 1797 nostri
1205 1696 1270 1791 i'd
1309 1740 1432 1807 est,
1491 1728 1666 1789 nobis
1705 1728 1906 1788 diuina
1947 1739 2040 1787 est
2081 1727 2417 1805 Scripturae
2458 1731 2746 1805 (f.1762)
2788 1729 3136 1804 auctoritaS,
3178 1728 3293 1805 pri-

367 1824 531 1867 mum
571 1808 708 1885 quia
747 1824 1042 1871 summam
1082 1809 1492 1871 auctoritatem
1534 1808 1695 1868 illam
1736 1810 1902 1869 Deus
1935 1807 2176 1886 publice
2207 1808 2512 1869 Ecclesiae
2544 1827 2683 1869 suae
2718 1818 2963 1869 testatus
2982 1820 3071 1869 est
3090 1828 3294 1869 coram

359 1906 670 1955 sermone
729 1888 942 1982 signis,
999 1891 1396 1969 operibusque
1437 1888 1742 1966 maximis»,
1797 1887 2193 1966 priuatimque
2231 1888 2507 1967 obsignat
2548 1899 2791 1949 aeterno
2832 1890 3035 1969 spiritu
3078 1907 3187 1949 suo
3227 1890 3289 1949 in

361 1958 728 2029 conscientia
769 1968 1006 2047 piorum
1047 1971 1352 2049 omnium,
1392 1968 1834 2061 supernaturali
1861 1970 1918 2027 δι
1959 1969 2197 2028 caelesti
2238 1970 2391 2029 luce

443 2067 502 2122 4.
583 2048 896 2126 Secundo,
957 2052 1096 2129 quia
1151 2050 1537 2112 ministerium
1591 2048 1862 2109 adhibuit
1915 2046 2317 2109 indubitatum
2356 2066 2665 2109 seruorum
2709 2065 2983 2121 suorum,
3045 2059 3112 2108 vt
3148 2049 3297 2109 diui-

367 2146 586 2189 norum
641 2148 1006 2221 praeconum
1052 2132 1542 2207 notariorumque
1595 2131 1987 2208 idoneorum,
2029 2128 2132 2206 qui
2174 2128 2619 2190 interuenerunt
2658 2128 2809 2188 inter
2852 2130 3048 2189 Deum
3091 2131 3146 2188 δι
3186 2130 3297 2189 Ec-

373 2206 612 2269 clesiam
651 2209 834 2285 ipsius
873 2212 952 2272 ad
993 2224 1339 2289 perpetuam
1379 2210 1462 2271 rei
1505 2210 1828 2271 veritatem.

452 2304 506 2365 5.
588 2288 824 2367 Tertio,
867 2290 1006 2367 quia
1045 2292 1326 2369 accessit,
1369 2293 1528 2351 velut
1567 2294 1605 2350 a
1645 2299 1812 2367 parte
1851 2289 2038 2348 altera
2074 2290 2497 2367 contrahente,
2540 2288 2945 2349 testimonium
2995 2289 3298 2350 Ecclesiae

368 2368 779 2448 agnoscentiS,
821 2372 877 2431 δι
919 2372 1292 2433 assentientis
1333 2374 1388 2433 &
1429 2369 1845 2450 percipientis,
1885 2370 1941 2429 δι
1982 2368 2271 2429 seruantis
2312 2369 2475 2429 illud.

447 2451 506 2508 6.
585 2450 696 2509 Illa
749 2456 893 2513 vero
949 2465 1112 2514 tanta
1166 2453 1486 2514 auctoritas
1525 2453 1710 2512 duob.
1755 2415 1950 2511 modis
1994 2460 2393 2529 oppugnatur.
2463 2451 2619 2510 Nam
2657 2451 2737 2510 ab
2777 2449 2907 2510 aliis
2946 2459 3197 2527 negatur
3244 2452 3300 2511 δι

365 2529 588 2591 tollitur
624 2531 831 2610 plane,
873 2537 952 2594 ab
992 2533 1120 2594 aliis
1161 2532 1462 2594 minuitur.

449 2627 502 2684 7.
587 2609 710 2686 Qui
751 2623 1002 2692 negant,
1063 2625 1165 2674 aut
1207 2613 1477 2673 vniuerse
1518 2621 1740 2689 negant
1781 2610 2045 2671 diuinam
2088 2610 2499 2671 auctoritatem
2539 2614 2595 2670 δι
2636 2608 2976 2670 testimonia
3016 2609 3179 2687 eiuS,
3239 2621 3301 2670 vt

367 2691 584 2750 Athe‘i:
627 2701 728 2752 aut
769 2712 844 2751 ex
887 2705 1080 2772 parte,
1121 2705 1188 2754 vt
1219 2694 1316 2771 alij
1353 2691 1558 2770 multi,
1609 2691 1734 2752 siue
1783 2691 2122 2768 inscientia,
2163 2689 2289 2752 siue
2326 2689 2542 2752 canina
2579 2691 2959 2768 improbitate
2994 2690 3179 2749 ducti.

444 2772 502 2830 8.
583 2769 706 2844 Qui
745 2773 1014 2834 vniuerse
1054 2785 1306 2852 negant,
1347 2773 1386 2850 ij
1431 2783 1914 2850 argumentantur
1954 2781 2056 2831 aut
2094 2773 2133 2830 a
2170 2771 2392 2832 caussis
2430 2771 2775 2848 effectisque
2818 2789 3055 2850 earum,
3094 2782 3197 2830 aut
3220 2772 3299 2830 ab

371 2849 778 2912 accidentibus
819 2853 1204 2930 quibusdam,
1249 2865 1310 2914 vt
1350 2853 1564 2913 ordine
1601 2851 1814 2912 dicturi
1853 2869 2077 2912 sumus·

447 2951 508 3007 9.
589 2931 844 2992 Palmum
904 2934 1062 2994 enim
1119 2937 1317 2996 Deum
1378 2951 1616 2993 causam
1670 2931 2007 3010 Scripturae
2046 2949 2249 2992 sacrae
2290 2929 2647 2993 efficientem
2688 2940 2909 3010 negant
2954 2949 3116 3004 esse,
3178 2933 3297 2991 hoc

369 3010 596 3071 modo:
639 3014 804 3087 quod
845 3031 970 3074 non
1011 3015 1084 3075 sit
1119 3019 1304 3075 vllum
1335 3015 1449 3074 Dei
1485 3013 1763 3072 verbum:
1807 3012 1971 3089 quod
2006 3011 2055 3071 si
2082 3013 2265 3072 vllum
2302 3021 2421 3084 est,
2464 3012 2765 3090 Scriptura
2783 3023 2985 3071 tamen
3005 3013 3153 3071 haec
3176 3029 3297 3070 non

367 3091 438 3151 sit
477 3089 591 3149 Dei
634 3094 914 3170 verbum,
957 3113 1153 3172 neque
1193 3094 1603 3156 auctoritatem
1644 3093 1806 3152 illam
1845 3094 1900 3151 δι
1936 3091 2338 3152 testimonium
2380 3095 2417 3150 a
2458 3094 2591 3152 Deo
2634 3091 2919 3152 obtineat.

455 3188 544 3230 ιο.
625 3172 774 3232 Esse
813 3174 1059 3251 aliquod
1099 3175 1212 3236 Dei
1253 3177 1503 3236 verbum
1537 3175 1948 3233 demonstrant
1990 3183 2199 3232 natura
2238 3170 2391 3249 Dei,
2432 3171 2533 3231 lux
2576 3171 2857 3232 naturalis
2898 3169 3301 3232 conscientiae

367 3259 636 3322 nostrae,
676 3254 731 3313 δι
771 3253 1106 3315 communis
1146 3254 1414 3335 gentium
1458 3256 1916 3329 seculorumque
1959 3251 2229 3312 omnium
2272 3251 2659 3329 experientia.

455 3350 545 3391 ιι.
620 3296 852 3392 ’Natura
895 3351 1001 3394 sua
1041 3337 1239 3396 Deum
1282 3354 1410 3396 esse
1447 3333 1676 3394 infinite
1719 3334 1980 3411 bonum,
2034 3335 2089 3392 &
2130 3330 2327 3392 modis
2368 3332 2682 3407 omnibus,
2722 3331 2857 3408 quis
2896 3326 3170 3391 dubitet?
3210 3341 3301 3390 est

369 3421 806 3552 autemDserngo
847 3431 940 3474 res
981 3415 1182 3493 bona,
1242 3416 1299 3476 δι
1337 3417 1533 3476 bonus
1573 3414 1787 3475 modus
1827 3378 2312 3474 communicandi
2353 3411 2528 3488 boni,
2590 3411 2694 3490 qui
2738 3421 2939 3472 careat
2978 3422 3079 3471 aut
3120 3409 3298 3472 absti-

373 3500 512 3551 neat
611 3508 716 3552 eus

456 3590 546 3630 12.
628 3573 790 3632 Luce
835 3577 1084 3636 naturali
1125 3575 1469 3636 hominibus
1509 3553 1921 3652 praelucente,
1965 3575 2025 3634 id
2066 3591 2275 3634 omnes
2310 3571 2577 3631 hominis
2622 3572 2846 3632 habent
2880 3569 3298 3648 constitutum,

371 3669 496 3712 eme
537 3649 962 3794 dilginationtem
1017 3656 1250 3734 aliaque
1301 3653 1636 3717 diuinarum
1675 3651 2287 3714 communicationum
2329 3671 2579 3730 genera,
2624 3653 2679 3712 δι
2725 3655 2763 3712 a
2804 3653 2939 3712 Deo
2981 3670 3147 3714 esse:
3211 3661 3302 3711 est

374 3730 546 3810 igitur
647 3750 703 3791 e1
741 3751 848 3793 ver
891 3753 1012 3797 um.

453 3830 538 3888 13.
623 3811 974 3876 Communis
1020 3813 1380 3894 experientia
1431 3816 1630 3874 Deum
1679 3813 1866 3873 verbo
1921 3829 2065 3872 cum
2114 3811 2457 3873 hominibus
2510 3822 2755 3872 testatur
2794 3829 2988 3889 agere.
3050 3812 3204 3870 Nam
3246 3813 3303 3871 δι

368 3893 527 3970 ipsae
572 3903 782 3968 gentes
819 3898 856 3954 a
897 3898 1031 3955 Deo
1083 3895 1310 3954 alienae
1355 3895 1596 3954 oracula
1639 3893 1864 3954 diaboli
1919 3912 2029 3972 pro
2084 3892 2299 3953 diuinis
2342 3890 2539 3970 potius
2590 3893 2955 3968 habuerunt,
3015 3894 3193 3968 quam
3240 3901 3303 3950 vt

369 3973 479 4033 Dei
519 3973 770 4034 verbum
809 3993 1060 4066 negare,
1124 3982 1317 4052 eoque
1359 3993 1560 4036 carere
1602 3973 1980 4034 dicerentur.
2043 3974 2097 4033 δι
2140 3973 2383 4033 infuisse
2423 3971 2653 4032 diuinas
2694 3969 3305 4049 communicationeS,

373 4051 546 4114 etiam
593 4071 699 4128 per
739 4054 924 4133 impia
963 4068 1142 4133 atque
1185 4054 1408 4116 nefaria
1445 4054 1832 4114 instrumenta
1871 4053 2109 4128 allatas,
2152 4066 2543 4144 agnouerunt.

457 4153 552 4208 14.
634 4134 752 4194 Sed
795 4135 1398 4196 communicationem
1437 4134 1602 4195 illam
1644 4133 1941 4212 diuinam,
1983 4149 2137 4210 quae
2158 4131 2525 4211 particularis
2547 4133 2654 4192 fuit
2674 4135 2730 4192 δι
2752 4131 3263 4192 extraordinaria'
3246 4151 3307 4192 ιιι

371 4213 598 4294 populo
645 4214 758 4275 Dei
799 4215 1148 4276 ostenditur.

465 4311 556 4372 15.
641 4293 1005 4386 Scripturam
1045 4296 1202 4355 hanc
1243 4309 1370 4355 esse
1414 4294 1524 4354 Dei
1563 4295 1814 4355 verbum
1855 4309 2176 4354 commune
2217 4295 2272 4353 δι
2314 4292 2679 4354 ordinarium
2720 4291 2780 4352 in
2822 4293 3047 4370 populo
3083 4301 3197 4370 est,
3242 4291 3299 4351 δι

382 4376 556 4436 rebus
597 4373 1012 4438 essentialibus
1048 4385 1226 4453 atque
1265 4373 1450 4436 insitis
1487 4374 1642 4435 illius
1655 4417 1675 4455 ,
1715 4377 1771 4436 &
1809 4372 2125 4453 assumptis
2167 4373 2347 4434 Athei
2377 4372 2639 4435 conuicti
2680 4383 2834 4434 sunt.
3000 4454 3038 4511 6
3148 4452 3206 4510 N

2968 4471 2993 4510 1
3045 4495 3061 4512 .
3208 4471 3303 4511 am
