3923 4875
545 369 656 422 140
1476 359 1805 404 'rnsssts
1861 361 2518 407 Tuuonoolcau.

534 526 763 586 mundo
824 524 899 585 de
960 523 1051 584 sui
1112 523 1190 584 ad
1248 521 1637 601 adoptionem
1690 521 1751 582 in
1790 521 2030 583 Christo
2069 520 2605 600 praedestinatione
2643 525 2700 584 &
2741 520 3030 584 electione
3067 525 3260 602 reipsa
3301 525 3451 588 certi

536 609 685 667 fiunt
700 649 717 682 ,
758 604 939 681 idque
975 624 1054 664 ex
1090 603 1311 683 Spiritu
1353 606 1575 664 Sancto
1616 611 1868 663 testante
1910 605 1966 664 81
2001 614 2413 681 regenerante,
2433 623 2530 663 -ex
2571 602 2872 681 Euangelij
2913 603 3354 682 praedicatione
3393 610 3450 667 δι

538 706 611 747 ex
652 683 959 745 electionis
1000 683 1250 764 effectis3
1292 694 1356 745 vt
1396 682 1575 744 etiam
1616 680 1701 742 illi
1739 681 1853 743 soli
1892 684 1970 743 de
2009 681 2246 743 alterius
2283 682 2575 744 electione
2613 683 2873 744 iudicare
2913 695 3180 760 possunt.

619 786 676 843 9.
755 765 1119 844 Reprobatio
1177 773 1269 825 est
1324 760 1812 842 praedestinatio,
1872 779 1994 840 qua.
2045 765 2210 822 Deus
2247 762 2502 822 aliorum
2542 780 2666 823 non
2699 765 2772 839 fif.
2820 766 3014 841 1623.)
3055 763 3316 826 misereri
3353 765 3452 826 de-

542 844 727 906 creuit
740 889 759 924 ,
800 846 857 903 &
893 844 1179 922 adoptare
1220 843 1282 904 in
1320 842 1587 918 Christ0,
1628 841 1734 903 sed
1773 860 1880 902 eos
1918 842 1982 902 in
2025 841 2282 920 peccatis
2321 841 2652 920 relinquere
2681 843 2748 902 ’δι
2787 854 3100 934 propterea
3120 843 3268 906 iuste
3289 845 3449 906 dam-

542 943 707 986 nare.
746 925 895 984 Esse
930 935 1129 984 autem
1168 921 1651 1002 reprobationem
1691 925 1725 982 e
1764 925 1949 984 verbo
1991 922 2108 982 Dei
2147 921 2452 984 manifeste
2491 921 2692 999 liquet.
2737 924 2880 984 Eius
2886 931 3101 1002 partes
3121 925 3275 985 duae
3297 933 3450 985 sunt.

550 1026 602 1066 1.
641 1004 1053 1080 Non-electiO,
1113 1019 1267 1081 quae
1309 1002 1489 1064 etiam
1528 1000 1830 1062 derelictio
1846 1047 1863 1077 ,
1902 1019 2007 1063 seu
2047 1001 2384 1080 praeteritio
2423 1001 2542 1062 dici
2581 1011 2796 1080 potest.
2843 1023 2897 1063 2.
2936 1005 3170 1064 Poenae
3207 1023 3448 1082 praepa-

540 1082 711 1145 ratio.
772 1085 962 1144 Ierem
1018 1085 1078 1144 6.
1131 1101 1227 1158 30.
1289 1084 1465 1144 Rom.
1514 1102 1572 1159 9.
1632 1100 1723 1158 13.
1781 1079 2048 1142 Priorem
2102 1092 2331 1160 partem
2371 1082 2722 1143 Scholastici
2760 1095 2978 1144 vocant
3019 1083 3356 1162 negatiuam
3393 1088 3450 1146 δι

538 1163 835 1242 passiuam
895 1162 1407 1241 reprobationem:
1466 1161 1857 1240 posteriorem
1916 1160 2330 1222 affirmatiuam
2389 1165 2446 1222 &
2501 1161 2783 1223 actiuam:
2826 1162 2934 1224 etsi
2973 1181 3180 1224 reuera
3216 1183 3334 1224 vna
3375 1163 3451 1224 sit

544 1260 792 1304 numero
832 1251 1069 1303 aeterna
1106 1241 1469 1320 reprobatio,

628 1341 719 1382 10.
798 1321 1291 1400 ReprobationiS,
1350 1321 1475 1381 siue
1534 1319 1811 1398 negatiue
1824 1365 1842 1400 ,
1882 1321 2008 1382 siue
2048 1321 2394 1382 affirmatiue
2431 1319 2754 1400 accipiatur
2767 1367 2784 1400 ,
2824 1321 3094 1400 praeuisa
3132 1321 3450 1401 impiorum

544 1411 786 1481 peccata
841 1421 1023 1462 causa
1080 1401 1200 1462 dici
1236 1420 1360 1461 non
1402 1411 1677 1478 possunt:
1720 1401 1830 1460 etsi
1868 1400 2232 1462 'executionis
2267 1400 2422 1462 illius
2462 1402 2718 1481 decreti,
2757 1402 2821 1463 id
2863 1413 2954 1463 est
2967 1447 2984 1477 ,
3024 1401 3420 1464 damnationis
3433 1449 3450 1482 ,

547 1500 725 1544 causa
780 1480 925 1542 sint:
986 1479 1210 1558 alioqui
1247 1499 1455 1541 omnes
1494 1481 1739 1541 fuissent
1774 1480 2102 1559 reprobati,
2142 1500 2254 1541 nec
2291 1484 2626 1542 exclamare
2665 1481 3022 1560 oportuisset
3061 1485 3418 1561 Apostolum
3433 1529 3452 1562 ,

546 1564 599 1622 Ο
638 1563 861 1640 homo,
900 1571 965 1620 tu
1002 1560 1135 1639 quis
1172 1580 1235 1621 es
1273 1562 1377 1638 qui
1418 1579 1731 1639 responsas
1770 1555 1941 1621 Deo?
1997 1563 2172 1622 Rom.
2205 1581 2262 1637 9.
2305 1581 2393 1621 11.
2436 1565 2524 1639 &,
2561 1561 2617 1622 O
2651 1562 2900 1623 altitudo
2935 1561 3305 1640 diuitiarum,
3339 1567 3452 1624 &c.

544 1644 673 1702 Nec
734 1639 941 1701 odium
1001 1640 1117 1701 Dei
1156 1641 1439 1701 aduersus
1479 1641 1915 1719 reprobandos:
1967 1640 2073 1701 sed
2111 1641 2304 1701 solum
2343 1653 2679 1718 aeternum,
2720 1640 3097 1702 iustissimum
3137 1644 3194 1701 &
3232 1641 3452 1703 liberri-

548 1739 711 1780 mum
751 1719 985 1780 diuinae
1026 1719 1339 1780 voluntatis
1378 1719 1681 1797 placitum.
1719 1720 1931 1797 Neque
1969 1719 2144 1780 nobis
2183 1719 2416 1798 longius
2456 1721 2766 1798 progredi,
2807 1731 2910 1780 aut
2939 1720 3112 1782 altius
3133 1722 3452 1782 ascendere

546 1799 713 1860 licet:
756 1800 863 1860 sed
904 1797 1002 1857 hic
1041 1808 1129 1859 est
1161 1799 1599 1859 subsistendum
1613 1843 1631 1876 ,
1670 1815 1855 1876 quum
1892 1801 2168 1860 voluntas
2209 1799 2320 1860 Dei
2357 1798 2432 1860 sit
2471 1801 2666 1860 omnis
2706 1800 2956 1860 iustitiae
2995 1803 3216 1878 regula.
3276 1804 3451 1862 Rom.

546 1901 602 1957 9.
650 1884 739 1940 18.
799 1877 1259 1956 Reprobationis
1298 1888 1495 1938 autem
1536 1881 1673 1940 cum
1714 1881 1859 1940 haec
1898 1877 2046 1956 sint,
2093 1899 2118 1938 1
2165 1879 2424 1940 Priuatio
2462 1879 2684 1958 gratiae
2723 1879 3018 1940 salutaris:
3088 1901 3140 1940 2.
3183 1893 3454 1959 peccata,

543 1977 695 2036 quae
754 1957 1083 2020 necessario
1144 1958 1535 2037 priuationem
1594 1957 1813 2036 gratiae
1871 1969 2225 2036 sequuntur,
2265 1958 2374 2020 etsi
2415 1977 2486 2018 ea
2524 1970 2738 2036 sponte
2752 2005 2769 2037 ,
2810 1960 2996 2020 libere
3009 2005 3028 2038 ,
3072 1979 3194 2020 non
3235 1961 3456 2039 coacti,

554 2036 797 2115 reprobi
834 2037 1178 2099 admittant:
1232 2057 1290 2114 3.
1328 2057 1560 2115 poenae
1602 2048 2002 2116 peccatorum.
2064 2039 2165 2098 Ad
2204 2039 2427 2116 gratiae
2466 2038 2857 2116 priuationem
2896 2042 2952 2101 ὅτ
2990 2058 3214 2116 poenas
3254 2059 3457 2118 pecca-

556 2128 751 2178 torum
765 2161 783 2194 ,
838 2119 958 2192 qua
996 2136 1226 2195 poenae
1266 2128 1403 2178 sunt
1416 2161 1435 2196 ,
1474 2116 1713 2196 reprobi
1752 2119 1831 2178 ab
1869 2127 2113 2177 aeterno
2153 2117 2426 2178 destinati
2465 2122 2522 2179 &
2561 2118 2957 2197 praeordinati
2995 2131 3158 2180 sunt:
3197 2119 3276 2180 ad
3316 2139 3453 2196 pec-

554 2209 684 2256 cata
732 2200 899 2274 vero,
940 2207 1230 2274 quatenus
1268 2197 1537 2258 actiones
1576 2197 1861 2257 malarum
1900 2199 2270 2258 voluntatum
2287 2241 2304 2275 ‚
2345 2199 2422 2258 ab
2463 2217 2539 2259 eo
2581 2196 2956 2290 ordinantur²
2992 2201 3050 2260 &
3089 2199 3452 2261 destinantur

548 2294 779 2354 poenae
838 2288 1221 2354 peccatorum
1282 2276 1790 2355 praecedentium,
1850 2287 2141 2354 quatenus
2199 2296 2274 2338 ex
2325 2276 2394 2338 iis
2432 2276 2621 2357 gloria
2660 2278 2776 2339 Dei
2815 2279 3078 2340 bomtate
3117 2277 3298 2357 ipsius
3335 2279 3452 2340 Dei

553 2355 901 2417 illustranda
938 2367 1061 2417 erat
1105 2359 1161 2418 δι
1202 2356 1539 2418 illustratur.

632 2458 657 2495 1
673 2456 721 2497 r.
784 2435 944 2497 Finis
1002 2447 1128 2497 tum
1180 2435 1485 2499 electionis
1534 2446 1661 2497 tum
1712 2434 2145 2513 reprobationis
2185 2434 2424 2515 proprie
2461 2448 2551 2499 est
2587 2436 2776 2517 gloria
2814 2437 2930 2499 Dei
2966 2436 3234 2517 eligentis
3272 2448 3451 2517 atque

546 2515 916 2593 reprobantis
930 2561 948 2595 ,
996 2516 1092 2577 cui
1132 2516 1233 2577 fini
1274 2517 1593 2578 coniuncta
1628 2526 1717 2577 est
1758 2518 2082 2577 electorum
2122 2519 2278 2577 salus
2318 2516 2378 2576 in
2419 2516 2655 2578 Christo
2693 2520 2846 2578 Iesu.
2887 2516 3120 2577 Vtilitas
3159 2523 3340 2595 porro
3379 2538 3454 2579 ex

549 2605 673 2656 tota
713 2598 826 2657 hac
864 2596 1136 2657 doctrina
1173 2595 1251 2657 de
1289 2594 1826 2675 praedestinatione
1864 2594 2168 2674 multiplex
2207 2599 2262 2657 δι
2303 2596 2555 2657 maxima
2595 2597 2873 2675 emergit:
2913 2596 3022 2658 sed
3063 2596 3124 2657 in
3161 2597 3273 2658 hos
3301 2597 3452 2659 duos

543 2694 681 2737 vsus
737 2676 817 2736 ad
874 2688 1114 2753 portum
1175 2676 1376 2737 salutis
1434 2675 1791 2767 capiendum
1848 2674 2212 2737 necessarios
2270 2675 2640 2752 potissimum
2679 2676 2952 2737 ordinata
2989 2686 3096 2737 est.
3163 2696 3216 2738 1.
3255 2680 3339 2737 vt
3375 2677 3454 2739 de

545 2766 787 2816 aeterna
825 2756 1011 2817 nostri
1048 2756 1235 2816 salute
1271 2754 1333 2815 in
1375 2755 1615 2816 Christo
1654 2759 1819 2816 certo
1862 2754 2128 2833 persuasi
2167 2755 2641 2832 desperationem
2678 2757 2736 2815 δι
2773 2755 3158 2818 diffidentiam
3199 2757 3276 2818 de
3311 2775 3452 2817 con-

539 2834 839 2912 sequenda
898 2834 1083 2895 salute
1140 2838 1179 2894 a
1238 2838 1417 2897 rebus
1473 2834 1735 2895 aduersis
1792 2844 1858 2895 vt
1915 2833 2235 2914 plurimum
2293 2834 2604 2895 excitatam
2665 2835 2934 2896 vitemus.
2999 2856 3057 2897 2.
3105 2846 3168 2895 vt
3207 2854 3450 2897 omnem

542 2924 777 2974 nostrae
818 2914 1115 2993 dignitatis
1154 2914 1615 2993 meritorumque
1655 2913 2079 2975 confidentiam
2119 2930 2401 2975 exuamus
2414 2961 2432 2993 ,
2475 2916 2531 2975 &
2570 2926 2760 2975 totam
2799 2924 3064 2975 nostram
3085 2916 3334 2977 salutem
3353 2920 3454 2977 vni

540 2993 761 3071 gratiae
801 2994 917 3055 Dei
955 2994 1017 3054 in
1059 2994 1296 3055 Christo
1337 3005 1645 3072 acceptam
1684 2995 1959 3054 feramus.

627 3092 717 3132 12.
798 3074 937 3134 Duo
998 3073 1307 3134 hominurn
1364 3092 1579 3151 genera
1638 3072 1699 3134 in
1738 3076 1895 3135 hanc
1934 3072 2272 3137 doctrinam
2312 3072 2676 3151 impingunt:
2735 3072 3004 3151 Curiosi,
3049 3076 3105 3135 81
3141 3092 3454 3153 perperam

547 3150 819 3211 modesti.
858 3152 951 3213 Illi
964 3198 981 3228 ,
1022 3153 1167 3212 dum
1207 3154 1269 3213 in
1307 3153 1557 3215 sublime
1598 3154 1727 3214 sese
1768 3152 2158 3231 proripientes
2173 3198 2188 3223 ,
2229 3172 2446 3213 arcana
2477 3153 2622 3232 Dei,
2643 3171 2795 3230 quae
2815 3152 2875 3213 in
2896 3152 3089 3231 seipso
3109 3153 3458 3215 abscondita

540 3248 670 3290 esse
710 3231 895 3291 voluit
934 3236 989 3292 δι
1028 3234 1181 3310 vult,
1218 3244 1583 3311 scrutantur,
1623 3236 1681 3293 &
1718 3236 1996 3294 euoluere
2035 3244 2282 3293 tentant.
2321 3234 2438 3307 Hi,
2481 3234 2626 3293 dum
2665 3232 2804 3293 huic
2827 3234 2986 3293 malo
3007 3233 3229 3295 mederi
3247 3236 3450 3295 volen-

544 3319 633 3369 tes
690 3310 844 3368 hanc
904 3310 1234 3372 doctrinam
1273 3323 1373 3373 aut
1412 3315 1575 3373 nullo
1616 3313 1802 3373 modo
1844 3312 2054 3390 attingi
2091 3315 2326 3391 volunt,
2367 3322 2468 3372 aut
2507 3316 2716 3373 saltem
2757 3314 2916 3391 plebi
2955 3312 3016 3373 in
3058 3312 3449 3374 concionibus

544 3390 998 3465 proponendam
1056 3410 1185 3452 esse
1242 3402 1478 3470 negant.
1541 3391 1744 3453 Media
1802 3392 1896 3452 via
1950 3391 2128 3453 nobis
2169 3402 2258 3453 est
2299 3393 2590 3483 tenenda,
2630 3395 2688 3453 δι
2725 3392 2998 3453 doctrina
3037 3394 3184 3453 haec
3222 3410 3348 3453 non
3387 3392 3451 3453 in

546 3468 767 3527 scholis
807 3470 1035 3529 tantum
1075 3469 1225 3531 inter
1266 3472 1481 3533 doctos
1520 3470 1903 3550 explicanda,
1944 3472 2052 3533 sed
2091 3470 2270 3532 etiam
2309 3472 2368 3531 in
2411 3472 2803 3533 concionibus
2842 3473 2923 3533 ad
2959 3474 3248 3550 populum
3267 3472 3448 3550 expli-

553 3546 769 3607 canda:
809 3550 1014 3609 verum
1054 3550 1250 3610 sobrie
1290 3553 1347 3610 &
1384 3551 1728 3629 prudenter,
1767 3569 1964 3629 eoque
2002 3552 2080 3611 ad
2118 3550 2588 3612 aedificationem
2630 3551 2692 3612 id
2725 3550 2853 3611 fieri
2874 3552 3072 3613 debet.
3111 3550 3235 3611 Hic
3253 3562 3452 3613 autem

553 3626 809 3703 optimus
868 3626 1197 3690 sobrietatis
1255 3630 1539 3691 terminus
1596 3629 1732 3708 erit,
1792 3630 1841 3690 si
1897 3630 1959 3690 in
2019 3630 2306 3691 discendo
2367 3632 2424 3689 &
2483 3632 2761 3692 docendo
2800 3642 3178 3709 praeeuntem
3217 3650 3453 3709 semper

554 3723 868 3783 sequamur
928 3709 1154 3786 Deum,
1213 3710 1269 3769 δι
1320 3708 1451 3788 ipso
1497 3710 1675 3771 finem
1712 3710 1973 3771 docendi
2017 3708 2266 3770 faciente
2305 3729 2508 3787 sapere
2549 3712 2700 3771 velle
2737 3709 3090 3771 desinamus
3155 3711 3310 3771 Nam
3329 3756 3346 3789 ,
3389 3721 3455 3772 vt

557 3785 779 3862 optime
818 3786 900 3848 ait
936 3788 1355 3860 Tertullianus.
1396 3790 1540 3849 nihil
1575 3800 1879 3867 praeterea
1915 3790 2097 3867 scire,
2138 3788 2341 3849 omnia
2379 3788 2529 3851 scire
2567 3800 2676 3851 est.
2735 3790 2856 3867 Ipsi
2893 3789 3049 3850 trino
3087 3792 3144 3851 δι
3183 3790 3286 3853 vni
3319 3792 3452 3851 Deo

556 3862 629 3923 sit
667 3866 860 3927 omnis
898 3868 1095 3927 honor
1132 3871 1189 3929 &
1226 3868 1413 3946 gloria
1450 3868 1512 3929 in
1550 3867 1988 3945 sempiternum.
2047 3870 2264 3928 Amen.

3133 4426 3268 4485 XII.
3325 4427 3458 4486 DE
