3923 4875
1386 369 1493 418 nn:
1552 371 1777 446 vana
1840 371 2372 418 Tnaonoou.
3243 367 3313 437 73

408 548 821 615 assequuturus
860 555 953 614 es,
993 552 1105 595 nec
1147 535 1491 614 dignitatem
1531 534 1895 613 Theologiae
1910 579 1928 613 ,
1968 553 2081 595 nec
2119 533 2428 594 veritatem
2467 530 2716 594 subiecti
2731 577 2748 610 ,
2770 533 2934 608 quod
2953 533 3102 594 haec
3121 535 3315 596 Theo·

406 619 565 698 logia
625 627 896 697 generat,
948 616 1004 674 δι
1061 615 1299 693 quicum
1342 620 1379 676 a
1418 619 1553 676 Deo
1592 614 2030 676 communicata
2067 624 2174 676 est.
2233 613 2495 675 Omnino
2533 613 2732 688 itaque
2771 612 3070 703 duplicem
3112 615 3306 676 Theo-

407 699 604 777 logiae
658 696 948 758 rationem
1007 695 1283 757 constitui
1339 699 1377 755 a
1426 695 1600 757 nobis
1653 714 1897 756 necesse
1936 705 2053 772 est,
2094 694 2579 772 quandoquidem
2619 692 2746 770 ipsa
2783 710 2845 752 m
2885 711 2950 752 se
2990 712 3062 753 ex
3103 705 3311 756 natura

410 777 775 856 essentiaque
828 793 933 836 sua
986 775 1149 836 aliter
1190 779 1566 855 obseruatur,
1608 779 1789 853 quam
1829 775 1892 834 in
1928 773 2197 836 subiecto
2234 774 2338 836 illo
2379 773 2540 835 tenui
2579 771 2930 850 infirmoque
2971 773 3278 835 hominum
3291 821 3310 854 ,

410 857 513 936 qui
559 879 631 918 ex
682 855 1063 935 perceptione
1117 857 1173 915 δι
1214 855 1743 934 comprehensione
1782 855 1935 916 illius
1975 854 2272 933 Theologi
2309 855 2694 932 appellantur.
2755 852 3022 913 Priorem
3061 855 3310 915 modum

407 938 773 1016 Theologiae
812 938 949 996 cum
986 935 1325 996 nominibus
1361 935 1542 1014 ipsius
1556 981 1573 1016 ,
1594 946 1721 996 tum
1745 945 1907 997 certa
1925 933 2410 996 determinatione
2430 931 2961 994 circumscribimus
2974 979 2990 1012 ,
3013 933 3278 995 dicentes
3294 981 3311 1015 ,

408 1037 529 1078 esse
584 1019 905 1076 absolutam
963 1017 1118 1076 hanc
1186 1017 1588 1092 Theologiam,
1650 1018 1729 1076 ὁ·
1778 1017 2150 1090 erlogiam
2210 1017 2516 1074 secundam
2563 1032 2625 1074 se
2638 1058 2655 1085 ,
2690 1023 2814 1091 pro
2847 1017 3312 1076 communicantis

408 1099 594 1157 modo.
652 1097 1007 1156 Absolutam
1057 1095 1215 1157 enim
1265 1112 1449 1174 quum
1488 1095 1736 1157 dicimus
1749 1141 1767 1175 ,
1807 1094 2120 1156 consilium
2157 1105 2424 1156 nostrum
2463 1113 2590 1155 esse
2630 1092 2995 1154 ostendimus
3025 1113 3201 1172 agere
3236 1097 3314 1156 de

408 1175 741 1255 Theologia
801 1177 1091 1236 absolute-
1129 1175 1587 1254 simpliciterque
1646 1176 2047 1255 considerata,
2107 1175 2253 1236 citra
2303 1173 2716 1236 admistionem
2757 1172 2842 1233 rei
2885 1173 3120 1235 alterius
3135 1221 3152 1254 ,
3191 1175 3315 1237 siue

408 1255 685 1335 subiecti,
724 1256 849 1316 siue
887 1255 1161 1336 aliarum,
1198 1257 1593 1333 vndecunque
1631 1255 1748 1316 sint
1762 1302 1780 1334 ,
1820 1256 1897 1316 ad
1938 1273 2072 1315 eam
2108 1255 2536 1317 accedentium.
2580 1254 2958 1331 Quapropter
2989 1253 3142 1316 eiam
3160 1257 3310 1316 haec

408 1335 743 1414 Theologia
798 1336 1123 1396 secundum
1174 1337 1455 1414 appellari
1494 1338 1669 1415 solet,
1708 1335 1772 1396 id
1811 1345 1930 1414 est,
1973 1336 2300 1397 secundum
2338 1335 2660 1395 naturalem
2701 1332 3106 1395 conditionem
3121 1380 3138 1408 ,
3178 1355 3312 1414 pro-

409 1415 717 1494 priamque
765 1414 1079 1476 essentiam
1131 1418 1219 1492 (vt
1256 1419 1497 1492 vocant)
1536 1415 1742 1494 ipsius:
1794 1418 1885 1476 Ita
1921 1425 1988 1476 vt
2023 1415 2168 1476 nihil
2207 1414 2464 1476 alienum
2501 1415 2563 1475 in
2604 1433 2676 1475 ea
2713 1412 2820 1492 sit,
2860 1414 2917 1472 &
2955 1413 3102 1474 nihil
3139 1433 3311 1476 suum

414 1515 537 1557 non
600 1495 675 1556 sit
732 1493 793 1555 in
854 1515 950 1573 ea,
1012 1505 1191 1574 prout
1238 1505 1327 1556 est
1372 1499 1411 1556 a
1449 1498 1585 1556 Deo
1627 1497 1957 1556 informata.
2018 1495 2214 1556 Huius
2252 1499 2396 1556 vere
2435 1493 2845 1556 determinatio
2885 1494 3149 1572 pauculis
3197 1495 3310 1557 illis

410 1575 611 1637 verbis
651 1579 689 1635 a
730 1575 903 1636 nobis
941 1575 1134 1653 posita
1172 1585 1291 1656 est,
1318 1585 1443 1654 pro
1479 1578 1646 1637 modo
1684 1577 2172 1636 communicantis.
2231 1577 2388 1635 Nam
2429 1577 2566 1635 cum
2606 1591 2810 1634 earum
2843 1591 3036 1634 rerum
3059 1592 3212 1653 quae
3230 1577 3308 1636 ab

402 1656 592 1716 aliena
631 1655 845 1716 virtute
884 1657 941 1716 δι
982 1655 1245 1716 efficacia
1282 1656 1646 1734 procedunt,
1686 1656 1901 1717 modus
1939 1656 2018 1716 ab
2059 1655 2337 1717 effectore
2377 1655 2477 1716 sit:
2519 1654 2850 1734 Theologia
2880 1664 3106 1733 autem,
3140 1673 3308 1734 argu-

404 1747 669 1796 mentum
719 1735 781 1795 in
814 1737 989 1796 rebus
1029 1734 1237 1796 creatis
1251 1779 1268 1814 ,
1310 1737 1369 1796 &
1408 1754 1584 1814 supra
1623 1755 1715 1796 res
1754 1753 1964 1798 omnes
2002 1745 2227 1796 creatas
2241 1782 2258 1815 ,
2299 1733 2705 1813 dignissimum
2719 1779 2736 1814 ,
2774 1752 2899 1795 non
2937 1735 3126 1827 possit
3164 1752 3302 1796 casu

405 1827 508 1878 aut
544 1817 765 1876 temere
816 1815 896 1876 ad
946 1833 1059 1876 nos
1098 1815 1293 1876 delata
1332 1835 1488 1877 esse:
1530 1819 1691 1877 recte
1730 1814 1979 1876 omnino
2017 1815 2241 1876 faciunt
2281 1826 2458 1894 atque
2497 1815 2814 1894 sapienter,
2854 1831 3188 1892 quicunque
3228 1817 3306 1878 ab

408 1897 686 1957 effectore
724 1894 905 1974 ipsius
944 1895 1274 1973 percipiunt
1311 1894 1491 1974 ipsius
1510 1897 1779 1957 modum.
1812 1897 1922 1956 Est
1939 1904 2136 1956 autem
2157 1913 2358 1957 earum
2379 1913 2574 1957 rerum
2589 1940 2608 1975 ,
2629 1893 2864 1973 quasvis
2883 1894 3072 1956 aliena
3090 1893 3300 1976 efficit,

410 1977 627 2055 duplex
686 1976 928 2037 modus:
988 1977 1161 2036 Unus
1200 1977 1561 2054 adaequatus
1602 1975 1801 2037 virtuti
1842 1973 2146 2036 efficientis
2185 1995 2397 2038 causae
2411 2021 2428 2056 ,
2468 1974 2974 2054 quemadmodum
3013 1975 3198 2036 homo
3233 1977 3310 2036 ab

407 2055 650 2117 homine
688 2066 1029 2136 generaturz
1069 2057 1263 2136 Alter,
1296 2055 1537 2117 inferior
1568 2076 1641 2117 ac
1672 2055 1915 2116 minime
1934 2057 2299 2134 adaequatus
2312 2101 2332 2136 ,
2370 2065 2436 2117 vt
2463 2057 2530 2116 fit
2555 2055 2617 2116 in
2638 2057 2813 2117 rebus
2833 2071 3013 2133 quam
3033 2054 3314 2133 plurimis·

410 2137 621 2212 Neque
664 2134 822 2196 enim
864 2153 1048 2214 opera
1085 2135 1375 2196 artificum
1414 2138 1820 2214 adaequantur
1859 2135 1980 2196 suis
2017 2135 2364 2215 artificibus,
2403 2153 2599 2215 neque
2617 2147 2857 2197 externa
2875 2153 3057 2213 opera
3074 2134 3315 2196 internis

410 2215 717 2294 operibus,
756 2232 910 2293 quae
950 2214 1187 2276 artificis
1221 2218 1525 2277 voluntate
1564 2216 1931 2294 consilioque
1960 2216 2023 2276 in
2055 2214 2253 2276 animo
2286 2217 2694 2277 informantur.
2733 2215 2841 2276 Est
2857 2226 3056 2275 autem
3077 2225 3312 2276 nostrae

410 2295 776 2374 Theologiae
812 2305 1025 2356 auctor
1064 2296 1120 2354 δι
1159 2297 1403 2357 effector
1440 2298 1629 2377 Deus,
1659 2295 1761 2374 qui
1799 2295 1990 2375 ipsam
2030 2295 2284 2374 gratiose
2305 2298 2440 2356 curn
2467 2314 2684 2374 genere
2702 2295 2966 2356 humano
2987 2295 3312 2355 communi-

410 2384 536 2456 cat,
576 2375 757 2455 idque
798 2394 910 2455 pro
939 2376 1127 2437 modo
1160 2393 1297 2437 suo:
1320 2387 1723 2439 verumtamen
1762 2395 1888 2439 non
1905 2376 2010 2437 illo
2048 2377 2376 2455 adaequato
2391 2422 2408 2457 ,
2449 2376 2513 2437 id
2551 2386 2670 2456 est,
2690 2393 2800 2453 pro
2821 2375 3005 2436 modo
3025 2374 3310 2436 essentiae

408 2472 547 2517 suae
560 2502 578 2535 ,
630 2474 785 2535 quae
817 2455 1045 2517 infinita
1082 2467 1199 2535 est,
1240 2458 1346 2518 sed
1388 2458 1572 2519 modo
1610 2476 1734 2517 non
1774 2458 2136 2537 adaequato,
2176 2456 2239 2519 id
2277 2468 2366 2518 est
2400 2476 2513 2535 pro
2554 2459 2740 2519 modo
2780 2456 3095 2527 voluntatis
3135 2474 3277 2517 suae
3293 2502 3311 2535 ,

404 2534 791 2598 reuelatioues
851 2553 987 2597 suas
1036 2536 1413 2615 temperantis
1465 2538 1543 2597 ad
1594 2537 2084 2599 commoditatem
2123 2537 2481 2599 conditionis
2519 2548 2778 2598 nostrae.
2829 2555 2970 2596 nam
3011 2535 3306 2613 Sapientia

408 2616 739 2694 adaequata
789 2635 859 2677 ea
910 2627 1001 2677 est
1039 2634 1218 2693 quam
1258 2616 1651 2696 Theologiam
1689 2618 2074 2697 archetypam
2131 2616 2256 2679 siue
2305 2627 2684 2697 prototypam
2736 2616 3187 2695 appellauimus,
3229 2617 3308 2675 ad

404 2712 583 2773 quam
626 2696 892 2775 proxime
930 2695 1162 2757 accedit
1199 2698 1529 2777 Theologia
1566 2697 1803 2760 vnionis
1840 2699 1900 2759 in
1943 2696 2180 2759 Christo
2219 2700 2380 2758 Iesu:
2421 2699 2747 2759 secundum
2785 2698 2940 2756 hanc
2978 2694 3308 2773 Tbeologia

402 2776 645 2838 visionis
676 2776 738 2836 in
775 2777 1005 2838 Sanctis
1043 2776 1421 2849 caelestibus:
1462 2778 1696 2839 tertium
1734 2778 1994 2856 denique
2033 2781 2234 2839 locum
2274 2778 2424 2838 haec
2459 2788 2663 2839 nostra
2693 2774 3025 2853 Theologia
3062 2774 3311 2835 obtinet.

404 2874 555 2933 quae
596 2856 645 2916 si
684 2873 823 2917 cum
862 2856 1195 2935 Theologia
1232 2867 1573 2917 sanctorum
1613 2857 1674 2917 in
1714 2858 1897 2919 coelis
1938 2858 2181 2919 minime
2220 2867 2309 2918 est
2347 2858 2749 2936 comparanda
2764 2901 2780 2931 ,
2818 2858 3000 2933 longe
3038 2856 3308 2934 profecte

402 2934 657 3013 iniquius
716 2937 977 2997 futurum
1036 2947 1223 3015 esset,
1283 2936 1333 2998 si
1394 2937 1525 3015 quis
1581 2956 1714 2997 eam
1768 2955 1906 2999 cum
1947 2938 2280 3017 Theologia
2318 2938 2580 3030 vnioniS,
2621 2934 3048 3015 iniquissimum
3087 2932 3135 2993 si
3174 2952 3312 2993 cum

406 3015 739 3095 Theologia
777 3016 877 3077 illa
912 3018 1231 3094 archetypa
1269 3018 1326 3077 ἅτ
1365 3016 1657 3078 essentiali
1696 3020 1875 3079 vellet
1912 3017 2303 3079 committere.
2356 3020 2464 3078 Est
2500 3018 2677 3096 igitur
2729 3016 2944 3077 modus
3002 3015 3310 3075 absolutae

408 3094 577 3155 huius
633 3095 999 3175 Theologiae
1055 3100 1093 3156 ὲ,
1150 3097 1627 3158 communicante
1687 3097 1861 3158 datus
1876 3144 1892 3177 ,
1944 3118 2056 3177 pro
2095 3099 2281 3160 modo
2331 3098 2648 3176 sapientiae
2687 3100 2744 3159 δι
2783 3094 3064 3157 bonitatis
3101 3092 3312 3173 ipsius,

409 3184 569 3235 certa
608 3178 909 3237 voluntate
948 3176 1311 3255 consilioque
1351 3178 1502 3256 eius,
1542 3194 1666 3254 quo
1705 3178 2096 3239 revelationes
2135 3196 2270 3240 suas
2309 3178 2773 3256 contemperauit
2811 3173 3140 3237 conditioni
3179 3192 3314 3235 nos-

408 3264 563 3333 trae,
614 3258 669 3315 &
709 3274 837 3317 sese
870 3256 1348 3317 accommodauit
1384 3261 1541 3318 vltro
1580 3257 1658 3317 ad
1698 3258 1989 3319 rationem
2027 3258 2338 3319 hominum
2352 3303 2370 3339 ,
2409 3261 2774 3335 salutemque
2813 3254 3114 3316 Ecclesiae
3153 3272 3311 3315 suae.

482 3336 654 3396 Haec
711 3335 811 3396 illa
862 3347 951 3397 est
1000 3338 1269 3397 absoluta
1307 3337 1670 3417 Theologia,
1708 3346 1897 3399 totam
1938 3337 2226 3399 rationem
2265 3341 2587 3417 perfectam
2626 3339 2884 3417 perfecte
2923 3335 3310 3413 comprehen-

409 3412 581 3494 dens,
636 3433 817 3494 quam
869 3418 1003 3478 Deo
1047 3417 1263 3494 placuit
1301 3420 1565 3478 reuelare
1602 3416 1664 3477 in
1704 3436 2024 3480 commune
2038 3465 2056 3498 ,
2096 3420 2175 3479 ad
2213 3418 2452 3479 laudem
2489 3418 2708 3497 gratiae
2745 3416 3039 3497 gloriosae
3078 3432 3220 3475 suae
3250 3414 3311 3473 in

405 3494 638 3556 Christo
677 3498 831 3557 Iesu.
890 3498 983 3556 Ex
1020 3497 1134 3557 hac
1173 3506 1371 3558 autem
1410 3495 1611 3558 diuina
1648 3499 1825 3575 plane
1863 3501 2184 3577 perfectaq.
2222 3498 2554 3577 Theologia
2571 3495 2982 3560 communitati
2999 3494 3308 3556 hominum

403 3592 507 3651 per
543 3575 658 3636 Dei
696 3576 945 3655 gratiam
983 3576 1279 3656 exposita,
1317 3577 1596 3654 profluxit
1634 3578 1817 3638 altera
1855 3578 1955 3638 illa
1995 3577 2144 3639 ratio
2183 3580 2549 3657 Theologiae
2563 3625 2580 3659 ,
2621 3596 2802 3657 quam
2821 3577 3147 3637 secundum
3167 3573 3312 3651 quid

400 3656 787 3731 appellamus
846 3656 977 3716 Etsi
1014 3675 1137 3715 non
1179 3665 1268 3717 est
1307 3656 1725 3736 cogitandum,
1768 3674 1953 3736 quum
1995 3658 2062 3731 (f.
2109 3662 2302 3736 1399.)
2344 3658 2673 3719 modificari
2711 3654 3105 3735 Theologiam
3149 3653 3314 3712 illam

405 3733 666 3795 diuinam
702 3736 1111 3814 praedicamus
1127 3780 1145 3815 ,
1186 3754 1297 3797 nos
1336 3738 1415 3797 de
1456 3736 1703 3797 veritate
1742 3736 1895 3799 illius
1936 3755 2293 3815 quacunque
2332 3739 2408 3799 de
2448 3757 2626 3799 causa
2641 3740 2793 3799 velle
2815 3737 3152 3797 detrahere:
3173 3750 3314 3791 nam

404 3814 795 3894 Theologiam
845 3814 1007 3875 illam
1045 3832 1393 3876 veneramur
1408 3862 1425 3895 ,
1465 3814 1834 3894 colimusque
1871 3818 2304 3896 religiosissime
2319 3864 2336 3897 ,
2379 3820 2434 3877 &
2472 3821 2741 3897 lugemus
2781 3816 2976 3895 potius
3015 3811 3317 3903 infirmita·

407 3902 527 3954 tem
584 3904 846 3955 nostram
898 3896 953 3955 δι
1004 3895 1300 3974 angustias
1349 3895 1565 3957 mentis
1604 3908 1871 3975 nostrae,
1914 3901 2097 3975 quam
2136 3907 2202 3959 vt
2239 3900 2316 3958 de
2354 3897 2718 3958 sanctissima
2755 3896 2886 3975 illa,
2925 3895 2981 3953 &
3021 3894 3316 3971 perfectis-

405 3972 551 4033 sima
589 3974 927 4053 Theologia
962 3976 1256 4036 tantulum
1297 3976 1693 4037 detrahamus.
1755 3979 1873 4038 Sed
1929 3977 2069 4055 quia
2117 3978 2360 4040 virtutes
2417 3996 2623 4039 omnes
2664 3980 2751 4053 (vt
2787 3977 2924 4037 ante
2964 3972 3240 4049 diximus)
3279 3976 3317 4031 a

404 4064 614 4114 natura
667 4057 847 4135 longe
904 4065 1041 4117 sunt
1098 4055 1552 4133 praestantiores
1590 4056 1649 4117 in
1688 4057 1891 4135 seipsis
1904 4103 1921 4137 ,
1959 4062 2140 4136 quam
2179 4058 2242 4119 in
2281 4056 2552 4119 subiecto
2591 4058 2712 4117 vllo
2751 4074 2860 4116 suo
2875 4100 2894 4135 ,
2935 4053 3317 4131 quemadmo-

402 4132 546 4193 dum
608 4132 768 4195 aliud
821 4148 911 4196 est
965 4134 1180 4196 iustitia
1240 4135 1301 4195 in
1340 4155 1432 4215 se,
1474 4136 1632 4197 aliud
1670 4136 1888 4198 iustitia
1925 4137 2184 4199 hominis
2222 4156 2362 4198 cum
2401 4135 2768 4198 restrictione
2807 4134 2991 4195 dicta:
3034 4136 3106 4195 ee
3147 4135 3214 4193 fit
3252 4142 3317 4193 vt

402 4212 461 4272 T
460 4214 795 4292 heologiam
836 4216 1161 4275 secundum
1198 4215 1344 4293 quid
1382 4218 1748 4294 appellamus
1790 4236 1919 4278 mm
1934 4264 1951 4297 ,
1987 4237 2140 4295 quae
2177 4219 2238 4279 in
2277 4217 2521 4279 homine
2555 4227 2672 4296 est,
2701 4218 2758 4276 &
2777 4215 3101 4277 secundum
3121 4213 3311 4275 homi-

403 4312 543 4354 nem
562 4340 579 4372 ,
621 4293 785 4356 cuius
826 4296 1021 4356 forma
1059 4295 1333 4374 simplex,
1372 4296 1705 4375 Theologia
1745 4299 2017 4358 absoluta
2054 4302 2091 4357 a
2130 4298 2305 4359 nobis
2343 4298 2501 4359 dicta
2519 4308 2625 4358 est.
2668 4298 2776 4358 Est
2791 4296 2967 4375 igitur
2983 4293 3316 4371 Theologia

402 4372 503 4433 illa
568 4375 868 4455 absoluta,
927 4378 1092 4437 velut
1151 4378 1345 4436 forma
1401 4376 1739 4453 purissima:
1788 4378 2124 4457 Theologia
2159 4382 2302 4439 vere
2343 4379 2668 4440 secundum
2709 4377 2886 4457 quid,
2925 4378 3087 4436 velut
3124 4376 3319 4464 forma

1836 4477 1907 4516 10
3040 4464 3320 4516 materiae
