3923 4875
662 314 777 389 326
1617 327 1942 373 ‘rausi-‚s
2002 319 2659 373 rneonooicllr..

746 511 838 553 22.
917 492 986 549 In
1045 491 1382 553 hominibus
1441 512 1556 553 non
1622 493 1983 567 regeneratis
2040 491 2293 552 liberum
2354 488 2678 553 Arbitrium
2728 490 2801 567 (si
2840 488 2920 551 ita
2956 492 3222 553 dicendu
3242 514 3307 555 m
3356 500 3479 572 est)
3534 496 3617 556 ad

663 574 885 632 malum
943 580 1032 631 est
1089 582 1342 652 tantum,
1397 574 1516 633 hoc
1579 584 1664 632 est
1719 590 1792 631 ea
1829 571 2070 633 libertas
2110 572 2169 631 in
2210 570 2452 632 homine
2492 572 2735 632 demum
2776 569 2977 633 relicta
3020 584 3109 635 est
3150 590 3313 651 quae
3361 574 3455 635 nil
3504 575 3617 637 nisi

665 654 886 713 malum
925 652 1106 729 idque
1145 655 1298 713 male
1337 663 1440 714 aut
1476 650 1618 714 velit
1655 659 1757 712 aut
1797 652 1948 714 velle
1988 650 2195 730 possit.

747 752 840 809 23.
922 733 1032 792 Per
1098 735 1326 811 lapsum
1387 732 1547 794 enim
1613 731 1942 811 primorum
2004 742 2315 810 parentum
2374 729 2587 793 amissa
2628 742 2715 793 eet
2754 732 2853 793 illa
2894 732 3124 813 integra
3162 736 3281 795 Dei
3326 736 3613 815 cognitio

665 832 818 891 quae
857 823 984 872 erat
1023 810 1082 871 in
1123 824 1351 891 mente,
1391 824 1569 891 atque
1609 812 1670 873 in
1713 812 1833 873 eius
1871 814 2073 873 locum
2094 812 2374 873 successit
2392 811 2725 891 ignorantia
2743 813 2799 874 &
2818 813 3137 875 dubitatio:
3178 814 3245 876 in
3265 818 3611 877 Voluntate-

664 898 807 954 νει-ὸ
849 896 904 953 &
945 894 1128 953 corde
1167 894 1406 955 dileetio
1445 897 1502 956 δι
1543 894 1720 955 timor
1756 892 2003 953 Domini
2045 891 2409 971 desinemnt,
2450 900 2847 973 successitque
2884 895 2946 955 in
2968 897 3175 959 locum
3196 895 3323 957 eius
3347 896 3607 958 odiosus

665 983 996 1035 contemtus
1059 975 1114 1033 &
1173 975 1548 1035 contumacia
1600 975 1880 1034 aduersus
1936 975 2131 1034 Deum
2154 1019 2169 1045 ,
2233 976 2287 1035 δι
2346 990 2531 1051 praua
2587 972 2886 1035 inclinatio
2932 974 3011 1035 ad
3054 976 3273 1035 malum
3304 986 3604 1055 mer-aque

665 1052 1016 1132 impotentia
1068 1054 1146 1114 ad
1186 1055 1434 1116 bonum.

749 1153 845 1208 24.
923 1135 1348 1195 Verumtamen
1403 1133 1452 1195 si
1491 1134 1678 1213 magis
1717 1134 1956 1213 proprie
1995 1134 2075 1195 de
2116 1134 2229 1194 isto
2269 1133 2579 1194 hominum
2618 1151 2834 1213 genere
2870 1136 3243 1213 loquendum
3282 1146 3375 1198 est
3396 1182 3416 1215 ,
3466 1154 3601 1199 non

667 1226 754 1276 est
813 1212 1041 1275 homini
1101 1216 1332 1293 ψυχικῷ
1393 1234 1466 1275 ac
1513 1232 1638 1275 non
1677 1225 2024 1294 regenerato
2064 1214 2319 1275 liberum
2358 1213 2663 1275 arbitrium
2678 1260 2696 1292 ,
2736 1214 2875 1293 quia
2910 1234 3024 1275 nec
3067 1215 3375 1277 arbitrium
3408 1218 3599 1279 habet

664 1315 779 1356 nec
819 1294 972 1355 liber
1011 1307 1098 1356 est
1137 1298 1214 1355 ad
1255 1295 1559 1357 obiectum
1596 1294 1778 1372 iuius,
1821 1294 1991 1356 cuius
2032 1303 2303 1373 respectu
2346 1294 2651 1355 arbitrium
2690 1294 2942 1355 liberum
2982 1297 3325 1389 appellatur.

751 1396 781 1436 2
790 1392 844 1449 5.
926 1376 1066 1435 Non
1115 1376 1298 1435 habet
1356 1376 1694 1454 arbitrium,
1757 1395 1894 1435 nam
1939 1374 2075 1437 eum
2118 1372 2417 1435 obiectum
2458 1374 2532 1435 sit
2572 1375 2791 1453 duplex
2830 1394 2937 1453 per
2976 1376 3439 1437 disiunctionem
3480 1396 3592 1454 op-

665 1456 924 1534 positum
939 1500 958 1533 ,
997 1466 1098 1515 aut
1143 1456 1372 1516 bonum
1413 1464 1556 1534 puta
1593 1467 1696 1517 aut
1737 1456 1957 1516 malum
1975 1502 1993 1526 ,
2032 1456 2280 1516 omnino
2319 1454 2624 1515 arbitrium
2666 1454 2727 1515 in
2748 1456 3053 1517 voluntate
3072 1456 3328 1535 spectari
3346 1476 3597 1518 necesse

665 1546 784 1616 est,
843 1555 969 1596 non
1028 1539 1146 1613 qua
1207 1537 1480 1597 voluntas
1541 1536 1820 1597 naturalis
1836 1581 1855 1615 ,
1918 1536 2024 1597 sed
2074 1538 2192 1614 qua
2232 1535 2479 1596 electiua
2518 1546 2633 1615 est,
2696 1536 2981 1596 vtrumuis
3023 1536 3326 1597 obiectum
3364 1537 3591 1617 eligere

712 1628 905 1678 otene.

667 1638 708 1697 p
750 1698 843 1757 26.
923 1696 1132 1756 Homo
1170 1705 1370 1757 autem
1411 1697 1666 1773 ψυχικὸς
1703 1716 1828 1757 non
1870 1694 2029 1775 capit
2110 1712 2222 1756 uae
2263 1703 2399 1757 sunt
2438 1694 2588 1773 Dei,
2628 1696 2684 1757 &
2724 1694 2784 1754 in
2830 1695 2981 1774 ipso,
3024 1694 3064 1756 i.
3104 1694 3165 1757 in
3206 1716 3385 1757 carne
3426 1697 3581 1769 eim,

665 1796 788 1837 non
825 1776 1076 1837 ·habitat
1136 1774 1456 1855 quicquam
1516 1776 1698 1851 boni,
1757 1796 1828 1836 ac
1889 1716 2142 1855 proinde
2200 1796 2315 1836 nec
2374 1774 2755 1854 intelligentia
2804 1776 2982 1855 boni,
3040 1794 3153 1837 nec
3196 1780 3466 1839 voluntas
3504 1778 3585 1837 ad

664 1859 925 1935 bonum,
967 1874 1079 1916 nec
1117 1855 1332 1917 electio
1371 1856 1519 1917 boni
1559 1855 1940 1917 arbitriumue
1982 1856 2060 1916 ad
2106 1855 2297 1935 ipsum
2342 1855 2611 1935 pertinet.
2624 1856 2688 1931 (f.
2718 1858 2913 1933 1784.)

751 1954 845 2013 27.
924 1938 1074 1995 Non
1136 1945 1224 1996 est
1270 1938 1419 1997 liber
1457 1936 1536 1997 ad
1575 1936 1828 2014 duplicis
1869 1936 2089 1998 obiecti
2128 1936 2308 1997 velle:
2364 1954 2503 1997 nam
2542 1934 2650 1996 etsi
2681 1937 2982 1996 voluntate
3018 1938 3271 1997 naturali
3308 1936 3459 1997 liber
3496 1948 3585 1998 est

670 2017 732 2076 in
793 2034 920 2078 sese
979 2016 1195 2084 (malus
1245 2026 1444 2077 autem
1493 2026 1582 2077 est
1629 2016 1691 2075 in
1743 2018 1899 2077 malo
1943 2016 2195 2095 positus)
2237 2016 2503 2077 Electiua
2540 2025 2743 2077 tamen
2778 2018 3082 2077 voluntate
3120 2035 3242 2078 non
3278 2030 3365 2078 est
3402 2016 3551 2078 liber
3566 2064 3583 2094 ‚

669 2096 806 2156 cum
847 2096 1200 2157 electionem
1239 2114 1363 2157 non
1392 2096 1611 2157 habeat
1647 2096 1794 2157 boni
1809 2142 1826 2173 ,
1867 2098 2029 2157 velut
2066 2096 2326 2158 absentis
2364 2096 2443 2155 ab
2482 2114 2557 2157 eo
2600 2098 2655 2157 &
2692 2097 2883 2175 ignoti
2920 2098 2979 2157 δι
3018 2096 3184 2157 exosi
3221 2096 3279 2157 δι
3316 2096 3579 2175 impossi-

667 2175 833 2253 bilis,
875 2177 982 2237 sed
1019 2187 1156 2237 actu
1197 2175 1327 2255 ipso
1367 2186 1483 2255 est,
1527 2196 1599 2237 ac
1637 2196 1759 2237 non
1799 2174 2068 2254 potentia
2100 2185 2201 2239 aut
2240 2175 2563 2255 electione,
2604 2178 2812 2237 malus.

753 2260 843 2317 28.
919 2256 1218 2333 Quamuis
1255 2256 1431 2336 igitur
1469 2274 1660 2333 neque
1699 2258 1999 2318 intellectu
2038 2260 2212 2335 plane
2252 2254 2599 2317 destituatur
2638 2256 2823 2319 homo
2846 2302 2862 2333 ,
2902 2274 3015 2315 nec
3053 2258 3359 2317 voluntate
3372 2303 3391 2336 ,
3448 2256 3583 2335 quia

667 2348 866 2398 tamen
926 2338 1246 2415 deprauata
1305 2347 1504 2398 mente
1561 2336 1899 2413 iudicioque
1966 2340 2237 2398 voluntas
2297 2336 2407 2397 nisi
2466 2334 2614 2397 boni
2664 2337 2881 2416 eligere
2933 2336 2991 2395 81
3042 2337 3324 2414 amplecti
3361 2347 3581 2415 potest,

668 2418 930 2495 sequitur
985 2416 1047 2479 in
1108 2416 1349 2480 homine
1389 2436 1512 2478 non
1552 2427 1898 2498 regenerato
1937 2417 2176 2512 proprie
2216 2436 2339 2479 non
2380 2434 2507 2478 esse
2545 2416 2798 2478 liberum
2820 2414 3125 2478 arbitrium
3140 2463 3157 2495 ,
3200 2418 3305 2478 sed
3348 2434 3581 2478 seruum

667 2517 798 2560 esse
838 2497 1094 2577 peccati:
1143 2508 1246 2559 aut
1283 2499 1332 2559 si
1371 2497 1543 2558 datur
1580 2497 1834 2559 liberum
1874 2497 2179 2560 arbitrium
2220 2498 2281 2558 in
2322 2517 2397 2559 eo
2438 2517 2565 2558 esse
2606 2499 3077 2578 καταχρηςικῶς,
3138 2496 3391 2558 liberum
3430 2496 3575 2558 arbi-

668 2579 843 2639 trium
905 2599 1034 2640 esse
1089 2580 1170 2639 ad
1229 2580 1450 2639 malum
1495 2579 1723 2639 tantum
1783 2577 1842 2638 in
1899 2578 2078 2640 rebus
2114 2577 2516 2658 spiritualibus
2555 2595 2658 2638 seu
2699 2577 2913 2637 diuinis
2954 2575 3193 2654 etiamq.
3231 2579 3296 2638 in
3334 2577 3577 2639 externis

667 2670 728 2718 at
774 2705 788 2720 .
830 2658 1122 2720 ciuilibus.

729 2679 844 2817 (ἒς).
925 2741 996 2800 In
1043 2735 1440 2818 spiritualibus
1481 2735 1723 2815 quidem
1765 2741 1820 2800 δι
1859 2735 2072 2798 diuinis
2088 2783 2105 2816 ,
2144 2735 2284 2816 quia
2322 2754 2505 2816 purus
2543 2747 2719 2816 putus
2756 2735 2941 2796 homo
2974 2754 3100 2797 non
3120 2739 3352 2798 tantum
3384 2739 3573 2799 Deum

665 2838 777 2881 nec
835 2819 1103 2898 agnoscit
1154 2821 1323 2911 vere,
1380 2835 1495 2878 nec
1535 2829 1695 2878 amat
1711 2865 1728 2896 ,
1776 2837 1890 2879 nec
1929 2817 2219 2878 voluntati
2260 2817 2385 2878 eius
2426 2817 2545 2896 qua
2586 2816 2765 2877 debet
2807 2815 3147 2878 obedientia
3180 2817 3577 2896 obtemperat,

665 2899 772 2960 sed
831 2919 908 2960 ne
964 2909 1158 2960 motus
1218 2899 1458 2976 quidem
1509 2898 1704 2959 bonos
1764 2898 1842 2958 ad
1901 2900 2021 2958 hoc
2058 2897 2280 2959 iudicio
2320 2895 2533 2959 mentis
2573 2913 2714 2957 suae
2728 2943 2746 2976 ,
2807 2897 2865 2956 &
2904 2897 3220 2958 voluntatis
3260 2897 3548 2958 electione
3562 2943 3579 2975 ,

709 2990 860 3040 otest
900 2977 1200 3040 inchoare.

665 3000 706 3058 p
746 3079 841 3135 30.
923 3060 992 3119 In
1035 3057 1306 3120 ciuilibus
1345 3069 1544 3118 autem
1585 3057 1642 3117 8z
1681 3055 1934 3118 externis
1975 3057 2053 3117 ad
2095 3059 2315 3119 malum
2356 3067 2583 3118 tantum
2623 3056 2775 3118 liber
2816 3065 2928 3116 att
2984 3055 3125 3136 quia
3162 3067 3229 3117 vt
3268 3057 3371 3117 hic
3410 3059 3577 3136 paulo

667 3141 798 3218 plus
838 3150 1043 3200 cernat
1082 3138 1408 3200 seeundum
1449 3153 1798 3198 communes
1837 3135 2115 3197 notiones
2155 3137 2353 3200 insitas
2393 3136 2455 3197 in
2495 3136 2705 3198 natura
2718 3183 2736 3214 ,
2776 3148 2975 3197 tamen
3016 3155 3127 3197 nec
3166 3153 3249 3198 ex
3286 3138 3407 3197 fide
3428 3137 3577 3214 facit,

661 3239 774 3280 nec
813 3219 889 3280 ad
931 3237 1135 3280 verum
1175 3220 1353 3279 finem
1395 3216 1703 3278 contendit
1737 3217 1914 3279 boni:
1956 3215 2241 3296 quicquid
2280 3228 2480 3278 autem
2522 3219 2587 3278 fit
2626 3217 2752 3278 sine
2793 3216 2913 3276 fide
2950 3227 3265 3296 peccatum
3308 3228 3418 3278 est.

745 3317 779 3376 3
793 3318 843 3358 1.
924 3299 1078 3360 Nam
1139 3297 1201 3358 id
1259 3299 1501 3358 demum
1553 3301 1696 3358 vere
1753 3300 1982 3360 bonum
2042 3306 2133 3358 est
2148 3345 2165 3378 ,
2225 3297 2391 3358 cuius
2429 3299 2555 3358 laus
2594 3308 2684 3358 est
2724 3315 2796 3357 ex
2833 3298 2970 3357 Deo
2985 3342 3004 3377 ,
3058 3315 3275 3376 nempe
3313 3296 3353 3357 a
3390 3297 3577 3358 radice

663 3377 826 3440 bona
841 3425 857 3458 ,
895 3379 1073 3441 bonis
1113 3378 1318 3440 mediis
1357 3379 1435 3438 ad
1475 3377 1704 3438 bonum
1745 3379 1922 3437 finem
1964 3394 2299 3455 assurgens:
2340 3377 2389 3438 si
2428 3377 2595 3438 cuius
2633 3387 2829 3438 autem
2868 3376 3015 3438 boni
3031 3378 3160 3438 laus
3192 3388 3368 3438 estex
3402 3375 3578 3438 homi-

667 3460 840 3520 nibus
893 3461 1086 3520 solum
1101 3505 1119 3540 ,
1179 3458 1243 3519 id
1303 3459 1364 3518 in
1425 3459 1604 3519 rebus
1663 3457 1933 3517 humanis
1992 3459 2220 3518 bonum
2274 3457 2488 3518 dicitur
2528 3455 2887 3536 aequiuoce,
2948 3466 3195 3536 propter
3231 3457 3491 3536 speciem
3529 3461 3575 3518 δι

665 3539 1012 3618 opinionem
1053 3538 1200 3601 boni
1220 3584 1239 3617 ,
1280 3536 1550 3616 quamuis
1591 3556 1712 3597 non
1755 3537 1830 3598 sit
1868 3555 1931 3596 re
1972 3537 2027 3596 &
2067 3536 2309 3600 veritate
2354 3539 2597 3598 bonum.

745 3640 841 3696 32.
921 3621 1203 3680 Hominis
1245 3619 1584 3695 regenerati
1615 3617 1868 3677 liberum
1910 3615 2218 3678 arbitrium
2258 3629 2346 3679 est
2388 3617 2601 3696 partim
2623 3619 2701 3679 ad
2718 3619 2951 3678 bonum
2965 3661 2983 3695 ,
3015 3617 3227 3710 partim
3250 3617 3328 3678 ad
3349 3617 3577 3677 malum.

746 3719 874 3778 33.·
924 3700 1024 3760 Ad
1084 3701 1342 3777 bonum,
1404 3695 1523 3776 qua
1580 3709 1954 3776 regeneratus
1996 3698 2051 3756 &
2092 3695 2372 3759 liberatus
2412 3701 2449 3758 a
2492 3697 2759 3759 dominio
2802 3709 3062 3776 peccati,
3123 3695 3262 3774 quia
3302 3699 3440 3757 cum
3480 3714 3578 3755 nos

667 3781 914 3858 Spiritus
967 3781 1025 3840 S.
1066 3789 1404 3858 regenerat,
1468 3775 1741 3838 accendit
1795 3777 1969 3837 simul
2012 3777 2071 3836 in
2113 3789 2309 3840 mente
2349 3788 2549 3839 nostra
2588 3796 2805 3839 nouam
2846 3779 3040 3838 lucem
3083 3775 3497 3856 intelligentiae
3530 3777 3578 3834 ἃ

667 3859 1022 3939 cognitionis
1037 3905 1054 3938 ,
1108 3859 1170 3919 in
1225 3860 1530 3918 voluntate
1583 3860 1724 3916 vero
1779 3856 1996 3918 excitat
2034 3875 2228 3918 nouos
2269 3869 2465 3919 motus
2505 3860 2560 3919 δι
2600 3856 3009 3919 inclinationes
3048 3875 3186 3917 cum
3226 3859 3358 3936 lege
3396 3855 3578 3916 diuina

671 3949 1093 4018 congruentes,
1137 3937 1352 4016 quibus
1395 3938 1512 3998 iam
1552 3937 1866 4016 cooperari
1903 3939 2039 3998 Deo
2082 3935 2416 4016 incipimus·

747 4041 843 4097 34.
927 4020 1023 4078 Ad
1063 4021 1283 4079 malum
1325 4027 1523 4077 autem
1539 4063 1556 4094 ,
1598 4017 1712 4093 qua
1751 4017 1947 4078 adhuc
1990 4016 2182 4096 agitur
2222 4029 2473 4096 peccato
2511 4017 2573 4077 in
2604 4020 2669 4095 (f.
2700 4019 2808 4092 178
2815 4019 2875 4095 5)
2910 4015 3041 4094 ipso
3082 4015 3421 4096 habitante,
3459 4013 3578 4093 quia

667 4099 1038 4178 regeneratio
1097 4108 1299 4159 nostra
1358 4098 1419 4157 in
1479 4098 1594 4157 hac
1653 4097 1773 4157 vita
1825 4095 2141 4158 inchoatur
2177 4099 2369 4158 solum
2388 4143 2404 4172 ,
2464 4101 2522 4158 δι
2560 4097 2621 4158 in
2666 4097 2839 4158 nobis
2880 4097 3163 4174 reliquiae
3202 4094 3578 4175 corruptionis

669 4179 1000 4240 habitantes
1042 4189 1378 4256 remanent,
1419 4175 1773 4254 quibuscum
1814 4197 1922 4256 per
1953 4195 2194 4238 omnem
2233 4179 2391 4238 hanc
2424 4177 2605 4238 vitam
2644 4177 3031 4256 pugnandum
3074 4177 3250 4238 nobis
3290 4185 3396 4238 est.

751 4277 846 4338 35.
930 4261 1022 4318 Ex
1053 4277 1172 4336 quo
1212 4259 1358 4318 illud
1389 4255 1798 4337 consequitur,
1839 4257 2136 4317 neminem
2179 4257 2424 4320 omnino
2464 4257 2770 4318 hominem
2807 4259 3001 4336 legem
3022 4257 3136 4318 Dei
3164 4257 3225 4316 in
3254 4257 3373 4316 hoc
3394 4257 3574 4316 seculo

670 4340 920 4420 implere
962 4357 1140 4418 posse
1155 4385 1173 4416 ,
1217 4337 1320 4399 vbi
1363 4355 1505 4398 caro
1543 4335 1828 4398 aduersus
1869 4334 2139 4416 spiritum
2181 4347 2405 4418 pugnat
2421 4384 2439 4418 ,
2479 4339 2537 4399 &
2576 4335 2811 4417 spiritus
2852 4338 3137 4399 aduersus
3177 4355 3438 4478 {amitti-ib.

3136 4435 3174 4494 3
3218 4463 3235 4480 .
3434 4435 3573 4475 erum
