3923 4875
621 65 747 130 404
1696 67 2108 114 amanter
2171 67 2382 110 rans
2443 69 2483 110 1.

694 232 863 293 Huiu
880 251 908 292 s
962 241 1162 292 autem
1222 229 1599 292 excellentiae
1650 241 1776 292 tum
1824 231 2103 292 adiuncta
2155 226 2654 306 manifestissima,
2693 239 2821 289 tum
2861 227 3186 288 certissima
3223 227 3572 288 testimonia

614 323 752 374 sunt
791 313 921 372 duo
964 311 1067 372 illa
1106 311 1337 388 reliqua
1376 310 1571 387 capita
1584 355 1601 388 ,
1642 329 1797 388 quae
1836 329 1911 370 ex
1950 309 2334 401 inscriptione
2372 309 2588 370 horum
2622 310 2986 386 psalmorum
3007 311 3144 368 ante
3165 306 3566 368 ostendimus.

614 391 901 469 Quisquis
946 391 1105 450 enim
1151 391 1232 450 de
1273 389 1617 451 excellentia
1655 393 1767 450 hac
1808 391 2064 450 necdum
2109 389 2222 450 sibi
2261 388 2496 450 videtur
2529 388 2666 448 satis
2687 389 3096 464 confirmatus,
3117 387 3198 448 ad
3217 399 3564 462 auctorem,

618 472 699 533 ad
760 471 1007 532 modum
1043 469 1385 549 ‘respiciatt
1448 470 1571 530 Hic
1625 474 1783 530 certe
1830 469 2135 530 habiturus
2185 479 2306 544 est,
2361 468 2522 528 vnde
2573 485 2740 528 suam
2780 467 2940 528 illam
2981 467 3118 527 fidei
3157 465 3560 527 infirmitatem

622 551 981 612 statuminet.
1043 553 1282 610 Auctor
1334 561 1423 612 est
1477 551 1669 627 Deus,
1710 550 2194 624 instrumentum,
2234 548 2460 623 Dauid,
2499 551 2538 607 a
2590 551 2722 609 Deo
2763 546 3188 608 sanctificatum
3228 547 3286 606 ὅτ
3323 547 3382 606 in
3531 581 3556 591 -

618 631 945 693 scribendis
986 629 1078 691 his
1120 629 1367 708 psalmis
1407 640 1785 708 occupatum.
1826 632 1933 690 Ille
1975 648 2109 702 rex,
2153 630 2450 707 Propheta
2491 631 2874 706 θεόπνουςος,
2907 627 3006 687 ille
3024 629 3209 688 homo
3229 643 3410 688 secun
3455 628 3560 686 um

618 731 725 771 cor
763 710 909 787 Dei,
950 721 1015 770 vt
1059 711 1353 787 scriptura
1392 710 1685 786 loquitur,
1726 709 1889 770 testis
1930 709 2336 786 incorruptuS,
2379 711 2433 768 δι
2471 707 2743 785 publicus
2777 707 2893 766 Dei
2924 707 2984 766 in
3003 706 3071 786 (f.
3093 710 3238 780 684)
3259 705 3557 773 Ecclesia,

617 789 1043 867 Ecclesiaeque
1100 790 1262 867 apud
1322 790 1516 852 Deum
1562 788 1857 865 notarius,
1899 789 2140 866 publica
2181 789 2296 848 fide
2337 791 2392 848 δι
2431 786 2778 846 auctoritate
2817 787 2929 847 hos
2968 789 3227 864 psalmos
3267 785 3548 846 exarauit.

622 873 753 930 Has
808 887 1047 947 operas,
1102 867 1219 928 Dei
1275 867 1518 946 inquam
1559 871 1614 929 δι
1666 869 1946 945 DauidiS,
1994 867 2054 927 in
2093 867 2184 928 his
2221 865 2462 946 psalmis
2500 878 2952 943 concurrentes,
2993 868 3354 926 excellentes
3389 883 3556 942 esse,

624 952 679 1010 &
728 950 805 1010 de
860 950 1037 1010 rebus
1096 948 1601 1008 excellentissimis
1656 951 1934 1026 credent,
1999 947 2356 1025 quicumque
2396 949 2626 1019 Deum,
2667 945 3030 1024 Ecclesiam,
3073 949 3130 1008 δι
3169 957 3403 1006 tantum
3443 945 3558 1006 Dei

621 1047 861 1090 seruum
900 1032 937 1088 a
978 1029 1109 1088 Deo
1153 1029 1544 1120 Ecclesiaque
1586 1027 1915 1088 adhibitum
1956 1027 2034 1086 ad
2075 1027 2230 1088 istud
2271 1045 2422 1104 opus
2459 1027 2840 1086 verebuntur.

701 1108 863 1168 Huic
899 1107 1174 1185 dignitati
1216 1109 1271 1167 δι
1316 1108 1651 1168 certitudini
1690 1111 1933 1168 alteram
1975 1107 2238 1168 adiunxit
2279 1109 2471 1181 Deus,
2513 1107 2648 1166 curn
2690 1106 2803 1166 hos
2842 1107 3002 1184 ipsos
3039 1107 3300 1183 psalmos
3341 1109 3555 1166 &mn-

622 1189 741 1249 tica
778 1207 907 1249 esse
947 1187 1169 1254 voluit,
1212 1195 1403 1265 eaque
1444 1189 1683 1264 publice
1724 1187 1784 1247 in
1826 1188 2096 1248 Ecclesia
2129 1185 2294 1262 cani,
2334 1189 2389 1247 81
2432 1187 2510 1245 ab
2529 1185 2738 1246 eadem
2763 1187 3066 1246 assemari.
3107 1186 3373 1245 Primnm
3393 1185 3552 1244 enim

620 1279 843 1347 quanta
895 1267 969 1328 sit
1018 1267 1107 1328 vis
1164 1285 1547 1327 numerorum
1602 1271 1657 1329 &
1720 1267 2146 1328 modulationis
2207 1267 2266 1326 in
2319 1265 2618 1326 mentibus
2677 1264 2988 1326 hominum
3047 1267 3103 1326 δι
3141 1265 3356 1326 animis
3397 1263 3554 1324 exci-

622 1348 850 1426 tandis,
904 1345 1243 1424 flectendis,
1306 1347 1643 1425 firmandiS,
1702 1347 2092 1424 regendisque
2135 1345 2195 1405 in
2236 1365 2478 1406 omnem
2520 1355 2778 1423 partem,
2834 1364 3011 1406 nemo
3053 1347 3238 1406 homo
3279 1343 3556 1422 ignorare

622 1439 842 1506 potest.
884 1429 1068 1502 Quod
1108 1437 1307 1486 autem
1349 1427 1410 1486 in
1452 1439 1657 1488 natura
1698 1428 1796 1503 fit,
1830 1427 1899 1487 id
1938 1429 2100 1486 Deus
2139 1425 2506 1487 sanctissime
2539 1428 2593 1485 δι
2625 1423 3048 1502 sapientissime
3072 1425 3132 1485 in
3156 1427 3331 1486 rebus
3353 1423 3554 1502 sacris,

627 1511 683 1570 &
731 1507 792 1567 in
841 1506 933 1567 his
985 1506 1127 1585 ipsis
1180 1507 1368 1567 voluit
1410 1507 1731 1567 obseruari.
1792 1505 2024 1566 Deinde
2065 1525 2188 1567 non
2227 1524 2436 1586 parum
2477 1503 2765 1565 momenti
2803 1504 3034 1565 adferre
3073 1505 3303 1565 videtur
3341 1505 3554 1564 harum

628 1587 971 1648 cantionum
1025 1586 1392 1664 auctoritati,
1452 1589 1617 1664 quod
1671 1589 1834 1646 Deus
1886 1605 2007 1646 non
2055 1588 2247 1646 solum
2289 1587 2368 1646 ad
2407 1597 2644 1644 cantum
2685 1585 3036 1646 commodas
3073 1585 3136 1644 in
3175 1585 3402 1662 populo
3443 1601 3552 1644 suo

626 1679 823 1727 extare
862 1666 1079 1746 voluit,
1121 1666 1228 1726 sed
1266 1666 1443 1726 etiam
1489 1667 1549 1726 in
1592 1666 1898 1745 publicum
1938 1666 2350 1726 auctoritatem
2391 1683 2594 1726 earum
2633 1663 2896 1724 diuinam
2918 1661 3257 1726 testificatus
3277 1675 3396 1724 est:
3437 1681 3554 1724 nec

626 1746 739 1808 illis
794 1748 989 1807 solum
1040 1743 1409 1823 temporibus
1464 1747 1776 1806 colendam
1822 1749 1877 1807 δι
1914 1745 2378 1824 suscipiendam,
2432 1746 2538 1804 sed
2581 1744 2640 1803 in
2683 1762 2923 1805 omnem
2963 1748 3267 1822 praeterea
3309 1744 3554 1822 posteri·

623 1836 838 1903 tatem,
893 1825 983 1885 his
1034 1825 1407 1902 temporibus
1458 1825 1708 1901 vltimiS,
1764 1828 1877 1886 hac
1926 1827 2060 1885 luce
2107 1823 2412 1902 Euangelij
2429 1868 2448 1900 ,
2499 1825 2580 1884 ad
2629 1825 2956 1884 secundum
2999 1840 3186 1902 usque
3227 1825 3554 1884 aduentum

627 1905 848 1966 Christi
902 1907 1357 1966 obseruandam.
1414 1906 1587 1981 Quae
1628 1907 1764 1966 cum
1810 1905 1891 1966 ita
1932 1905 2080 1983 sint,
2121 1907 2260 1965 cum
2300 1905 2505 1965 harum
2547 1903 2891 1964 cantionum
2934 1922 3081 1980 quas
3121 1906 3240 1965 hoc
3277 1915 3554 1980 tempore

630 1986 1101 2062 interpretandas
1129 1986 1523 2064 suscepimus,
1564 2004 1635 2045 ea
1666 1986 1741 2046 sit
1765 1983 2095 2063 Principi0,
2137 1987 2262 2063 Re,
2304 1986 2359 2044 δι
2389 1985 2580 2043 Modo
2601 1981 2862 2061 ipsarum
2881 1985 3228 2059 auctoritas,
3261 2001 3332 2043 ea
3353 1999 3552 2043 rerum

624 2069 948 2142 (vtcunque
998 2081 1225 2142 paucae
1277 2065 1612 2143 videantur)
1666 2065 1899 2124 Veritas
1913 2111 1929 2140 ,
1987 2064 2248 2142 Vtilitas,
2299 2065 2600 2124 Honestas
2618 2108 2636 2140 ,
2695 2073 2872 2140 atque
2913 2064 3282 2125 Neccaesitas
3321 2082 3396 2123 ex
3435 2063 3556 2123 Dei

628 2145 809 2223 ipsius
866 2143 1091 2204 veracis
1152 2155 1329 2222 atque
1392 2144 1583 2204 fidelis
1640 2144 2012 2220 testimonie,
2075 2155 2138 2204 vt
2195 2143 2340 2204 nihil
2391 2142 2452 2203 in
2490 2144 2668 2204 rebus
2707 2143 2981 2204 humanis
3020 2142 3365 2221 adaequari,
3407 2140 3556 2202 nihil

628 2223 961 2301 comparari
1000 2224 1212 2302 possit,
1252 2242 1316 2284 vt
1355 2242 1509 2301 quae
1548 2233 1677 2285 toto
1718 2243 1931 2302 genere
1969 2225 2046 2284 ab
2090 2223 2174 2284 eis
2214 2223 2514 2301 differant,
2556 2225 2612 2282 &
2650 2242 2744 2283 res
2787 2242 2995 2284 omnes
3034 2224 3352 2300 humanas,
3393 2241 3550 2300 quae

627 2303 746 2364 dici
806 2313 907 2363 aut
963 2303 1211 2382 cogitari
1271 2315 1547 2381 possunt,
1610 2305 2012 2382 maximopere
2074 2304 2458 2364 antecellant:
2498 2303 2822 2363 excitemur
2863 2321 2969 2380 per
3011 2305 3204 2364 Deum
3249 2302 3550 2364 immorta-

628 2385 747 2445 lem
802 2401 875 2444 ex
923 2383 1025 2444 illo
1074 2384 1328 2444 infausto
1370 2383 1755 2461 lethiferoque
1794 2393 2076 2463 veterno,
2117 2401 2239 2461 quo
2279 2402 2391 2445 nos
2431 2382 2766 2444 communis
2804 2384 2900 2445 ille
2941 2382 3310 2445 aduersarius
3350 2381 3554 2443 salutis

632 2474 869 2524 nostrae
918 2463 1255 2541 soporauit,
1306 2466 1361 2524 δι
1402 2464 1461 2524 in
1502 2483 1623 2541 quo
1662 2463 1815 2542 nati,
1870 2464 2133 2540 educati,
2189 2463 2290 2524 alti
2330 2463 2800 2541 conquiescimus
2839 2466 2970 2541 plus
3007 2465 3164 2525 satis.
3227 2463 3554 2523 Videamus

632 2544 876 2605 tandem
916 2543 1059 2603 nihil
1100 2544 1159 2603 in
1202 2545 1377 2605 rebus
1418 2544 1697 2605 omnibus
1736 2544 1941 2605 mundi
1963 2545 2256 2621 existere,
2301 2544 2466 2621 quod
2505 2544 2682 2604 nobis
2719 2562 2921 2603 veram
2959 2544 3368 2605 excellentiam
3390 2562 3556 2622 prae·

632 2625 771 2685 beat
788 2668 804 2701 ,
842 2624 1113 2700 quamuis
1154 2634 1409 2687 ostentet
1448 2624 1736 2702 speciem:
1778 2622 1924 2683 nihil
1965 2625 2190 2684 attendi
2227 2627 2264 2684 a
2305 2624 2478 2683 nobis
2521 2635 2828 2701 oportere,
2869 2623 2948 2683 ad
2987 2626 3152 2700 quod
3173 2628 3262 2701 (vt
3279 2623 3552 2683 certatim

628 2704 897 2781 facimus)
946 2705 1511 2782 apprehendendum
1565 2720 1988 2764 concurramus
2026 2704 2088 2763 in
2129 2703 2218 2765 his
2259 2703 2594 2763 labentibus
2633 2706 2688 2764 &
2729 2703 2970 2763 caducis
3009 2706 3216 2765 rebus:
3271 2702 3550 2781 praeterit

630 2783 791 2843 enim
844 2785 1031 2861 figura
1082 2783 1291 2843 mundi
1332 2784 1537 2861 huiuS,
1592 2782 1781 2860 inquit
1818 2785 2178 2862 ApostoluS,
2221 2800 2242 2841 1
2281 2784 2422 2844 Cor.
2467 2801 2522 2860 7.
2565 2802 2663 2861 31.
2703 2782 2846 2860 quin
2887 2784 3084 2860 potius
3121 2802 3232 2861 pro
3271 2801 3348 2844 eo
3389 2784 3558 2859 quod

631 2865 713 2923 ita
752 2863 964 2923 misere
1006 2862 1065 2923 in
1108 2862 1275 2923 fluxis
1316 2866 1489 2924 rebus
1529 2862 1740 2923 natura
1778 2864 1833 2923 &
1874 2862 2070 2924 studio
2111 2861 2462 2941 diffinimus,
2505 2882 2704 2923 veram
2727 2863 3134 2923 excellentiam
3156 2881 3352 2923 rerum
3375 2880 3553 2939 quae·

629 2961 827 3004 ramus
856 2941 1310 3003 studiosissime:
1354 2962 1555 3003 veram
1576 2943 1909 3004 doctrinam
1930 2944 2317 3005 excellentiae
2335 2942 2543 3003 natura
2563 2943 2880 3003 extinctam
2897 2986 2914 3017 ,
2955 2942 3062 3003 sed
3079 2942 3268 3020 gratia
3289 2944 3556 3003 oblatam

630 3022 1022 3101 percipiamus
1078 3022 1552 3101 diligentissime:
1610 3026 1667 3085 δι
1718 3040 1925 3085 verum
1979 3034 2284 3084 auctorem
2338 3021 2648 3083 doctrinae
2703 3022 2873 3082 huius
2911 3022 3102 3098 (cuius
3140 3022 3436 3083 beneficio
3479 3022 3557 3082 ad

632 3103 941 3163 veritatem
978 3118 1173 3162 rerum
1214 3102 1733 3181 doctrinarumque
1772 3104 2112 3163 salutarium
2147 3107 2326 3181 quam
2361 3102 2862 3180 indulgentissime
2882 3104 3556 3179 prouocamur)auscu1-

628 3192 823 3244 temus
862 3180 1329 3260 religiosissime:
1370 3185 1425 3243 &
1465 3182 1523 3243 in
1568 3182 1773 3244 schola
1814 3184 1939 3243 eius
1979 3186 2314 3259 haerentes»,
2356 3194 2638 3259 tanquam
2661 3182 2741 3242 ad
2761 3183 2943 3259 pedes
2961 3183 3173 3261 ipsius,
3215 3184 3554 3242 hauriamus

634 3264 709 3323 de
750 3261 889 3322 riuis
929 3262 1219 3332 veritatiS,
1262 3272 1639 3339 expectantes
1680 3265 1823 3323 dum
1844 3264 1921 3323 ad
1943 3266 2170 3323 fontem
2189 3262 2346 3323 illius
2364 3262 2764 3340 plenissimum
2786 3262 3118 3339 plenissime
3139 3263 3552 3341 perducamur.

712 3343 807 3402 Ex
860 3341 952 3402 his
1002 3341 1199 3420 itaque
1248 3342 1513 3403 fontibus
1554 3344 1629 3403 de
1670 3343 2014 3403 conditione
2053 3354 2296 3404 sanctae
2333 3341 2498 3419 pacis
2539 3346 2594 3402 δι
2632 3342 3002 3403 Christianae
3045 3342 3280 3403 ducturi
3317 3340 3552 3419 aliquos

632 3422 793 3483 riuos
832 3422 911 3483 ad
953 3440 1334 3483 communem
1374 3423 1877 3497 aedificationem,
1928 3425 2126 3483 Deum
2167 3440 2406 3483 oramus
2445 3432 2508 3481 vt
2544 3422 2720 3482 nobis
2760 3423 2837 3482 de
2879 3422 3008 3499 ipsa
3046 3420 3393 3484 excellentia
3429 3420 3554 3483 dic-

628 3502 771 3563 turis
832 3501 1047 3580 praesit
1109 3502 1325 3580 Spiritu
1368 3504 1745 3562 excellentiae
1788 3522 1929 3580 suo,
1969 3504 2024 3561 &
2063 3504 2322 3563 lecturos
2362 3520 2569 3562 omnes
2609 3500 2826 3562 afficiat
2865 3502 3126 3563 eiusdem
3165 3500 3552 3563 excellentiae

626 3598 767 3643 suae
808 3580 1003 3643 studio
1044 3602 1115 3642 ac
1160 3580 1549 3659 conscientia,
1594 3594 1655 3641 vt
1694 3583 1849 3642 viam
1890 3584 2274 3643 excellentem
2315 3584 2474 3641 hanc
2511 3582 2844 3641 insistamus
2885 3601 3126 3661 omnes,
3167 3584 3224 3643 &
3257 3581 3336 3643 ad
3368 3584 3550 3641 finem

624 3662 1173 3740 perfectionemque
1228 3660 1381 3723 illius
1430 3682 1551 3722 vno
1608 3661 1807 3723 animo
1862 3662 2284 3723 contendamus
2337 3662 2396 3723 in
2450 3660 2686 3722 Christo
2741 3665 2876 3721 Iesu
2913 3663 3121 3738 vnico,
3175 3672 3451 3739 aeterno«,
3494 3663 3551 3721 δι

624 3744 893 3820 perfecto
936 3752 1243 3802 seruatore
1282 3753 1509 3803 nostro.
1552 3742 1705 3802 Cum
1742 3752 1941 3801 autem
1983 3742 2104 3803 duo
2145 3742 2339 3819 capita
2379 3742 2454 3802 de
2495 3743 2648 3801 Pace
2688 3741 3077 3819 receperimus
3115 3753 3254 3803 ante
3291 3760 3404 3805 nos
3421 3760 3554 3802 esse

628 3822 931 3882 dicturos:
976 3824 1209 3899 Vnum,
1254 3824 1329 3882 de
1371 3824 1463 3881 Re
1506 3824 1560 3881 &
1604 3822 1793 3882 Modo
1827 3821 2038 3899 ipsius:
2082 3824 2381 3897 Alterum,
2403 3823 2478 3881 de
2497 3820 2838 3881 Fructibus:
2879 3826 3004 3882 Iam
3025 3833 3270 3883 auctore
3286 3820 3552 3883 Domino

632 3902 867 3962 venturi
924 3920 1127 3963 sumus
1180 3902 1258 3961 ad
1302 3901 1515 3979 prioris
1557 3902 2040 3979 explicationem,
2091 3912 2267 3978 prout
2305 3903 2486 3961 verba
2527 3902 2702 3961 nobis
2741 3914 2975 3961 sanctus
3015 3902 3112 3962 ille
3149 3903 3262 3964 Dei
3303 3901 3550 3979 Spiritus

629 3980 880 4059 praeiuit
924 3980 1069 4041 olim
1112 4000 1219 4058 per
1264 3981 1557 4041 Dauidem
1600 3982 1835 4041 Psalmo
1886 4002 2013 4041 122.
2055 3984 2110 4041 &
2151 3980 2325 4040 nobis
2365 3979 2424 4040 in
2445 3982 2700 4041 eundem
2723 3982 3018 4041 Psalmum
3039 3982 3280 4043 dicendi
3298 3981 3546 4059 gratiam

632 4062 1017 4124 admensurus
1056 4071 1161 4121 est.

3265 4142 3312 4200 P
3331 4141 3374 4200 S
3391 4141 3450 4200 A
3467 4140 3548 4203 L-

1904 4226 2312 4235 --..-———--————-
