3923 4875
58 924 84 1293 ἏΠΠΠῚῚ

1215 326 1316 365 DE
1384 321 1796 363 POLITIAE
1857 320 2112 364 MOSIS
2175 323 2467 364 OBSER.
3193 328 3306 383 349

371 498 612 547 naturae
653 488 892 547 aduenit
927 485 986 545 in
1031 500 1329 563 tempore·
1373 504 1494 543 non
1539 481 1860 558 essentiali
1902 484 2008 541 sed
2049 484 2395 563 aduentitia3
2439 502 2559 542 non
2598 484 3175 561 incommunicabili,
3203 486 3307 545 sed

370 568 838 628 communicata:
900 585 1024 626 non
1065 564 1330 656 principe
1374 566 1574 641 regula
1615 565 1948 639 regularum
1990 562 2292 641 omnium,
2338 565 2446 624 sed
2486 574 2685 623 tamen
2726 562 2997 641 proxime
3039 566 3119 625 ad
3152 566 3309 643 prin·

369 648 566 726 cipem
605 650 768 709 illam
807 649 1074 725 regulam
1115 644 1449 737 pertinente
1492 655 1796 720 tamquam
1839 642 2098 721 imagine
2138 642 2290 703 illius
2330 642 2654 704 certissima
2688 647 2725 702 a
2756 646 2892 704 Deo
2916 644 3087 725 data,
3122 656 3185 706 vt
3204 666 3309 725 per

370 749 502 790 eam
565 730 641 788 ad
701 727 848 806 legis
887 738 1164 787 aeternae
1203 724 1358 787 illius
1399 721 1999 803 contemplationem,
2041 723 2476 815 cognitionem,
2539 690 3111 803 admirationemque
3176 746 3309 805 pro-

371 810 680 871 uehamur.
714 812 824 869 Illa
865 807 1024 868 enim
1065 810 1270 885 regula
1311 816 1398 867 est
1439 804 1706 866 omnium
1749 805 2078 865 secundum
2120 806 2371 865 modum
2395 803 2632 865 diuinae
2652 804 3005 885 maiestatiS,
3048 824 3201 883 quae
3228 808 3311 867 in-

371 890 536 951 finita
583 901 696 951 est:
739 891 889 949 haec
931 891 1131 967 regula
1173 898 1260 949 est
1301 886 1612 947 hominum
1655 884 1983 946 secundum
2026 885 2335 945 modulum
2378 900 2649 946 nostrum
2690 886 3173 965 quodammodo,
3214 889 3307 949 cui

373 972 620 1031 modulo
662 968 1052 1031 reuelationes
1093 971 1150 1029 δι
1191 964 1761 1028 communicationes
1803 983 1938 1026 suas
1980 966 2453 1047 contemperauit
2494 967 2680 1027 Deus,

453 1053 632 1111 Hanc
681 1069 823 1129 ergo
879 1048 1142 1109 diuinam
1191 1051 1387 1127 legem
1439 1046 1638 1139 aliquo
1697 1047 1883 1106 modo
1923 1046 2249 1124 definituri,
2290 1046 2795 1124 quemadmodum
2837 1046 2897 1105 in
2940 1046 3303 1111 circumscri-

375 1133 574 1192 benda
633 1135 764 1210 lege
823 1129 1076 1189 naturali
1138 1128 1384 1189 fecimus
1399 1175 1416 1207 ,
1478 1126 1588 1190 tria
1649 1126 1989 1219 posuimuS,
2044 1146 2197 1205 quae
2248 1128 2326 1187 ad
2367 1126 2875 1188 determinandam
2916 1131 3111 1205 legem
3150 1132 3305 1191 hanc

373 1211 611 1291 proprie
653 1210 1138 1301 singulariterque
1179 1209 1501 1304 pertinent,
1546 1206 1934 1287 principium,
1974 1209 2167 1267 actior
2182 1226 2307 1285 em,
2348 1210 2401 1268 δι
2438 1208 2721 1268 modum'
2706 1206 2905 1285 ipsiuS.
2948 1208 3305 1301 Principium

370 1292 460 1353 his
498 1292 695 1353 verbis
718 1290 1142 1370 expressimus,
1185 1310 1336 1367 quae
1367 1292 1666 1369 inspirata
1687 1292 1726 1345 ὰ
1747 1290 1914 1348 Deo:
1943 1290 2021 1348 ὁ·
2040 1289 2195 1364 insu
2208 1308 2246 1347 a
2266 1290 2658 1348 rationalibus
2678 1291 3006 1349 creaturis.-
3042 1290 3307 1353 actiones

371 1390 612 1451 quoque
675 1372 834 1449 istis,
891 1372 1186 1447 informat
1241 1390 1340 1430 eas
1401 1370 1724 1431 notionibus
1764 1371 2157 1428 communibus
2200 1385 2275 1426 c
2314 1370 2579 1445 singular
2582 1370 2719 1428 ibus
2760 1380 2947 1449 supra
2992 1378 3305 1433 naturam:

371 1455 620 1514 modum
660 1452 920 1530 denique
961 1452 1110 1529 inis,
1150 1454 1237 1511 acl
1259 1454 1448 1528 finem
1487 1451 1997 1542 supernaturalem
2020 1452 2471 1540 supernaturali
2487 1450 2661 1507 ductu
2682 1454 3175 1513 transtnzmttenclas
3217 1457 3307 1511 Ac

369 1536 624 1625 primum
668 1533 908 1611 quidem
951 1532 1103 1592 inter
1145 1550 1353 1592 omnes
1394 1533 1472 1591 de
1513 1529 1804 1608 principio
1845 1539 2109 1607 constat,
2152 1528 2331 1590 etiam
2372 1540 2583 1590 natura
2620 1539 2787 1590 teste.
2830 1534 2913 1590 Vt
2958 1531 3116 1591 enim
3153 1532 3307 1609 prin-

371 1614 592 1691 cipium
634 1616 898 1673 naturale
938 1622 1027 1673 est
1065 1612 1129 1673 in
1161 1610 1366 1690 nobiS,
1408 1613 1606 1671 Deum
1649 1629 1809 1688 esse,
1851 1609 1934 1669 ita
1974 1610 2151 1671 etiam
2192 1610 2469 1671 naturalis
2510 1619 2599 1669 est
2639 1630 2714 1671 ex
2753 1630 2828 1671 eo
2872 1610 3159 1689 principio
3182 1634 3305 1675 cer-

371 1694 712 1771 tissimaque
754 1692 1092 1767 conclusiO,
1132 1694 1330 1754 Deum
1370 1712 1545 1770 agere
1585 1655 1914 1752 secundum
1953 1690 2019 1750 id
2060 1693 2226 1768 quod
2268 1700 2385 1769 est,
2426 1692 2623 1751 Deum
2664 1689 2861 1783 loqui,
2890 1694 2947 1751 δι
2970 1712 3305 1755 sermonem

371 1792 544 1836 suum
585 1776 913 1835 secundum
955 1774 1204 1834 modum
1245 1771 1428 1850 ipsius
1461 1772 1902 1832 communicare
1943 1789 2078 1831 cum
2124 1774 2411 1861 (f·,1495)
2454 1772 2734 1832 creaturis
2776 1770 2913 1833 suis.
2963 1774 3134 1849 Quae
3168 1778 3305 1834 cum

372 1854 452 1915 ita
510 1853 656 1930 sint,
712 1853 1045 1915 necessario
1087 1854 1335 1914 modum
1379 1851 1934 1913 communicationis
1977 1852 2162 1930 illius,
2206 1850 2330 1911 siue
2372 1855 2619 1912 modum
2660 1851 2932 1930 principij
2975 1854 3201 1931 agentis
3244 1856 3305 1916 in

372 1936 546 1995 nobis
581 1902 995 2015 'circumscribi
1033 1938 1072 1993 a
1113 1932 1288 1995 nobis
1324 1932 1587 2012 oportuit
1625 1935 1968 2011 inspirandi
2004 1936 2059 1993 δι
2100 1931 2450 2008 infundendi
2483 1934 2705 1994 verbis:
2749 1944 2814 1993 vt
2854 1933 3053 2025 aliquo
3098 1938 3305 1997 saltem

373 2017 560 2107 modo
622 2015 972 2093 principium
1033 2015 1181 2075 illud
1243 2012 1800 2075 communicationis
1861 2012 2097 2073 diuinae
2137 2031 2277 2073 cum
2316 2011 2659 2073 hominibus
2700 2012 3176 2091 intelligeremus.
3236 2020 3305 2077 In

372 2094 538 2155 omni
577 2107 775 2156 autem
817 2094 1360 2155 communicatione
1401 2095 1620 2173 duplex
1661 2096 2015 2154 obseruatur
2052 2094 2299 2153 modus:
2319 2110 2519 2185 vnuS,
2560 2112 2682 2171 quo
2705 2096 2785 2155 ab
2804 2106 3014 2171 agente
3036 2097 3307 2173 procedit

372 2175 866 2236 communicatio·
933 2176 1106 2253 alter,
1163 2193 1284 2252 quo
1328 2176 1404 2235 ad
1445 2174 1592 2235 alios
1631 2172 1902 2252 peruenit
1944 2185 2122 2251 atque
2162 2176 2241 2233 ab
2280 2172 2365 2234 eis
2406 2173 2745 2251 percipitur.
2808 2176 3029 2235 Modus
3072 2196 3308 2253 proces-

371 2256 581 2329 sionis,
626 2276 747 2334 quo
789 2260 884 2315 lex
926 2254 1126 2315 diuina
1166 2258 1205 2313 a
1243 2256 1378 2315 Deo
1403 2256 1671 2333 prosecta
1692 2266 1808 2334 est,
1827 2256 2313 2333 ·,demonstratur
2346 2256 2484 2314 cum
2504 2274 2637 2347 eam
2658 2258 3011 2347 inspiratam
3034 2256 3305 2319 dicimus,

370 2336 466 2397 Sic
529 2337 686 2397 enim
749 2338 1070 2413 docemur,
1133 2334 1432 2413 Scriptura
1490 2345 1640 2396 teste
1655 2381 1671 2414 ,
1713 2346 1890 2413 prout
1930 2338 2095 2394 Deus
2136 2345 2223 2395 est
2264 2298 2523 2413 spirituS,
2566 2334 2651 2396 sic
2692 2334 2755 2393 in
2790 2334 2995 2413 spiritu
3036 2356 3213 2415 agere
3251 2344 3305 2399 δι

368 2416 566 2495 loqui:
627 2417 774 2479 nihil
837 2417 1167 2478 secundum
1231 2434 1498 2496 carnem,
1553 2426 1654 2476 aut
1695 2418 1945 2477 modum
1992 2432 2349 2494 corporeum
2390 2414 2732 2494 simpliciter
2769 2416 2829 2477 ιιι
2874 2426 2997 2478 tota
3037 2419 3151 2477 hac
3192 2420 3303 2480 Dei

371 2499 604 2559 actione
646 2499 848 2576 quaeri
887 2507 1182 2575 oportere.
1225 2500 1309 2558 Vt
1349 2507 1548 2558 autem
1589 2496 1862 2588 procedit
1899 2498 1977 2557 ab
2018 2497 2123 2556 illo
2166 2495 2369 2556 diuina
2409 2497 2538 2576 lex,
2578 2495 2659 2557 ita
2702 2496 2881 2558 etiam
2924 2499 3195 2575 procedit
3226 2503 3303 2560 ad

371 2597 510 2638 nos:
551 2581 652 2656 qui
691 2581 830 2639 cum
868 2597 1009 2638 vasa
1049 2588 1296 2656 angusta
1335 2577 1544 2653 simus,
1586 2577 1787 2656 inepta
1826 2576 2245 2668 percipiendae
2288 2543 2639 2654 plenitudini
2674 2577 3105 2638 reuelationum
3147 2581 3269 2640 eius
3287 2627 3303 2658 ,

369 2679 445 2720 eo
506 2660 856 2737 ampliorem
920 2657 1376 2719 beneficentiam
1435 2662 1472 2718 a
1532 2661 1664 2718 Deo
1711 2656 2125 2749 assequimur,
2186 2658 2352 2734 quod
2391 2659 2587 2736 legem
2630 2657 2791 2717 illam
2836 2675 3005 2718 suam
3045 2661 3310 2737 infundit

371 2740 584 2800 eodem
627 2740 867 2817 spiritu,
909 2743 964 2799 δι
1006 2739 1222 2800 33ιι3ιιιι
1263 2739 1446 2814 inijcit
1485 2739 1549 2799 in
1587 2737 1822 2815 spiritus
1861 2751 2100 2798 nostros
2140 2737 2359 2798 virtute
2397 2756 2537 2798 sua.
2580 2739 2737 2798 Nam
2781 2741 2875 2798 lex
2909 2741 3189 2800 naturalis
3224 2741 3305 2800 in-

371 2833 612 2897 generat
653 2821 1100 2898 praeceptiones
1138 2839 1299 2901 suas3
1342 2823 1398 2880 &
1437 2822 1563 2880 Lex
1601 2821 1863 2880 humana
1901 2819 2154 2896 imperat
2194 2819 2491 2896 corporali
2532 2817 2748 2878 modo.
2790 2819 2898 2879 sed
2935 2820 3085 2880 haec
3126 2821 3301 2900 inspi-

376 2911 538 2960 ratur
578 2905 632 2961 &
675 2901 1000 2960 infunditur
1041 2919 1148 2978 per
1189 2901 1439 2960 modum
1483 2899 1844 2978 spiritualem
1883 2900 2127 2978 gratiae.

450 2979 646 3041 Huius
700 2991 898 3041 autem
937 2981 1173 3041 diuinae
1213 2980 1361 3057 legis
1401 2998 1552 3058 opus
1593 2981 1654 3040 in
1695 2979 1868 3041 nobis
1906 2989 1997 3040 est
2035 2979 2401 3071 huiusmodi,
2442 2980 2608 3058 quod
2648 2999 2755 3038 nos
2794 2981 3087 3072 inf-armat
3124 2986 3299 3041 notio-

369 3061 540 3118 nibus
578 3062 968 3120 communibus
1005 3063 1090 3120 ὁ·
1127 3061 1533 3138 singularibus
1573 3071 1763 3138 supra
1797 3070 2095 3120 naturam.
2136 3061 2194 3119 N
2196 3058 2467 3121 otlonum
2500 3078 2719 3138 genera
2738 3059 2901 3120 duo'
2882 3079 2941 3120 ιιι
2964 3060 3303 3122 definienda

369 3144 501 3218 lege
561 3141 810 3200 naturali
870 3144 1008 3201 ante
1063 3140 1468 3220 exposuimus:
1509 3141 1788 3201 nimirum
1830 3141 2151 3219 principia,
2192 3143 2247 3200 δι
2288 3141 2702 3202 conclusiones
2742 3161 2815 3200 ex
2856 3139 3154 3218 principiis
3198 3164 3304 3220 per

370 3220 882 3281 ratiocinationem
943 3232 1334 3313 assurgentes·
1393 3221 1688 3282 Eamdem
1739 3238 1983 3298 quoque
2024 3221 2315 3281 rationem
2361 3224 2397 3280 a
2435 3220 2551 3282 Dei
2590 3220 2779 3298 gratia
2819 3221 3301 3284 communicante

369 3303 566 3378 legem
607 3300 786 3379 ipsius
827 3302 1160 3374 obseruari,
1205 3321 1384 3362 nemo
1427 3303 1624 3362 bonus
1661 3312 1981 3379 negaturus
2023 3312 2127 3362 est.
2151 3303 2299 3361 Sunt
2319 3301 2478 3362 enim
2498 3299 2789 3379 principia
2808 3303 3296 3394 supernaturalia,

370 3381 799 3457 supernaturali
839 3381 1052 3442 virtute
1095 3381 1374 3473 inspirata
1413 3384 1470 3442 δι
1509 3382 1702 3441 infusa
1742 3386 1780 3441 a
1819 3383 2117 3461 Domin0,
2160 3385 2215 3442 δι
2236 3381 2651 3442 conclusiones
2673 3400 2747 3440 ex
2766 3379 3071 3458 principiis
3092 3352 3299 3444 iisdem

371 3459 760 3521 ostenduntur
800 3461 1002 3536 nobis,
1046 3460 1148 3538 qui
1188 3461 1514 3538 credimus,
1555 3462 1983 3540 supernaturali
2022 3427 2225 3522 mod0.
2270 3464 2423 3523 Nam
2459 3461 2567 3522 etsi
2587 3464 2720 3540 lege
2740 3461 2989 3520 naturali
3012 3462 3304 3541 principia

369 3543 426 3600 δι
464 3540 880 3602 conclusiones
921 3544 1214 3602 naturales
1255 3543 1585 3602 secundum
1623 3541 1918 3602 rationem
1957 3543 2283 3602 humanam
2324 3542 2521 3603 insunt
2558 3540 2927 3603 hominibus:
2972 3551 3171 3603 tamen
3191 3547 3303 3604 alia

371 3619 658 3699 principia
721 3638 896 3700 supra
957 3635 1226 3682 naturam
1287 3620 1556 3702 inspirari
1605 3635 1784 3700 atque
1825 3622 2059 3682 infundi
2107 3626 2143 3681 a
2182 3625 2314 3685 Deo
2357 3623 2652 3703 oportuit3
2692 3633 2755 3682 vt
2796 3625 2979 3682 finem
3016 3622 3181 3684 illum
3223 3627 3301 3684 ad

368 3719 548 3778 quem
607 3719 785 3779 supra
839 3711 1109 3762 naturam
1149 3701 1404 3764 ordinati
1447 3721 1676 3781 sumus,
1724 3705 1781 3762 δι
1817 3704 2157 3780 veritatem,
2202 3723 2353 3781 quae
2393 3705 2471 3764 ad
2512 3706 2691 3763 finem
2735 3707 2899 3763 certo
2942 3706 3299 3780 perductura

367 3793 487 3856 est,
533 3800 844 3859 possemus
887 3800 1269 3860 cognoscere.
1310 3782 1502 3862 Finis,
1541 3785 1706 3844 Deus
1749 3793 1869 3862 est,
1911 3784 2043 3844 finis
2080 3786 2481 3858 ἁκοιοὶληπιος
2526 3783 2650 3844 siue
2670 3783 3297 3861 incomprehensibiliS,

363 3861 477 3923 nisi
517 3873 699 3940 prout
740 3881 870 3922 sese
908 3864 946 3920 a
983 3862 1160 3924 nobis
1205 3863 1873 3942 comprehendendum‘
1855 3883 1985 3942 lpse
2023 3863 2372 3943 praebuerit.
2418 3862 2634 3924 veritas
2656 3882 2809 3942 quae
2830 3865 2907 3924 ad
2930 3866 3107 3925 finem
3133 3866 3295 3926 illum

365 3960 476 4002 nos
533 3942 888 4020 perductura
930 3953 1044 4020 est,
1086 3943 1307 4004 nemini
1349 3962 1455 4022 per
1495 3955 1796 4022 naturam,
1837 3955 1938 4004 aut
1978 3944 2037 4004 vi
2077 3953 2319 4004 naturae
2362 3944 2555 4022 potuit
2592 3945 2991 4005 innotescere:
3040 3965 3297 4023 praeser-

363 4023 470 4082 tim
527 4027 674 4082 vero
725 4043 798 4082 ex
852 4040 974 4099 quo
1016 4023 1272 4085 tenebris
1313 4023 1708 4116 ignorantiae,
1752 4027 1806 4085 δι
1847 4025 2066 4101 abysso
2108 4023 2340 4115 peccati
2386 4035 2593 4084 natura
2630 4036 2838 4086 nostra
2879 4025 3153 4086 immersa
3192 4039 3299 4088 est.

366 4103 524 4161 Nam
563 4101 612 4162 si
653 4104 985 4164 intellectus
1025 4113 1228 4164 noster
1269 4109 1356 4180 (vt
1397 4104 1542 4166 olim
1581 4105 2063 4197 praestantissimi
2106 4103 2283 4166 etiam
2326 4105 2671 4183 Philosophi
2711 4111 3109 4196 agnouerunt)
3130 4105 3210 4167 ita
3236 4129 3298 4168 se

365 4183 548 4242 habet
587 4181 665 4242 ad
705 4202 798 4244 res
837 4195 1082 4244 naturae
1125 4185 1646 4264 manifestissimaS,
1691 4186 1844 4246 sicut
1884 4189 2095 4246 oculus
2136 4195 2389 4246 noctuae
2430 4185 2508 4246 ad
2528 4187 2728 4248 lumen
2750 4185 2919 4248 solis:
2958 4207 3030 4246 ac
3050 4186 3303 4265 proinde

369 4279 574 4322 earum
615 4261 828 4324 veritas
865 4282 975 4341 per
1013 4265 1302 4326 rationem
1345 4266 1725 4359 inuestigata,
1763 4285 1886 4328 non
1929 4267 2041 4326 nisi
2081 4269 2117 4324 a
2156 4265 2392 4357 paucis,
2434 4270 2489 4327 &
2531 4288 2638 4346 per
2678 4269 2925 4346 longum
2947 4277 3209 4346 tempuS,
3248 4273 3303 4329 δι

371 4341 676 4421 permixtis
741 4343 1040 4406 erroribus
1101 4349 1280 4424 quam
1343 4346 1606 4426 plurimis
1663 4351 1700 4404 a
1753 4347 1926 4410 nobis
1966 4346 2313 4425 percipitur:
2356 4348 2501 4422 quid
2542 4351 2827 4428 obsecro,
2866 4347 2943 4408 de
2982 4347 3301 4426 adeptione

2846 4428 3303 4508 supernaturalis
