3923 4875
1334 324 1437 366 ιιιι
1497 323 1731 366 vana
1794 322 2328 368 ΤΗΕοιοοιΑ.
2461 375 2484 386 ,
3215 325 3288 388 59

359 487 592 548 infinita
631 487 744 548 Dei
787 485 1071 579 sapientia
1114 485 1573 565 comparaueris.
1616 488 1745 546 Nec
1786 495 1911 545 tota
1951 486 2123 546 simul
2164 497 2252 546 est
2291 489 2464 564 haec,
2506 489 2611 547 sed
2635 487 2854 546 vicium
2876 488 3288 548 mutationum-

360 586 480 645 que
540 571 596 628 δι
654 566 1045 628 successionis
1103 567 1426 646 particeps.
1488 585 1601 626 nec
1666 564 2240 626 incommunicabilis
2281 576 2398 644 est,
2443 583 2581 628 cum
2625 569 2801 627 rebus
2841 567 3082 646 creatis,
3123 569 3177 626 &
3219 589 3290 626 ex

362 649 532 708 facto
570 648 1013 740 communicato
1053 648 1379 708 secundum
1420 647 1771 707 demensum
1812 645 2200 707 donationum
2241 647 2383 706 eius,
2428 649 2624 723 Atque
2666 646 2813 706 haec
2857 647 2933 707 de
2953 647 3288 725 Theologia

363 725 621 789 Vnionis
660 727 720 788 in
762 727 999 789 Christo
1042 727 1355 788 Seruatore
1396 727 1603 787 nostro
1650 727 1728 786 ad
1772 728 2023 787 salutem
2063 726 2332 786 οιιιιιίιιιιι
2373 725 2654 806 exposita.

1648 1009 2034 1021 -ψ

1531 1227 1887 1288 CAPVT
1947 1230 2118 1288 V11.

1259 1429 1357 1486 De
1420 1429 1738 1502 Theologia
1782 1432 2020 1490 visionis
2067 1433 2127 1489 in
2182 1432 2390 1491 Caelis.

450 1609 973 1684 Qvemadmodum
1014 1621 1247 1671 creatae
1289 1609 1441 1670 illius
1482 1610 1801 1688 sapientiae
1842 1613 1897 1671 δι
1935 1611 2246 1673 habitualis
2288 1612 2541 1690 Christi,
2582 1630 2759 1690 quam
2801 1612 3052 1672 Vnionis
3097 1615 3289 1671 Theo-

368 1687 597 1766 logiam
644 1692 1043 1768 appellamus,
1084 1689 1223 1750 licet
1262 1691 1448 1751 modo
1475 1693 1661 1783 'plane
1703 1690 2021 1770 singulari,
2063 1703 2264 1752 tamen
2304 1711 2623 1753 commune
2665 1691 3021 1786 principium
3065 1704 3152 1752 est
3193 1691 3290 1750 illa

370 1778 693 1860 prototypa
744 1770 801 1828 δι
853 1769 1171 1830 essentialis
1211 1769 1327 1829 Dei
1365 1771 1679 1848 sapientia,
1722 1789 1901 1847 quam
1942 1771 2136 1849 primo
2175 1774 2315 1833 loco
2355 1771 2686 1849 posuimus:
2733 1773 2819 1833 sic
2861 1772 3037 1831 etiam
3077 1781 3287 1848 ectypa

370 1847 474 1908 illa
509 1849 841 1941 Theologia
882 1848 1135 1910 Vnionis
1174 1849 1235 1908 in
1275 1850 1513 1910 Christo
1556 1853 1867 1912 Seruatore
1907 1863 2145 1944 nostro,
2191 1871 2508 1913 commune
2550 1863 2638 1912 est
2658 1850 3010 1930 principium
3035 1852 3288 1928 reliquae

374 1928 775 2022 Theologiae,
813 1946 965 2006 quae
1004 1941 1130 1990 tum
1171 1932 1208 1989 a
1246 1930 1433 1992 beatis
1473 1931 1587 1992 illis
1628 1930 1936 2023 Spiritibus
1978 1931 2039 1991 in
2086 1935 2287 2010 coelo,
2325 1942 2451 1992 tum
2483 1932 2616 1992 hic
2601 1953 2660 1992 m
2681 1943 2834 1992 terra
2854 1935 2930 1992 ab
2953 1931 3288 1991 hominibus

373 2007 601 2070 miseris
659 2009 997 2088 percipitur.
1056 2011 1168 2070 Illa
1230 2012 1549 2088 archetypa
1608 2011 1817 2071 matrix
1858 2022 1947 2072 est
1985 2011 2282 2073 omnium:
2324 2012 2473 2072 haec
2512 2017 2655 2073 vero
2696 2024 2908 2090 ectypa
2945 2012 3006 2071 in
3047 2011 3282 2071 Christo

376 2100 467 2149 est
504 2088 863 2165 reliquarum
904 2099 1119 2150 mater.
1160 2092 1270 2151 Illa
1308 2092 1443 2151 fons
1482 2091 1775 2152 omnium:
1818 2093 1968 2151 haee
2007 2109 2325 2152 commune
2363 2091 2531 2168 quasi
2569 2095 2870 2153 castellum
2904 2108 3008 2152 seu
3029 2111 3282 2168 concep-

375 2170 654 2230 taculum.
694 2171 789 2229 De
826 2168 998 2230 huius
1040 2179 1238 2262 autem
1279 2171 1545 2232 salutaris
1585 2170 1993 2248 conceptaculi
2035 2172 2234 2232 diuina
2273 2170 2637 2248 plenitudine
2674 2191 2770 2232 res
2799 2182 3030 2231 creatae
3050 2173 3283 2230 duobus

374 2247 570 2308 modis
606 2248 904 2309 hauriunt:
944 2251 1116 2310 Vnae
1154 2249 1381 2311 visione
1422 2270 1658 2311 coram:
1699 2253 1936 2311 Alterae
1976 2251 2358 2326 reuelatione,
2399 2254 2672 2312 absentes
2711 2250 2982 2311 videlicet
3022 2271 3092 2310 ac
3121 2269 3282 2328 pere-

373 2327 673 2406 grinantes
729 2331 765 2387 a
823 2328 1109 2391 Domino.
1173 2351 1225 2390 2.
1276 2331 1499 2392 Corint.
1564 2347 1634 2408 5:
1698 2333 1763 2409 6,
1809 2349 1862 2406 7.
1924 2333 2016 2390 Ex
2075 2331 2166 2392 his
2226 2331 2459 2392 duobus
2520 2330 2714 2390 modis
2755 2333 2978 2407 reliqua
3021 2331 3122 2390 illa
3162 2331 3282 2389 duo

372 2408 754 2500 Theologiae
798 2419 1047 2487 ectypae
1105 2429 1323 2487 genera
1378 2422 1814 2489 processerunt:
1876 2429 2134 2489 quorum
2196 2414 2442 2473 alterum
2503 2410 2896 2489 Theologiam
2939 2413 3279 2480 beatorum,

368 2490 641 2550 Alterum
696 2487 989 2550 viatorum
1048 2490 1369 2552 orthodoxi
1426 2493 1626 2553 Patres
1680 2493 2076 2584 appellabant.
2136 2495 2344 2570 Itaque
2383 2491 2648 2553 secunda
2688 2493 2879 2551 forma
2917 2488 3284 2579 Theologiae

375 2580 654 2646 ectypae,
694 2568 1029 2648 Theologia
1066 2573 1379 2631 beatorum
1420 2590 1521 2632 seu
1563 2574 1823 2634 excelsa:
1864 2572 2096 2651 Tertia,
2138 2573 2458 2647 viatorum,
2499 2570 2624 2632 siue
2657 2569 2892 2630 humilis
2914 2569 3032 2629 dici
3052 2573 3089 2629 a
3106 2567 3282 2628 nobis

374 2659 589 2727 potest.
630 2651 829 2726 Atque
864 2650 1021 2709 hanc
1059 2660 1369 2727 visamque
1408 2654 1663 2712 formam
1703 2653 2069 2730 Theologiae
2101 2654 2370 2713 Christus
2391 2650 2810 2712 sanctificauit'
2793 2670 2855 2710 ιιι
2875 2669 3130 2727 persona
3149 2666 3282 2707 sua:

372 2729 856 2807 quandoquidem
901 2731 1041 2789 cum
1081 2730 1289 2790 humili
1328 2732 1659 2810 Theologia
1697 2750 1833 2793 vsus
1874 2743 1965 2792 est
2002 2732 2062 2791 in
2103 2732 2426 2793 humilitate
2459 2732 2682 2791 carnis:
2717 2740 2842 2789 tum
2863 2732 3092 2789 excelsa
3111 2727 3287 2788 vtitur

372 2808 435 2881 ’,ιιι
473 2807 573 2869 illa
607 2809 963 2870 exaltatione
1002 2826 1139 2877 sua
1179 2828 1296 2887 qua
1333 2828 1492 2870 nunc
1532 2813 1813 2873 exaltatus
1853 2822 1943 2871 est
1983 2829 2156 2889 supra
2197 2830 2376 2872 omne
2415 2829 2660 2872 nomen:
2713 2808 2984 2870 videlicet
3024 2820 3088 2867 vt
3127 2828 3286 2868 com-

372 2906 554 2949 mune
611 2888 977 2983 principium
1022 2889 1321 2967 vtriusque
1361 2890 1724 2969 Theologiae
1764 2890 1877 2953 sibi
1914 2890 2102 2953 inesse
2143 2892 2497 2953 ostenderet.
2567 2892 2739 2951 Thes.
2779 2906 2886 2949 xu.
2947 2890 3066 2947 Est
3100 2896 3286 2947 autem

380 2970 705 3043 Theologia
766 2972 1029 3045 visiones
1091 2990 1239 3047 quae
1291 2974 1703 3031 communicata
1744 2982 1830 3032 est
1864 2992 1992 3031 cum
2036 2973 2282 3048 Angelis
2319 2974 2374 3032 &
2415 2972 2729 3050 Spiritibus
2770 2970 3117 3030 Sanctorum
3160 2987 3284 3026 con-

372 3055 735 3109 secratorum
797 3068 895 3108 seu
944 3050 1347 3141 perfectorum·
1400 3053 1462 3110 in
1527 3054 1696 3112 coelo,
1774 3055 1845 3112 In
1905 3052 2019 3111 hac
2079 3051 2421 3112 definitione
2486 3060 2650 3111 certo
2712 3048 2958 3110 consilio
3009 3066 3194 3125 genus
3235 3049 3288 3105 &

373 3127 763 3188 differentiam
804 3146 1186 3189 communem
1227 3128 1558 3210 omisimuS,
1600 3130 1737 3209 quia
1778 3141 2089 3208 vtrumque
2125 3132 2291 3193 idem
2325 3129 2631 3207 estquod
2614 3150 2676 3190 ιιι
2695 3128 2967 3207 proxima
2987 3127 3289 3205 superiore

373 3206 557 3269 Theoi
596 3207 705 3268 fuit
743 3208 1106 3285 expositum:
1148 3228 1364 3287 nempe
1404 3212 1561 3271 hanc
1604 3230 1732 3271 esse
1773 3212 2110 3270 diuinarum
2150 3231 2352 3270 rerum
2394 3210 2773 3287 Sapientiam.
2844 3212 3053 3268 Restat
3091 3206 3288 3283 itaque

374 3298 440 3347 vt
478 3288 557 3349 de
596 3287 835 3366 propria
875 3286 1235 3367 differentia,
1276 3300 1453 3367 atque
1493 3293 1581 3367 (vt
1619 3295 1855 3365 vocant)
1897 3290 2173 3368 specifica
2193 3290 2364 3351 huius
2384 3288 2749 3367 Theologiae
2775 3288 3097 3349 videamus.
3139 3288 3288 3346 Eam

378 3370 519 3429 vero
579 3367 1099 3430 determinauimus
1157 3368 1247 3430 his
1304 3370 1501 3431 verbis
1540 3370 1896 3432 definitionis
1934 3381 2173 3431 nostrae
2187 3416 2206 3451 ,
2247 3370 2462 3449 quibus
2501 3373 2967 3430 communicatam
3011 3387 3128 3427 esse
3166 3386 3290 3425 cum

378 3450 624 3524 Angelis
663 3448 719 3507 δι
760 3448 1074 3525 spiritibus
1111 3452 1393 3510 iustorum
1436 3460 1895 3510 consecratorum
1910 3496 1927 3529 ,
1961 3470 2061 3510 seu
2069 3451 2466 3528 perfectorum
2499 3454 2560 3509 in
2581 3452 2732 3509 coelo
2751 3446 3288 3537 pronunciauimus:

380 3531 537 3589 Nam
564 3527 730 3588 hisce
761 3527 958 3588 verbis
992 3528 1354 3606 paucissimis
1388 3528 1743 3608 singularem
1762 3530 2130 3609 Theologiae
2149 3531 2320 3591 huius
2339 3529 2941 3606 circumscriptionem
2963 3526 3293 3600 statuimus,

381 3607 599 3686 triplici
636 3618 1015 3686 argumento:
1058 3608 1319 3668 Primum
1362 3622 1476 3689 est,
1514 3619 1785 3687 respectu
1826 3610 2015 3701 modi,
2050 3610 2212 3688 quod
2250 3612 2475 3669 Visione
2494 3609 2992 3669 communicatam
3014 3605 3292 3665 dicimus.

382 3688 726 3749 Secundum
740 3731 758 3766 ,
798 3698 1065 3765 respectu
1108 3687 1384 3766 subiecti,
1414 3692 1579 3767 quod
1610 3689 2109 3750 communicatam
2131 3710 2255 3749 cum
2277 3692 2520 3765 Angelis
2540 3689 2961 3765 Spiritibusque
2978 3689 3292 3744 iustorum:

384 3767 655 3829 Tertium
695 3766 983 3844 denique,
1021 3779 1296 3846 respectu
1334 3768 1901 3830 circumstantiarum
1914 3814 1931 3847 ,
1972 3789 2044 3830 ac
2085 3769 2396 3847 praecipue
2430 3767 2580 3845 loci,
2613 3768 2776 3844 quod
2798 3763 3294 3827 communicatam

381 3854 447 3909 in
486 3851 657 3907 coelo·
699 3846 911 3924 quibus
949 3849 1127 3907 rebus
1166 3850 1315 3908 haec
1355 3850 1686 3941 Theologia
1716 3860 1843 3909 turn
1873 3852 1951 3910 ab
1980 3851 2396 3922 antecedente,
2429 3866 2607 3925 quam
2628 3845 2880 3907 Vnionis
2901 3846 3292 3934 appellamuS,

388 3940 521 3989 tum
560 3932 597 3986 a
634 3936 916 4004 sequente
956 3945 1135 4004 quam
1175 3928 1580 4007 reuelationiS,
1621 3928 1993 4007 distinguitur
2031 3928 2483 3990 euidentissime.
2525 3931 2618 3987 Ac
2659 3926 2930 4015 primum
2955 3922 3194 3999 quidem
3235 3922 3292 3981 in

387 4008 580 4069 modo
622 4006 1175 4067 communicationis
1214 4008 1469 4069 maxima
1508 4008 1618 4069 sita
1656 4018 1745 4070 est
1783 4008 2136 4087 differentia,
2176 4009 2341 4085 quod
2378 4008 2601 4065 Visione
2631 4003 3066 4065 communicata
3087 4002 3299 4062 dicitur

386 4091 543 4150 haec
599 4086 947 4165 Theologia.
1005 4086 1239 4148 Etenim
1298 4106 1435 4149 cum
1494 4106 1687 4149 rerum
1739 4088 2092 4165 Spiritalium
2133 4108 2254 4147 non
2299 4086 2485 4177 possit
2523 4105 2650 4145 esse
2688 4082 3146 4144 communicatio
3188 4080 3299 4140 nisi

386 4166 703 4258 spiritalis,
752 4185 879 4227 nec
919 4166 1485 4258 spi(f.1387)ritalia
1522 4171 1558 4227 a
1596 4168 1950 4246 spiritalibus
1988 4167 2101 4227 nisi
2143 4164 2384 4245 spiritali
2423 4166 2607 4225 modo
2649 4164 2835 4237 videri
2873 4162 3128 4253 possint,
3163 4166 3300 4237 quia

388 4268 490 4311 ιω
531 4212 819 4324 spirit’ales
861 4263 967 4307 sua
1006 4244 1261 4323 ipsarum
1300 4248 1575 4325 essentia,
1619 4248 1913 4326 potentia,
1953 4247 2258 4325 operibus,
2299 4248 2354 4304 &
2394 4230 2868 4336 perpessionibus
2903 4264 2998 4304 οτι
3005 4242 3145 4302 ιιὶιιο
3167 4252 3300 4300 sunt

390 4326 894 4405 simplicissimae·
880 4370 897 4405 ,
950 4337 1265 4404 propterea
1303 4330 1461 4389 hunc
1500 4330 1749 4389 modum
1790 4328 2192 4405 Theologicae
2232 4324 2782 4387 communicationis
2819 4323 3132 4402 spiritalem
3176 4342 3302 4379 esse

2969 4401 3270 4461 statuimus
3286 4443 3302 4475 ,
