3923 4875
1391 337 1722 384 ‘rusus
1779 333 2436 384 rusotootcst.
3250 319 3363 402 263

527 503 620 564 16.
697 503 856 563 Nam
909 499 1144 581 ignum
1199 502 1336 564 cum
1387 499 1696 580 multiplex
1735 499 1834 580 sit,
1875 497 2263 562 diuidendum
2302 515 2441 560 cum
2480 498 2679 561 multis
2715 499 2776 562 in
2818 497 2967 563 duas
3006 499 3261 582 species:
3301 499 3363 563 in

438 585 738 661 naturale,
791 591 854 642 vt
901 582 1098 642 fumus
1135 593 1226 644 est
1267 581 1502 660 signum
1541 579 1720 660 ignis:
1760 582 1819 643 &
1860 579 2293 659 voluntarium,
2344 581 2513 659 quod
2550 599 2676 641 non
2714 597 2823 642 sua
2862 591 3102 659 natura,
3142 582 3250 644 sed
3290 601 3365 643 ex

437 665 744 726 voluntate
779 661 1134 724 instituentis
1175 661 1492 742 significat,
1533 671 1596 722 vt
1632 661 1800 738 panis
1839 670 1930 722 est
1970 659 2205 739 signum
2230 659 2499 740 corporis
2532 659 2783 739 Christi,
2803 661 3026 722 Vinum
3047 661 3366 742 sanguinis.

439 746 525 804 At
561 743 680 804 hoc
719 743 960 804 demum
1007 752 1097 804 est
1135 742 1365 819 triplex.
1415 762 1462 801 1.
1501 739 1850 820 Significans
1889 742 2117 801 tantum
2132 785 2151 820 ,
2190 751 2255 801 vt
2270 740 2495 819 effigies
2525 741 2829 802 hominem
2842 786 2861 820 ,
2881 742 3139 802 haedera
3160 741 3363 804 vinum

443 821 773 900 vendibile,
817 821 983 900 quod
1027 821 1310 901 θεωρικόν
1349 833 1527 882 vocat
1545 822 1822 883 Bellann.
1839 823 1938 882 lib.
1965 839 2021 882 2.
2053 831 2185 901 cap.
2204 823 2263 882 8.
2284 822 2353 880 de
2370 821 2641 884 Sacram.
2669 840 2723 882 2.
2744 818 3077 900 significans
3096 823 3152 884 81
3173 823 3367 902 obsig-

443 921 624 980 nanS,
681 903 847 979 quod
913 903 1130 962 nostris
1193 901 1592 962 Sacramentis
1653 901 1954 964 conuenit.
1995 919 2053 978 3.
2110 902 2399 980 praebens
2434 901 2603 979 quod
2643 900 2932 980 significat
2971 901 3028 962 81
3068 903 3370 983 obsignat,

442 983 620 1060 quale
658 982 836 1042 etiam
877 991 1148 1042 nostrum
1188 991 1276 1042 est
1291 1025 1309 1057 ,
1347 981 1397 1041 si
1439 983 1742 1042 occultam
1782 980 2031 1060 Spiritus
2070 980 2257 1042 sancti
2296 979 2572 1042 virtutem
2594 981 2949 1060 coniungas:
2972 982 3021 1042 si
3040 987 3185 1044 vero
3206 1001 3368 1062 sepa-

443 1073 604 1123 retur
617 1105 636 1140 ,
673 1072 741 1122 vt
778 1059 1003 1122 faciunt
1041 1061 1358 1138 aduersarij
1373 1105 1391 1140 ,
1429 1077 1714 1138 negamus
1751 1060 1944 1140 ipsum
1986 1061 2219 1139 signum
2258 1061 2480 1122 habere
2516 1059 2639 1122 vim
2676 1059 2849 1122 istam
2888 1062 3371 1124 communicandi

445 1140 622 1203 nobis
661 1141 906 1220 gratiam
921 1187 940 1220 ,
981 1151 1047 1202 ut
1086 1141 1258 1220 pyxis
1297 1139 1673 1202 medicinam.
1703 1140 1963 1219 ideoque
1998 1143 2153 1202 male
2185 1140 2575 1202 Bellarminus
2593 1139 2786 1219 ipsum
2806 1140 3039 1222 signum
3060 1143 3377 1222 πρακτικὸν

446 1231 644 1284 vocat.

425 1327 434 1334 ·
533 1319 625 1378 17.
709 1302 886 1363 Pater
921 1299 1100 1380 igitur
1139 1299 1424 1362 vnionem
1465 1301 1969 1362 Sacramentalem
2013 1299 2165 1380 signi
2203 1301 2261 1360 &
2300 1299 2512 1380 signati
2548 1319 2675 1361 non
2712 1319 2840 1362 esse
2880 1299 3250 1363 existentiam
3276 1311 3377 1362 aut

445 1379 839 1442 inclusionem
877 1381 1051 1442 vnius
1089 1379 1150 1442 in
1189 1381 1438 1442 alterum
1452 1425 1472 1459 ,
1513 1381 1624 1442 sed
1661 1384 1942 1458 σχετικιὶν
1980 1383 2038 1442 81
2076 1379 2400 1442 relatiuam.
2438 1380 2593 1442 Cum
2633 1378 2794 1442 enim
2826 1380 2997 1462 signa
3032 1379 3150 1444 sint
3167 1381 3376 1443 volun·

449 1459 633 1541 tatia,
695 1477 954 1539 aequum
1015 1471 1106 1522 est
1157 1470 1222 1522 vt
1273 1461 1510 1523 valeant
1547 1479 1622 1522 ex
1666 1473 1848 1540 pacto
1889 1460 2260 1523 instituentis.
2332 1460 2602 1522 Christus
2640 1471 2839 1523 autem
2878 1461 2983 1541 qui
3020 1459 3197 1541 dixit,
3233 1463 3380 1524 Hoc

456 1551 546 1603 est
605 1558 826 1619 corpus
887 1557 1120 1619 meum,
1181 1540 1262 1602 ab
1320 1541 1650 1620 Apostolo‚
1716 1561 1768 1602 1.
1827 1539 1968 1602 Cor.
2019 1559 2109 1602 10.
2156 1541 2245 1601 16.
2285 1539 2629 1602 fidelissimo
2668 1539 2987 1622 interprete
3024 1540 3377 1620 explicatur,

453 1621 564 1682 Est
603 1619 950 1682 communio
987 1619 1286 1698 corporis,
1331 1639 1384 1684 1.
1425 1623 1632 1682 efficax
1673 1633 1891 1682 tessera
1927 1630 2166 1684 nostrae
2204 1637 2345 1680 cum
2384 1619 2623 1682 Christo
2648 1620 3087 1684 communionis
3107 1620 3164 1680 &
3182 1621 3373 1682 incor-

453 1699 780 1780 porationis
799 1743 818 1778 ,
861 1701 1192 1762 secunde
1232 1697 1503 1762 vsitatam
1539 1700 1864 1779 scripturae
1903 1699 2192 1780 loquendi
2232 1702 2566 1762 fonnulam.
2608 1699 2786 1763 Vnde
2824 1701 3002 1764 etiam
3043 1719 3377 1763 sacramen·

455 1779 589 1840 talis
647 1779 748 1842 illa
805 1779 1168 1858 praedicatio
1227 1781 1504 1859 prouenit
1517 1825 1537 1861 ,
1590 1797 1710 1859 qua
1763 1779 1932 1858 signo
1981 1779 2257 1842 tribuitur
2296 1781 2462 1873 quod
2504 1789 2594 1842 est
2633 1781 2843 1860 signati
2858 1829 2875 1852 ,
2915 1783 2971 1844 81
3010 1780 3139 1843 vioe
3176 1799 3379 1860 versa,

454 1858 678 1921 scilicet
692 1905 712 1938 .,
753 1871 997 1954 propter
1035 1859 1418 1922 coniunctam
1457 1859 1881 1922 Sacramentali
1917 1860 2137 1922 vnione
2172 1859 2615 1922 similitudinem
2655 1863 2711 1922 81
2744 1863 3059 1943 ἀναλογίαν
3078 1863 3147 1939 (f.
3184 1865 3378 1940 1⁷29)-

455 1941 776 2018 Propterea
839 1959 1074 2020 stgnum
1114 1939 1236 2002 dici
1285 1959 1410 2002 non
1455 1941 1661 2018 debet,
1703 1944 1742 2002 a
1779 1958 1904 2019 quo
1941 1939 2233 2002 inuisibile
2272 1939 2565 2021 signatum
2607 1943 2771 2002 nullo
2813 1947 2999 2003 modo
3036 1940 3380 2004 delineatur.

459 2020 614 2082 Nam
675 2022 867 2099 probe
926 2019 1326 2100 Augustinus,
1387 2023 1458 2081 de
1491 2023 1676 2083 doctr.
1721 2021 1942 2104 Chrtkt.
1983 2023 2082 2082 lt'b.
2125 2041 2181 2084 2.
2220 2031 2351 2101 cap.
2400 2041 2447 2080 1.
2489 2021 2723 2099 signum
2764 2021 2910 2082 dicit
2946 2021 3114 2101 quod
3141 2033 3383 2114 praeter

455 2098 2139 2258 Ῥῗέωὲιὲἳᾜᾷἶῧῖξῗῗὲὲέἰὲὲᾱῖῗῧὲῗέἔ
2176 2097 3379 2260 εξηῗέἓῖῑῗῑρῖἑεῖῗξὲἓᾝῖξξεω.

458 2268 654 2320 cessat
690 2261 747 2321 δι
785 2259 903 2320 illa.
942 2260 1199 2338 ideoque
1238 2272 1482 2338 pereant
1515 2261 1688 2322 fictae
1709 2258 2021 2339 opiniones
2036 2261 2113 2322 de
2132 2225 2445 2321 sanctitate
2462 2261 2875 2338 symbolorum
2895 2227 3060 2322 extra
3080 2261 3377 2322 actionem

457 2339 956 2402 Sacramentelem
969 2383 988 2412 ,
1047 2348 1272 2419 eosque
1337 2341 1552 2402 merito
1601 2359 1718 2420 pro
1755 2339 2087 2401 idololatris
2128 2341 2451 2401 habeamus
2467 2385 2485 2417 ,
2526 2339 2629 2420 qui
2672 2340 2767 2400 vel
2805 2357 3021 2419 aquam
3062 2341 3378 2434 Baptismi,

459 2420 556 2481 vel
593 2419 836 2515 Coenae
873 2439 1092 2561 pariam
1105 2466 1124 2501 ,
1184 2430 1468 2500 tanquam
1507 2440 1634 2483 rem
1674 2419 1968 2499 diuinam,
2007 2420 2065 2481 &
2102 2440 2211 2501 per
2244 2437 2615 2499 consequens
2656 2439 2909 2501 corpore
2948 2421 3167 2483 Christi
3203 2423 3383 2502 longe

461 2510 948 2579 praestantiorem
1065 2512 1257 2562 orant.

545 2598 639 2657 19.
718 2579 1124 2642 Accidentalis
1159 2582 1354 2643 forma
1394 2592 1485 2643 est
1521 2579 1779 2659 legitima
1816 2580 1976 2642 actio
2008 2582 2339 2641 secundum
2358 2578 2580 2642 Christi
2596 2580 3023 2665 institutionem
3039 2625 3058 2661 ,
3096 2599 3218 2661 qua
3236 2582 3383 2643 dum

461 2659 734 2721 Minister
769 2670 968 2739 partes
1006 2679 1216 2723 omnes
1254 2669 1610 2741 congregat,
1649 2661 1706 2721 &
1745 2661 1956 2721 ordine
1996 2660 2315 2741 ministrat,
2354 2660 2537 2721 efficit
2570 2670 2633 2721 vt
2651 2672 3047 2739 cognoscatur
3065 2661 3389 2725 essentialis

462 2740 686 2817 forma,
730 2741 839 2802 sed
875 2740 1058 2819 ipsius
1090 2740 1248 2803 actio
1287 2740 1390 2803 illa
1415 2760 1539 2801 non
1579 2750 1688 2802 est.
1727 2743 1970 2802 Interna
2007 2744 2150 2802 vero
2189 2751 2279 2803 est
2316 2742 2553 2802 occulta
2588 2740 2835 2820 Spiritus
2872 2742 3077 2804 Sancti
3096 2741 3386 2823 operatio,

462 2836 580 2896 qua
620 2818 797 2881 nobis
835 2819 1136 2883 Christum
1177 2820 1578 2882 communicat
1615 2838 1756 2881 cum
1798 2820 2079 2883 omnibus
2116 2820 2239 2881 suis
2277 2819 2597 2882 beneficiis.

546 2919 644 2961 2ο.
721 2902 892 2961 Fl‘m’s
928 2910 1018 2962 est
1055 2900 1307 2979 duplexz
1351 2899 1624 2981 proprius
1661 2902 1718 2961 &
1757 2900 2159 2962 accidentalis.
2199 2899 2478 2979 Proprius
2519 2898 2659 2960 item
2701 2900 2950 2983 duplex3
2982 2900 3292 2980 primarius
3325 2903 3381 2963 81

462 2979 865 3042 secundarius.
945 2978 1264 3042 Piimarius
1303 2992 1392 3042 est
1429 2980 1760 3059 significare
1797 2981 1856 3042 &
1895 2980 2203 3060 designare
2242 2980 2303 3042 in
2344 2980 2628 3042 cordibus
2668 2979 2930 3042 fidelium
2968 2982 3217 3061 gratiam
3268 2982 3383 3042 Dei

464 3058 654 3121 Patris
709 3059 772 3120 in
809 3058 934 3120 filio
971 3078 1109 3121 suo:
1169 3062 1342 3121 Rom,
1383 3063 1442 3121 6.
1485 3081 1545 3136 4.
1598 3080 1649 3121 1.
1693 3061 1832 3123 Gor.
1879 3080 1977 3125 10.
2017 3062 2107 3121 16.
2152 3071 2215 3122 vt
2255 3058 2511 3139 sigillum
2548 3060 2825 3153 obsignat
2864 3062 3286 3155 promissiones
3322 3060 3385 3123 in

464 3138 790 3217 diplomate
843 3151 1186 3202 contentas:
1241 3142 1416 3201 Rom.
1457 3160 1516 3214 4.
1563 3160 1590 3201 1
1604 3160 1656 3202 1.
1697 3141 2068 3219 eandemque
2107 3138 2499 3201 instrumento
2536 3142 2705 3202 verbi
2744 3141 2800 3202 81
2840 3140 3037 3221 sigillo
3075 3142 3187 3204 rite
3226 3152 3388 3203 vten·

463 3218 622 3279 tibus
661 3238 769 3297 per
808 3218 1088 3298 Spiritum
1127 3220 1411 3281 Sanctum
1449 3221 1749 3283 conferre:
1790 3222 2015 3281 Matth.
2066 3220 2153 3280 1⁶.
2200 3239 2293 3297 23.

547 3318 646 3359 21.
725 3298 1120 3360 Sectmdarius
1159 3299 1372 3379 triplex
1411 3311 1518 3363 est.
1589 3319 1640 3361 1.
1682 3309 1746 3359 vt
1786 3302 1991 3361 fideles
2032 3298 2453 3379 gratitudinem
2492 3314 2659 3360 suam
2702 3318 2841 3381 erga
2878 3300 3077 3362 Deum
3117 3310 3391 3363 testatam

468 3378 686 3439 iaciant
700 3422 720 3457 ,
759 3380 1332 3441 commemoratione
1371 3379 1620 3458 Christi,
1660 3379 1718 3439 81
1758 3378 2209 3442 annuntiatione
2246 3378 2454 3441 mortis
2491 3380 2666 3441 illius.
2700 3398 2755 3441 2.
2772 3382 2858 3442 Vt
2878 3380 3222 3442 charitatem
3241 3380 3397 3442 inter

465 3476 528 3519 se
588 3456 828 3519 vinculo
889 3458 1190 3520 societatis
1250 3468 1593 3521 exerceant:
1663 3478 1712 3520 1.
1783 3460 2049 3521 Corinth.
2087 3478 2179 3521 10.
2226 3476 2318 3536 17.
2358 3478 2415 3537 3.
2457 3470 2523 3520 vt
2557 3469 2701 3522 nota
2739 3458 2852 3521 ista
2890 3473 3275 3541 segregentur
3312 3462 3392 3523 ab

467 3538 749 3601 omnibus
785 3539 1039 3599 Satanae
1080 3537 1429 3619 synagogis.

551 3636 650 3681 22.
729 3616 1132 3681 Accidentalis
1171 3630 1260 3681 est
1299 3618 1722 3680 condemnatio
1743 3617 1987 3699 indigne
2006 3617 2601 3680 communicantium:
2626 3638 2680 3681 1.
2704 3620 2969 3683 Corinth.
2996 3638 3086 3681 11.
3122 3640 3211 3699 19.
3230 3620 3395 3681 Deus

467 3696 1440 3840 fflffzfffflwmmotffls
1460 3708 1822 3839 ”Zicffim
1835 3697 3025 3841 ffiffitmpmefflfflnffissffm
3056 3710 3183 3762 ‘¹¹¹¹'
3202 3700 3265 3762 ¹¹²
3294 3718 3391 3781 '⁶’

551 3875 651 3934 23.
729 3858 1058 3919 Reiicimus
1113 3877 1260 3938 ergo
1318 3822 1527 3921 eoru’m
1569 3798 1914 3937 sententias,
1976 3869 2259 3938 tanquam
2298 3858 2508 3920 noxias
2546 3860 2603 3921 81
2644 3858 2999 3937 haereticas,
3049 3858 3153 3939 qui
3192 3860 3393 3921 Sacra-

469 3948 740 3999 mentum
798 3936 1046 3999 nimium
1105 3937 1486 4000 extenuando
1546 3954 1728 3999 vnum
1773 3940 2005 4001 tantum
2044 3958 2119 4000 m:
2158 3936 2251 4001 his
2290 3938 2507 4001 finibus
2545 3939 2817 4018 seligunt,
2851 3938 2909 3999 δι
2945 3942 3169 4002 docent
3208 3958 3398 4002 sacra-

469 4028 670 4079 menta
733 4036 860 4079 esse
915 4019 1146 4079 tantum
1205 4017 1376 4098 signa
1437 4018 1658 4098 gratiae
1671 4061 1690 4097 ,
1749 4028 1888 4079 ante
1949 4020 2009 4081 &
2068 4027 2233 4080 extra
2263 4018 2713 4080 Sacramentum
2754 4020 3037 4080 collatae:
3091 4022 3186 4081 vel
3225 4031 3400 4081 notas

467 4094 970 4159 Christianorum:
1009 4099 1108 4159 vel
1146 4100 1276 4160 sola
1315 4100 1602 4177 Symbola
1644 4108 1890 4160 mutuae
1919 4097 2271 4160 charitatis:
2310 4100 2407 4160 vel
2422 4142 2442 4177 ,
2476 4097 2841 4178 pienuarnm
2862 4098 3079 4180 instar,
3112 4100 3401 4179 quasdam

473 4194 602 4239 esse
639 4176 1267 4241 commonefactiones.

556 4276 653 4331 24.
735 4260 1011 4337 Effectus
1051 4256 1138 4319 rei
1170 4257 1423 4320 totidem
1463 4270 1600 4319 sunt
1639 4269 1790 4336 quot
1828 4258 2137 4319 efficientis
2172 4273 2391 4319 musae
2422 4258 2644 4321 finales.
2684 4258 2803 4319 Sed
2840 4258 2979 4320 cum
2999 4260 3321 4338 aduersarii
3338 4260 3399 4321 in

485 4336 774 4415 primario
837 4339 944 4401 iilo
1005 4340 1222 4399 effectu
1259 4338 1578 4416 plurimum
1617 4340 1898 4400 haereant
1911 4382 1928 4417 ,
1961 4340 2017 4399 δι
2060 4338 2119 4397 'm
2160 4337 2525 4418 ignorantiae
2562 4336 2823 4399 tenebris
2860 4338 3113 4401 libenter
3147 4342 3404 4420 latitent,
