3923 4875
1195 340 1300 387 nt
1363 340 1787 386 Ponl‘rlass
1847 341 2425 386 mos1sonsaa.
2986 370 2995 377 .
3154 322 3270 398 369

353 506 608 569 modum
668 509 724 567 δι
783 503 1190 566 conditionem
1252 522 1462 567 eorum
1525 522 1678 583 quae
1736 506 1989 566 subsunt
2040 503 2398 565 ordinationi
2436 504 2613 583 legiS,
2664 502 2775 563 tria
2813 512 2949 563 sunt
2988 500 3199 563 ordine
3236 504 3273 560 a

349 587 536 649 nobis
575 586 954 665 explicanda:
995 585 1278 664 Primum,
1312 604 1606 663 quaenam
1637 604 1710 646 ea
1741 586 1860 646 sint
1891 602 2045 662 quae
2064 588 2311 646 subsunt
2330 582 2685 645 ordinationi
2704 582 2876 661 legis:
2912 581 3272 658 Secundum,

353 667 462 746 qui
499 668 574 729 sit
607 684 816 727 eorum
856 666 1072 726 modus
1114 683 1292 743 quem
1335 664 1726 745 praecipimus
1754 666 1814 725 in
1854 664 2085 744 legibus
2123 663 2397 726 humanis
2436 661 2770 727 obseruari:
2833 662 3127 741 Tertium,
3169 662 3268 740 qui

353 748 576 809 modus
617 745 1175 807 determinationum
1213 747 1293 806 ad
1333 764 1406 806 ea
1440 745 1875 824 pertinentium.

438 829 620 889 Thes.
655 846 758 903 23.
794 826 1058 887 Primum
1096 828 1298 887 locum
1339 826 1432 885 his
1471 825 1667 887 verbis
1707 826 2060 887 definimus:
2106 827 2354 886 subsunt
2389 825 2751 885 ordinationi
2770 825 2935 901 legis,
2952 833 3271 902 personae,

352 927 454 967 res
495 908 726 985 (quibus
765 910 1017 966 actiones
1057 908 1508 987 complectimur)
1551 908 1628 967 ὃν
1665 908 2131 967 circumstantiae
2148 924 2171 964 .·
2211 925 2465 983 quarum
2507 906 2824 964 conditioni
2849 906 2945 963 ius
2964 921 3271 962 accommo-

355 991 540 1048 datur
571 988 832 1047 humana
869 988 995 1063 lege
1013 1030 1032 1065 ,
1092 989 1354 1065 fiantque
1391 988 1893 1047 determinationes
1932 988 2241 1045 secundem
2278 988 2443 1045 illam
2456 1029 2475 1063 ,
2534 984 2777 1043 iubendo
2798 1027 2816 1060 ,
2878 984 3233 1058 vetandoque
3250 1000 3271 1039 .·

353 1069 717 1127 munerando
737 1110 755 1145 ,
813 1068 892 1125 ὁ·
923 1068 1224 1144 puniendo
1243 1110 1261 1143 ,
1321 1075 1494 1143 atque
1540 1068 1943 1143 permittendo.
2008 1067 2066 1126 N
2068 1085 2149 1126 on
2188 1084 2318 1127 sum
2358 1063 2589 1125 nescius
2626 1063 2798 1123 aliter
2838 1063 2917 1123 ab
2958 1061 3085 1121 aliis
3122 1060 3275 1121 tradi

357 1146 715 1209 diuisionem
755 1164 962 1208 eorum
977 1191 995 1222 ,
1037 1164 1190 1224 quae
1231 1148 1480 1207 subsunt
1522 1144 1881 1207 ordinationi
1921 1148 2218 1207 humanae
2256 1146 2422 1225 legiS.
2462 1146 2617 1205 Nam
2660 1155 2889 1205 veteres
2928 1141 3275 1219 Philosophi

357 1227 660 1290 obiectum
701 1228 1093 1287 humanarum
1131 1228 1330 1304 legum
1369 1228 1590 1305 duplex
1627 1230 1965 1288 statuebant
2004 1229 2229 1287 solum:
2271 1243 2573 1305 personas,
2612 1226 2668 1285 δι
2700 1242 2814 1300 res,
2835 1239 2988 1301 quae
3008 1222 3081 1281 ad
3102 1238 3273 1282 vsum

353 1324 742 1386 personarum
803 1306 1120 1382 pertinent.
1211 1304 1328 1382 Alij
1403 1312 1490 1383 (vt
1552 1306 1906 1367 lastinianus
1966 1326 2041 1367 ex
2110 1306 2261 1367 Caio
2321 1304 2747 1366 Iurisconsulto
2806 1304 2950 1364 Inst.
3012 1302 3088 1362 de
3148 1300 3275 1361 iure

357 1399 480 1449 nat.
535 1398 697 1466 gent.
758 1389 870 1447 διο.
933 1396 984 1457 s.
1042 1387 1242 1463 penul.
1285 1388 1357 1446 L.
1424 1408 1476 1447 1.
1535 1388 1599 1449 ff.
1658 1386 1736 1447 de
1797 1396 1930 1447 stat.
1990 1388 2179 1463 hom.)
2236 1396 2564 1465 posuerunt
2616 1383 2861 1462 triplex:
2924 1383 3115 1443 Omne
3156 1379 3275 1458 ius,

355 1466 658 1547 inquiunt,
711 1483 834 1545 quo
878 1466 1126 1544 vtirnur,
1173 1468 1269 1527 vel
1327 1467 1405 1528 ad
1463 1484 1748 1544 personas
1800 1467 2080 1547 pertinet,
2140 1467 2235 1527 vel
2292 1466 2371 1527 ad
2409 1484 2534 1545 res,
2584 1464 2680 1524 vel
2716 1463 2797 1524 ad
2834 1461 3129 1539 actiones,
3176 1460 3271 1538 alij

358 1547 616 1625 denique
679 1544 1146 1607 circumstantias
1215 1545 1276 1606 in
1343 1542 1560 1624 quibus
1621 1548 1808 1607 ferme
1865 1557 1995 1608 tota
2053 1563 2443 1625 personarum
2463 1590 2481 1624 ,
2550 1562 2748 1605 rerum
2768 1588 2787 1621 ,
2857 1546 2914 1603 δι
2972 1541 3275 1603 actionum

357 1628 446 1687 vis
505 1626 772 1688 consistit
792 1673 810 1703 ,
870 1636 1226 1704 putauerunt
1293 1626 1575 1706 distingui
1633 1638 1930 1705 oportere.
2023 1628 2161 1687 Hae
2222 1626 2539 1687 diuisione.
2602 1641 2813 1684 ornnes
2830 1667 2849 1702 ,
2920 1621 3029 1683 etsi
3088 1621 3274 1682 modo

353 1707 632 1768 differunt
652 1751 671 1786 ,
745 1726 809 1767 re
881 1717 1080 1767 tamen
1145 1707 1586 1785 substantiaque
1645 1706 1801 1767 inter
1855 1726 1920 1767 se
1978 1706 2205 1785 optime
2264 1704 2647 1768 conueniunt.
2746 1705 2901 1763 Nam
2961 1704 3025 1778 (f.
3095 1704 3273 1780 1513)

355 1786 461 1865 qui
499 1806 782 1867 personas
821 1788 876 1846 &
922 1805 1015 1847 res
1053 1786 1248 1847 solum
1287 1786 1678 1848 definiuerunt
1715 1786 1952 1848 obiecta
1990 1806 2116 1847 esse
2154 1787 2544 1847 humanarum
2584 1785 2782 1863 legum
2797 1828 2816 1862 ,
2848 1780 3276 1859 sapientissime

358 1866 896 1927 animaduerterunt
949 1868 1100 1927 haec
1149 1867 1271 1927 duo
1325 1884 1555 1927 summa
1605 1885 1732 1927 esse
1771 1867 1995 1946 capita,
2044 1867 2122 1928 ad
2159 1884 2313 1945 quae
2351 1864 2669 1944 respiciunt
2707 1862 2946 1942 proprie
2983 1864 3277 1923 humanae

354 1949 546 2026 leges,
607 1946 892 2007 Actiones
948 1951 1092 2008 vere
1143 1949 1201 2008 &
1255 1945 1718 2007 circumstantias
1768 1946 1936 2024 quasi
1988 1946 2347 2025 appendices
2406 1946 2639 2007 illarum
2692 1961 2821 2005 esse
2834 1989 2853 2021 ,
2892 1945 2950 2004 &
2992 1941 3277 2002 relatione

358 2029 618 2105 quadam
659 2025 987 2087 necessaria
1023 2044 1162 2088 cum
1201 2024 1272 2087 iis
1313 2025 1754 2105 comprehendi.
1795 2026 1918 2103 Qui
1957 2026 2221 2088 actiones
2258 2027 2497 2104 insuper
2533 2025 2903 2101 adiecerunt,
2923 2041 3025 2083 eas
3041 2024 3080 2081 a
3098 2023 3276 2082 rebus

354 2118 521 2168 certo
562 2106 811 2167 consilio
851 2106 1242 2167 distinxerunt
1279 2109 1335 2168 &
1377 2112 1416 2167 a
1454 2107 1906 2168 circumstantiis
1943 2106 2211 2167 illarum:
2252 2106 2391 2185 quia
2408 2106 2486 2167 ad
2507 2103 2997 2173 commoditatem
3016 2100 3277 2163 docendi

354 2188 644 2266 putabant
679 2186 998 2265 pertinere,
1042 2198 1107 2248 vt
1145 2186 1270 2247 iure
1306 2187 1576 2265 personis
1616 2190 1912 2263 rebusque
1951 2188 2223 2279 exposito
2240 2233 2259 2260 ‚
2300 2186 2391 2246 ius
2431 2184 2735 2246 actionum
2774 2200 3045 2244 seorsum
3082 2182 3275 2243 trade-

355 2278 516 2328 retur
575 2284 728 2345 quae
785 2265 856 2327 iis
914 2266 1044 2327 dari
1099 2269 1292 2328 solent
1340 2269 1418 2328 ad
1467 2266 1607 2328 iuris
1645 2267 1734 2328 sui
1771 2265 2252 2328 vindicationem.
2309 2265 2431 2342 Qui
2468 2262 2937 2327 circumstantias
2972 2264 3278 2341 praeterea

359 2348 646 2408 adhibent
661 2392 678 2423 ,
738 2345 874 2408 ideo
935 2345 1158 2407 faciunt
1173 2396 1190 2425 ,
1250 2347 1390 2424 quia
1447 2346 1920 2409 circumstantiae
1980 2350 2330 2425 plerumque
2380 2345 2444 2405 in
2496 2343 2689 2406 causis
2730 2342 3101 2405 iudicialibus
3142 2354 3279 2401 sunt

359 2425 684 2506 eiusmodi,
735 2439 800 2488 vt
849 2425 934 2488 eis
974 2448 1048 2489 ex
1089 2425 1318 2506 species
1357 2445 1666 2489 causarum
1707 2425 2125 2507 iudiciorumq.
2163 2427 2445 2506 pendeat:
2486 2422 2994 2504 quemadmodum
3034 2420 3278 2484 euidens

362 2519 453 2568 est
493 2527 566 2568 ex
606 2526 701 2584 34.
743 2508 1008 2568 Theseos
1046 2519 1416 2587 argumento.
1456 2509 1868 2584 Quamobrem
1907 2519 2152 2587 vtcunq.
2190 2527 2290 2568 eas
2320 2505 2803 2568 circumscribere
2823 2503 3106 2583 placuerit
3122 2519 3277 2580 quae

355 2587 606 2648 subsunt
643 2586 1001 2649 ordinationi
1038 2587 1184 2666 legis
1197 2631 1216 2667 ,
1255 2606 1378 2648 non
1419 2591 1596 2650 refert
1635 2591 2035 2668 magnopere3
2081 2588 2265 2648 modo
2307 2589 2456 2648 haec
2493 2596 2775 2663 quatuor,
2816 2583 2943 2645 siue
2960 2581 3245 2661 implicite
3260 2626 3279 2660 ,

357 2668 483 2728 siue
523 2665 794 2745 explicite
809 2713 826 2740 ,
867 2671 1226 2729 retineantur
1265 2671 1382 2728 vna
1421 2667 1480 2728 in
1522 2668 1753 2730 ratione
1790 2669 1936 2748 legis
1974 2670 2030 2729 δι
2064 2667 2648 2729 determinationibus
2667 2664 2851 2725 illius:
2892 2665 3048 2724 Nam
3068 2665 3277 2722 harum

361 2765 556 2809 rerum
597 2746 924 2810 conditioni
961 2747 1052 2808 ius
1091 2766 1408 2809 commune
1424 2795 1442 2829 ,
1483 2751 1650 2826 quod
1688 2759 1852 2809 recta
1889 2749 2041 2809 ratio
2080 2747 2293 2826 dictat,
2334 2746 2826 2808 accommodatur
2854 2745 2909 2804 δι
2940 2753 3279 2820 contempe-

359 2838 526 2888 ratur
563 2828 833 2889 humanis
871 2828 1098 2907 legibus
1114 2874 1131 2907 ,
1171 2829 1228 2887 &
1269 2830 1597 2890 secundum
1634 2829 1796 2890 illam
1835 2827 2245 2889 conditionem
2259 2873 2277 2907 ,
2316 2828 2465 2888 fiunt
2504 2823 3021 2886 determinationes
3049 2823 3127 2884 de
3147 2841 3277 2900 per·

359 2907 522 2969 sonis
535 2953 553 2986 ,
605 2909 784 2968 rebus
798 2952 816 2986 ,
871 2907 1235 2986 actionibus,
1295 2908 1351 2967 &
1411 2907 1880 2969 circumstantiis.
1919 2908 2160 2968 Etenim
2201 2927 2294 2969 res
2332 2909 2529 2969 bonae
2568 2904 2871 2983 iubentur,
2912 2905 2968 2964 &
3008 2913 3280 2963 vetantur

357 2991 574 3048 malae:
615 3007 905 3064 personae
943 3007 1056 3067 pro
1095 2987 1420 3049 benefactis
1447 2989 1780 3050 afficiuntur
1799 2987 2102 3066 praemiis,
2122 2991 2177 3049 &
2200 2989 2644 3048 malefactorum
2664 2983 2905 3046 nomine
2926 2981 3277 3062 puniuntur:

355 3087 430 3128 ac
469 3071 770 3144 postremo
809 3066 948 3146 quia
985 3085 1284 3128 summum
1323 3069 1415 3129 ius
1456 3089 1634 3148 saepe
1673 3087 1906 3130 summa
1925 3078 2017 3129 est
2036 3067 2273 3148 iniuria,
2294 3084 2489 3146 neque
2506 3064 2709 3126 omnia
2727 3064 2788 3125 in
2809 3065 2987 3125 rebus
3006 3060 3281 3122 humanis

357 3148 437 3209 ad
473 3146 728 3225 rigorem
767 3147 908 3208 iuris
945 3167 1180 3226 semper
1215 3149 1534 3210 examinari
1571 3159 1674 3210 aut
1711 3149 1905 3211 curari
1929 3157 2178 3226 possunt
2192 3193 2209 3228 ,
2228 3145 2641 3228 permissiones
2660 3145 3013 3206 adhibentur
3027 3188 3044 3221 ,
3064 3142 3281 3220 quibus

361 3245 476 3321 pro
515 3227 850 3289 infirmitate
889 3246 1274 3306 personarum
1287 3274 1306 3306 ,
1346 3228 1834 3291 incommoditate
1873 3245 2099 3308 rerum,
2139 3239 2241 3290 aut
2272 3226 2843 3290 circumstantiarum
2866 3222 3172 3303 qualitate,
3190 3222 3281 3282 ius

358 3307 504 3368 illud
567 3324 890 3369 commune
904 3353 923 3388 ,
977 3309 1142 3387 quod
1191 3311 1230 3368 a
1277 3321 1438 3370 recta
1489 3310 1718 3371 ratione
1767 3319 1856 3371 est
1871 3355 1888 3387 ,
1938 3309 2255 3370 reflectitur
2290 3306 2741 3388 quodammodo
2755 3350 2774 3386 ,
2813 3306 2869 3365 &
2909 3302 3285 3364 constituitur

363 3388 638 3454 ἐπιεικές.
699 3389 884 3449 Hunc
935 3388 1184 3450 modum
1231 3390 1466 3468 Legalis
1515 3389 1746 3451 virtutis
1787 3391 1876 3467 (vt
1915 3406 2054 3451 cum
2092 3389 2437 3451 Modestino
2477 3389 2710 3464 loquar)
2750 3385 2974 3464 optime
3015 3380 3281 3458 Quincti-

361 3465 550 3526 lianus
609 3467 894 3546 expressit
950 3467 1044 3529 his
1101 3469 1326 3530 verbis:
1389 3469 1451 3530 Si
1510 3469 1600 3532 ius
1653 3472 1992 3531 confessum
2044 3482 2165 3550 est,
2216 3471 2366 3530 haec
2404 3469 2526 3528 sere
2566 3475 2927 3544 quaeruntur
2940 3485 2955 3498 ·
2999 3465 3151 3522 Vtra
3186 3463 3283 3522 lex

362 3547 690 3625 potentior:
727 3549 807 3608 ad
847 3549 1044 3609 Deum
1083 3549 1447 3629 pertineant,
1483 3569 1562 3610 an
1599 3551 1680 3611 ad
1717 3550 2015 3611 homines:
2061 3552 2331 3628 rempub.
2372 3567 2447 3610 an
2488 3547 2567 3608 ad
2607 3545 2901 3626 priuatos;
2922 3509 3001 3606 de
3020 3543 3283 3621 honore,

361 3645 437 3686 an
477 3625 554 3686 de
595 3645 822 3708 poena3
861 3627 938 3689 de
983 3629 1212 3708 magnis
1249 3631 1456 3707 rebus,
1496 3651 1574 3691 an
1614 3631 1694 3691 de
1731 3629 1961 3710 paruis;
1999 3630 2299 3709 permittat
2314 3674 2333 3710 ,
2371 3648 2449 3689 an
2489 3637 2682 3706 vetet,
2714 3645 2791 3686 an
2826 3625 3099 3704 imperet.
3134 3624 3281 3683 Inst.

361 3715 510 3766 orat.
533 3725 605 3796 ἐ.
653 3725 706 3783 7.
748 3709 904 3769 Nam
944 3710 1108 3801 qued
1147 3711 1349 3772 locum
1389 3711 1554 3770 illum
1595 3711 1674 3772 de
1711 3713 1974 3789 honore,
2013 3713 2107 3771 vel
2146 3709 2413 3790 praemio
2428 3753 2447 3788 ,
2486 3710 2583 3768 vel
2621 3707 3071 3768 benefactorum
3091 3719 3282 3763 remu-

361 3795 665 3847 neratione
723 3788 1098 3851 Modestinus
1157 3790 1570 3870 praetermisit,
1631 3793 1723 3864 (L.
1769 3808 1822 3867 7.
1864 3791 1925 3850 ff.
1968 3789 2045 3850 de
2083 3790 2338 3870 legibus)
2390 3799 2555 3850 certo
2610 3784 2862 3848 consilio
2915 3782 3089 3860 fecit3
3143 3798 3282 3843 cum

367 3863 562 3926 omnis
601 3869 950 3930 munerandi
989 3880 1250 3948 potestas
1289 3869 1406 3930 iam
1445 3872 1550 3932 illo
1589 3881 1858 3950 tempore
1897 3889 2080 3949 penes
2119 3870 2536 3949 imperatorem
2568 3886 2696 3928 esse
2737 3866 3061 3927 videretur:
3102 3879 3283 3941 quam

363 3946 446 4036 ob
495 3963 738 4008 causam
789 3953 996 4026 postea
1044 3949 1508 4028 Imperatoribus
1555 3949 1885 4013 administri
1923 3949 2179 4028 proximi
2219 3952 2453 4012 fuerunt
2490 3945 2614 4010 dati
2628 3992 2647 4026 ,
2688 3945 2791 4025 qui
2826 3947 3129 4007 bonorum
3167 3943 3285 4002 for-

363 4029 570 4103 tiumq.
631 4027 938 4090 hominum
994 4029 1307 4092 benefacta
1366 4031 1529 4109 apud
1585 4030 1720 4093 illos
1776 4030 1838 4091 in
1878 4032 2225 4092 memoriam
2266 4039 2639 4100 reuocat-ent,
2689 4029 2747 4088 δι
2785 4025 2863 4087 de
2900 4021 3287 4087 attribuendis

364 4105 637 4197 praemiis
673 4107 1096 4190 admonerent3
1131 4111 1298 4187 quod
1336 4129 1526 4190 genus
1563 4111 1871 4173 hominum
1913 4111 2129 4173 Graeci
2169 4121 2440 4172 auctores
2478 4111 2619 4175 τοὺς
2656 4105 2773 4166 ἀπὸ
2810 4107 3061 4184 prims,
3094 4100 3288 4162 Latini

369 4196 730 4248 recentiores
788 4191 1156 4250 Graecorum
1195 4192 1472 4270 exemplo
1519 4195 1558 4252 a
1607 4191 1895 4252 memoria
1941 4191 2341 4253 nominarunt.
2402 4189 2587 4252 Cuius
2624 4187 2803 4265 officij
2845 4183 3133 4246 memoria
3169 4184 3289 4243 hoc

369 4278 641 4344 tempore
677 4271 870 4330 nulla:
914 4269 1013 4330 vix
1053 4271 1275 4333 mentio
1315 4271 1602 4352 nominis,
1642 4274 1824 4333 Thes.
1868 4290 1963 4345 24.
2022 4273 2247 4334 Modus
2285 4273 2381 4332 vel
2420 4265 2686 4332 conditio
2720 4283 2915 4328 rerum
2956 4282 3110 4342 quae
3152 4264 3287 4324 sub·

367 4357 504 4406 sunt
551 4347 918 4410 ordinationi
974 4349 1118 4429 legis
1159 4357 1321 4426 (narn
1362 4352 1458 4413 hic
1501 4353 1797 4413 secundus
1835 4351 2005 4411 locus
2042 4363 2159 4426 est,
2202 4354 2279 4412 cle
2318 4369 2440 4428 quo
2480 4346 2811 4426 recepimus
2848 4365 2962 4407 nos
2994 4363 3123 4406 esse
3168 4343 3288 4402 dic-

1790 4453 1860 4506 47
2630 4429 2637 4442 '
3100 4429 3289 4502 turos)
