3923 4875
1458 0 1865 40 EIRENICI
1922 0 2136 39 PARS
2197 0 2240 42 1.
3187 0 3301 55 433

388 153 564 238 igitur
614 155 1011 220 testimonium
1067 156 1129 218 in
1181 155 1450 218 Ecclesia
1488 153 1637 234 Dei,
1676 159 1715 216 a
1751 155 1889 217 Deo
1926 155 2335 234 proficiscens,
2379 165 2482 216 aut
2519 151 2705 234 intus,
2745 165 2846 214 aut
2883 154 3045 216 foris.
3107 157 3302 228 IntuS‚

388 249 477 299 est
538 238 939 299 testimonium
1000 236 1247 316 Spiritus
1302 236 1448 312 Dei,
1497 233 1845 296 viuificantis
1886 237 1942 295 δι
1981 237 2046 315 (f.
2093 239 2232 315 709)
2271 233 2576 297 excitantis
2615 233 3017 295 testimonium
3065 235 3302 314 spiritus

388 317 577 379 nostri
636 317 691 377 δι
750 317 1145 380 conscientiae
1202 315 1581 394 inspiratione
1626 333 1745 378 sua.
1808 314 1979 376 Foris
2019 327 2108 376 est
2145 315 2550 377 testimonium
2590 314 2758 376 verbi
2797 316 2852 376 δι
2891 315 3300 392 symbolorum

390 415 543 476 quae
584 398 771 459 verbo
812 397 1119 459 coniunxit
1158 398 1341 457 Deus.
1376 395 1545 456 Prius
1582 393 1984 457 testimonium
2013 398 2091 457 ad
2125 397 2378 457 formam
2398 395 2691 456 internam
2711 393 2982 474 pertinet.
3021 396 3128 457 Est
3147 395 3304 457 enim

388 480 491 537 lux
528 478 655 556 illa,
696 495 814 556 qua
850 479 1125 539 Ecclesia
1166 475 1382 538 Christi
1424 473 1738 537 illustratur
1777 478 1832 536 δι
1864 475 2096 555 singula
2123 477 2390 536 membra
2411 475 2562 537 eius:
2602 476 2709 536 sed
2730 476 2805 536 de
2825 475 2941 536 hoc
2963 474 3304 536 testimonio

389 559 528 618 ante
574 556 713 620 satis
752 557 1004 619 diximus
1044 577 1157 636 pro
1199 555 1447 617 consilio
1488 567 1721 634 nostro,
1759 573 1955 634 neque
1995 565 2083 617 est
2118 556 2293 616 huius
2332 556 2468 616 loci.
2513 555 2698 632 Quod
2737 565 2936 615 autem
2976 555 3118 616 foris
3139 555 3306 615 estin

390 637 661 699 Ecclesia
702 637 1132 716 testimonium,
1172 645 1273 697 aut
1310 635 1372 696 in
1415 653 1689 697 sermone
1727 635 1988 714 positum
2030 647 2118 696 est
2157 643 2320 713 (nam
2359 654 2557 697 sermo
2597 634 2753 695 uitae
2793 645 2973 712 atque
3001 634 3199 696 salutis
3221 646 3308 696 est

392 718 429 776 a
468 718 629 792 Deo)
668 728 769 778 aut
806 717 867 778 in
910 715 1199 796 symbolis
1239 715 1293 775 ὅτ
1334 715 1713 776 sacramentis
1754 715 1895 776 eius.
1937 716 2318 794 Quapropter
2349 715 2409 777 in
2453 715 2766 795 Scripturis
2811 717 3054 775 Deuter.
3079 735 3135 790 4.
3157 716 3213 775 &
3251 731 3304 792 5.

391 797 448 857 δι
485 797 546 856 in
584 797 738 858 libro
778 799 1147 858 Psalmorum
1186 796 1401 874 passim
1417 841 1435 874 ,
1473 797 1723 856 verbum
1762 795 1875 856 Dei
1906 813 2126 856 nomen
2147 795 2463 872 testimonij
2487 798 2582 857 vel
2601 793 3024 856 testificationis
3045 794 3304 856 obtinet:

388 879 551 937 Arca
590 880 731 938 vero
768 877 1056 957 foederis,
1096 875 1157 936 in
1200 873 1318 953 qua
1356 874 1499 936 nihil
1539 874 1651 936 nisi
1688 875 1955 954 lapideae
1993 875 2140 954 legis
2181 878 2415 937 tabulae
2455 874 2944 950 continebantur,
2977 877 3032 936 δι
3073 893 3148 934 ex
3189 892 3305 954 qua

390 959 556 1018 Deus
603 957 929 1018 testabatur
980 955 1369 1036 praesentiam
1409 974 1576 1016 suam
1592 1001 1609 1033 ,
1655 955 2220 1033 consulentibusque
2259 957 2691 1034 respondebat,
2731 955 3113 1017 consimiliter
3150 955 3305 1016 testi-

389 1035 657 1097 monium
697 1036 805 1098 fuit
843 1040 1153 1116 appellata.
1194 1036 1307 1096 His
1347 1035 1583 1096 duobus
1623 1035 1915 1114 capitibus
1957 1035 2291 1097 continetur
2313 1035 2598 1114 quidquid
2631 1035 2708 1096 ad
2729 1037 2983 1096 formam
3005 1045 3305 1096 externam

390 1115 690 1177 Ecclesiae
730 1117 789 1177 in
832 1118 1007 1178 rebus
1044 1114 1300 1197 positam
1340 1115 1579 1195 proprie
1618 1114 1867 1177 instituit
1905 1117 2090 1177 Deus.
2151 1115 2489 1192 Quinetiam
2533 1116 2645 1175 hae
2686 1115 2838 1176 duae
2877 1133 2973 1175 res
3012 1115 3175 1192 ipsae
3217 1119 3306 1191 (vt

392 1197 579 1258 mode
618 1195 893 1274 diximus)
934 1215 1054 1257 vno
1092 1205 1337 1274 aspectu
1374 1195 1434 1256 in
1480 1195 1747 1256 Ecclesia
1784 1195 2170 1276 videbantur3
2206 1195 2344 1274 quia
2383 1213 2592 1257 reuera
2625 1214 2804 1256 vnum
2826 1204 2961 1255 sunt
2981 1195 3304 1256 secundum

394 1275 809 1368 substantiam,
854 1276 965 1337 etsi
1002 1275 1063 1336 in
1104 1274 1301 1354 specie
1337 1275 1697 1355 materiaque
1739 1287 1980 1337 externa
2020 1274 2313 1336 differunt.
2370 1277 2528 1336 Nam
2571 1275 2713 1353 quid
2759 1275 2868 1335 fuit
2906 1274 3306 1336 testimonium

393 1355 539 1416 illud
600 1358 899 1418 materiale
936 1375 1109 1417 arcae
1123 1401 1142 1437 ,
1183 1358 1363 1435 quam
1405 1373 1583 1434 capsa
1622 1358 1678 1417 δι
1719 1356 1951 1416 loculus
1989 1350 2193 1416 verbi?
2233 1355 2290 1415 δι
2329 1354 2471 1434 quid
2511 1354 2671 1415 aliud
2708 1357 2956 1416 verbum
2994 1354 3055 1414 in
3095 1355 3309 1416 tabulis

394 1445 693 1497 exaratum
738 1436 874 1510 fuit,
917 1438 1099 1514 quam
1139 1434 1337 1498 anima
1374 1435 1665 1512 quaedam
1706 1435 1976 1514 corporis
2015 1433 2328 1496 materialis
2364 1429 2558 1496 illius?
2607 1444 2836 1495 tantum
2875 1454 2950 1496 eo
2992 1434 3306 1496 discrimen
3337 1437 3348 1446 ”

395 1525 518 1595 est,
584 1517 748 1594 quod
798 1526 863 1576 vt
914 1517 1111 1578 anima
1163 1533 1471 1594 nunquam
1522 1513 1746 1588 interit,
1786 1516 1891 1576 sed
1932 1525 2238 1593 permanet
2273 1516 2336 1576 in
2376 1526 2586 1576 natura
2625 1532 2764 1594 sua,
2805 1513 3072 1593 corporis
3111 1525 3308 1576 autem

395 1596 583 1674 figura
630 1595 867 1676 transit3
922 1595 1003 1657 ita
1056 1597 1307 1658 verbum
1349 1597 1537 1674 (quod
1577 1594 1773 1655 anima
1813 1597 1924 1672 est)
1965 1593 2024 1655 in
2063 1595 2331 1657 Ecclesia
2370 1604 2707 1675 permanet,
2746 1604 2810 1654 vt
2847 1605 2994 1655 nota
3032 1605 3311 1656 constans

397 1676 454 1735 δι
492 1687 777 1754 perpetua
814 1674 1115 1738 Ecclesiae
1152 1675 1297 1736 Dei:
1342 1693 1559 1754 corpus
1600 1679 1742 1737 vero
1780 1686 2100 1736 transmeat
2143 1678 2198 1737 δι
2235 1675 2570 1754 antiquatur
2609 1673 2876 1735 instituto
2909 1675 3040 1736 Dei.
3081 1675 3307 1736 Rectis-

395 1756 543 1816 sime
593 1774 734 1835 ergo
787 1757 1012 1818 Psaltes
1026 1801 1045 1837 ,
1100 1757 1237 1816 cum
1292 1773 1487 1816 rerum
1540 1754 1873 1816 diuinarum
1916 1759 2094 1832 (quae
2135 1758 2388 1816 formam
2430 1766 2730 1816 externam
2772 1755 3073 1815 Ecclesiae
3113 1768 3306 1816 osten-

396 1835 567 1912 dunt)
608 1835 973 1896 mentionem
1014 1839 1271 1896 facturus
1312 1846 1465 1896 esset
1478 1879 1496 1911 ,
1536 1837 1913 1896 testimonium
1952 1837 2072 1896 hoc
2110 1837 2252 1896 loco
2291 1834 2707 1914 pronunciauit
2747 1835 3180 1912 synecdochice
3221 1840 3309 1912 (vt

394 1916 740 1994 loquuntur)
780 1917 836 1976 δι
876 1917 1125 1976 verbum
1164 1915 1480 1993 testimonij
1525 1913 1711 1976 diuini
1750 1917 1805 1976 δι
1846 1915 2080 1976 thecam
2119 1914 2272 1976 illius
2312 1915 2840 1995 comprehendens.

480 1995 631 2056 Cum
692 2004 888 2055 autem
948 1997 1122 2056 theca
1182 1996 1352 2057 facile
1404 2007 1637 2076 pereat,
1688 2013 1925 2056 corrum
1971 2005 2128 2073 atur,
2169 1999 2570 2088 muteturque,
2609 1997 2916 2056 thesaurus
2954 1998 3098 2056 vero
3139 1993 3199 2054 in
3241 2015 3312 2054 ea

396 2074 669 2136 conditus
710 2078 799 2154 (vt
836 2073 1023 2138 modo
1064 2075 1432 2151 dicebamus)
1474 2075 1549 2137 sit
1586 2094 1694 2154 per
1730 2075 1901 2154 proui
1946 2073 2162 2136 entiam
2205 2074 2320 2136 Dei
2359 2073 2640 2136 durabilis
2671 2074 2732 2134 in
2763 2074 3030 2135 Ecclesia
3049 2073 3203 2135 eius:
3224 2073 3310 2135 sic

398 2155 775 2216 statuendum
817 2165 933 2234 est,
974 2155 1035 2216 in
1074 2156 1268 2217 forma
1308 2165 1549 2216 externa
1585 2155 1889 2217 Ecclesiae
1928 2172 2320 2234 quaecunque
2358 2175 2452 2216 res
2491 2155 2569 2216 ad
2607 2156 2765 2215 hanc
2803 2155 3057 2215 formam
3099 2153 3312 2215 consti-

398 2235 681 2296 tuendam
720 2234 1047 2314 pertinent,
1086 2253 1185 2296 eas
1224 2233 1286 2294 in
1328 2235 1480 2296 duos
1516 2234 1753 2295 ordines
1792 2235 2062 2297 distribui
2103 2254 2312 2328 posse,
2345 2233 2816 2314 permanentium
2838 2235 2892 2295 δι
2913 2233 3312 2314 pereuntium:

395 2331 541 2391 quas
584 2315 762 2376 etiam
805 2313 1127 2376 commode
1168 2313 1545 2392 antiquorum
1584 2314 1833 2376 vocibus
1876 2315 2276 2377 nominaueris
2295 2317 2422 2376 lllas
2443 2325 2622 2376 statas
2635 2360 2653 2393 ,
2675 2317 2729 2376 &
2748 2315 2855 2374 has
2874 2313 3314 2375 ambulatorias.

397 2396 607 2473 Itaque
646 2404 783 2457 ante
821 2397 1016 2474 legem
1054 2394 1163 2457 fuit
1201 2395 1472 2456 Ecclesia
1508 2393 1659 2475 Dei,
1700 2397 1839 2455 cum
1879 2397 2146 2458 nondum
2186 2407 2341 2459 esset
2379 2399 2542 2457 Arca
2580 2395 2894 2472 testimonij
2938 2397 2993 2457 δι
3013 2393 3152 2456 inde
3172 2411 3319 2473 quo-

401 2490 521 2552 que
578 2478 617 2536 a
670 2475 1085 2555 deportatione
1141 2474 1201 2535 in
1250 2476 1641 2554 Babyloniam
1703 2474 1972 2535 Ecclesia
2009 2476 2119 2537 fuit
2159 2477 2282 2537 sine
2321 2481 2513 2557 Arca,
2554 2476 3059 2555 quemadmodum
3097 2474 3160 2535 in
3201 2473 3318 2536 suis

402 2554 860 2617 Commentariis
898 2556 1118 2635 passim
1164 2554 1360 2616 ludaei
1400 2565 1729 2647 agnoscunt
1743 2600 1760 2635 ,
1802 2556 1857 2615 δι
1897 2573 1972 2614 ex
2008 2554 2174 2618 libris
2213 2559 2399 2617 Ezrae
2437 2576 2509 2617 ac
2549 2555 2874 2617 Nehemiae
2913 2574 3036 2616 non
3066 2555 3320 2618 obscure

402 2634 715 2713 colligitur.
774 2636 880 2695 sed
940 2634 1066 2697 sine
1116 2637 1301 2713 verbo
1341 2637 1457 2695 Dei
1496 2652 1799 2712 nunquam
1838 2635 2108 2697 Ecclesia
2145 2637 2262 2697 Dei
2301 2634 2489 2699 extitit
2503 2682 2520 2715 ,
2559 2653 2863 2714 nunquam
2905 2634 3154 2697 extitura
3197 2646 3316 2695 est:

400 2714 565 2777 Deus
618 2714 679 2775 in
718 2715 903 2777 domo
945 2732 1052 2776 sua
1096 2726 1293 2777 mutus
1334 2734 1462 2777 esse
1502 2732 1624 2775 non
1666 2725 1881 2793 potest.
1942 2714 2038 2777 Ac
2075 2714 2327 2795 proinde
2365 2718 2503 2777 cum
2541 2714 2690 2777 aliae
2729 2736 2822 2777 res
2863 2734 3072 2776 omnes
3109 2726 3320 2776 natura

400 2810 507 2855 sua
544 2794 751 2855 adesse
787 2797 844 2855 ὅτ
882 2796 1089 2856 abesse
1128 2796 1357 2875 possint
1392 2794 1518 2856 sine
1552 2795 1933 2874 corruptione
1973 2796 2093 2888 rei,
2133 2814 2284 2874 quae
2319 2796 2540 2875 agitur,
2580 2798 2635 2857 δι
2665 2795 2886 2856 variam
2908 2800 2998 2872 (vt
3015 2796 3096 2856 ita
3115 2798 3320 2873 loqua-

404 2876 563 2951 mur)
605 2874 818 2935 faciem
858 2874 1106 2936 induant
1146 2896 1221 2936 ex
1260 2874 1649 2954 dispositione
1686 2874 1803 2937 Dei
1840 2874 2298 2955 sapientissimar,
2337 2895 2458 2937 non
2483 2874 2734 2936 dubium
2755 2887 2843 2937 est
2859 2874 3001 2954 quin
3023 2876 3324 2954 Propheta

405 2953 522 3014 hoc
562 2954 699 3015 loco
742 2952 998 3015 maxime
1036 2956 1112 3017 ad
1154 2974 1277 3016 rem
1318 2966 1763 3034 permanentem
1806 2955 2154 3038 respexerit3
2194 2974 2268 3017 ex
2307 2974 2456 3035 qua,
2491 2958 2652 3017 velut
2680 2954 2954 3035 specifica
2974 2958 3063 3033 (vt
3085 2959 3324 3034 vocant)

403 3032 769 3113 differentia,
810 3034 1040 3115 species
1083 3053 1223 3095 vera
1261 3034 1563 3097 Ecclesiae
1605 3033 1721 3097 Dei
1760 3036 2090 3096 secundum
2129 3040 2384 3098 formam
2427 3046 2726 3098 externam
2748 3035 2904 3096 illius
2925 3034 3326 3115 dignoscatur.

406 3114 561 3175 Nam
622 3112 799 3175 etiam
858 3116 946 3191 (vt
998 3114 1273 3190 diximus)
1334 3114 1391 3175 in
1440 3115 1541 3175 illa
1580 3114 1707 3193 ipsa
1745 3117 1905 3175 Arca
1945 3114 2134 3177 inerat
2171 3118 2417 3177 verbum
2455 3116 2572 3178 Dei
2612 3116 2799 3195 digito
2842 3115 2967 3176 eius
3005 3126 3326 3177 exaratum.

406 3194 616 3255 Restat
674 3192 853 3273 igitur
908 3206 973 3255 vt
1028 3194 1329 3275 dicamus,
1387 3212 1509 3255 non
1572 3214 1647 3256 ex
1684 3197 1875 3271 Arca,
1916 3205 2018 3254 aut
2057 3194 2182 3256 aliis
2225 3195 2516 3257 eiusmodi
2553 3196 2990 3257 accessionibus
3029 3194 3331 3275 cognitam

404 3271 583 3334 fuisse
644 3274 1006 3353 Ecclesiam,
1067 3276 1176 3335 sed
1234 3292 1309 3335 ex
1367 3276 1553 3336 verbo
1615 3275 1781 3353 quod
1834 3274 2248 3335 continebatur
2301 3277 2492 3354 Arca,
2546 3277 2602 3336 &
2643 3276 2808 3353 quod
2849 3276 3118 3337 Ecclesia
3157 3275 3217 3336 in
3259 3294 3330 3336 ea

408 3353 717 3414 seruabat:
777 3372 850 3414 ac
908 3354 1161 3433 proinde
1212 3355 1462 3415 verbum
1513 3354 1629 3415 Dei
1667 3366 1975 3415 externum
2016 3356 2208 3415 forma
2247 3365 2488 3416 externa
2527 3366 2618 3416 est
2657 3355 2988 3436 Ecclesiae,
3029 3357 3105 3417 ad
3149 3374 3329 3434 quam

408 3432 703 3525 respicere
742 3444 982 3527 oportet
1022 3452 1231 3495 omnes
1272 3433 1375 3512 qui
1415 3438 1579 3496 certo
1622 3452 1696 3494 ex
1735 3432 2081 3496 necessariis
2113 3436 2170 3495 δι
2189 3434 2530 3496 indubitatis
2549 3434 2782 3495 indiciis
2805 3434 3134 3497 Ecclesiam
3156 3454 3332 3497 nosse

408 3514 549 3575 fons
589 3515 914 3575 voluerint:
956 3516 1013 3575 δι
1050 3514 1555 3592 quemadmodum
1595 3533 1705 3594 per
1740 3513 1887 3576 illud
1926 3524 2159 3595 tempus
2195 3517 2314 3577 hoc
2355 3513 2575 3576 indicio
2616 3513 2858 3594 cognita
2897 3526 3013 3594 est,
3049 3514 3132 3576 ita
3153 3514 3330 3577 etiam

408 3592 698 3655 memoria
736 3604 941 3655 nostra
980 3592 1307 3655 Ecclesiam
1348 3594 1465 3656 Dei
1504 3594 1791 3674 cognosci
1829 3605 2127 3673 oportere.

485 3674 625 3735 Duo
666 3672 767 3735 hic
804 3676 1043 3736 obstare
1082 3673 1380 3755 videntur,
1421 3674 1499 3735 ad
1534 3692 1689 3753 quae
1728 3674 1938 3735 ordine
1979 3674 2184 3752 paucis
2224 3672 2743 3754 respondebimus:
2789 3673 2954 3737 Prius
2985 3685 3073 3737 est
3124 3676 3328 3735 Eccle-

410 3751 557 3813 siam
617 3752 875 3834 priscam
936 3764 1073 3815 ante
1126 3755 1320 3833 legem
1368 3772 1493 3816 non
1531 3752 1811 3815 habuisse
1847 3756 2102 3815 verbum
2142 3754 2256 3815 Dei
2295 3753 2528 3833 scriptis
2566 3765 2901 3835 exaratum,
2941 3720 3108 3833 quod
3148 3754 3335 3816 videri

410 3843 642 3911 posset:
685 3854 755 3893 ac
798 3837 1112 3913 propterea
1150 3835 1304 3894 hanc
1346 3836 1599 3896 sormam
1638 3850 1765 3895 non
1804 3852 1933 3895 esse
1975 3834 2054 3895 ad
2093 3833 2304 3895 iustam
2344 3833 2750 3913 cognitionem
2794 3834 3095 3896 Ecclesiae
3137 3854 3337 3896 neces·

410 3912 644 3973 sariam.
688 3914 987 3976 Posterius
1002 3960 1019 3993 ,
1062 3916 1287 3993 Legem
1330 3914 1507 3976 fuisse
1546 3914 1605 3975 in
1650 3917 1807 3975 Arca
1824 3960 1841 3993 ,
1876 3932 2002 3975 non
2023 3914 2444 3995 Euangelium:
2487 3916 2672 3993 Qubd
2691 3914 2740 3975 si
2759 3916 2886 3975 Lex
2907 3916 3014 3975 tuit
3037 3914 3337 3975 Ecclesiae

408 3992 621 4074 index,
664 3994 719 4053 ἃ
758 3993 935 4055 index
978 4005 1295 4073 perpetuus
1336 4014 1407 4056 ac
1450 4014 1835 4074 permanens3
1878 3996 2040 4073 apud
2083 3998 2335 4057 Iudaeos
2377 3994 2574 4073 potius
2593 3998 2772 4072 quam
2796 3999 2952 4073 apud
2976 3995 3340 4057 Christianos

1852 4091 1884 4153 5
1894 4092 1927 4153 5
3007 4077 3338 4137 Ecclesiam
