3923 4875
620 261 737 336 388
1459 273 1563 315 nn
1622 271 2050 316 rotaria:
2113 270 2374 316 uosrs
2431 270 2726 316 ossen.

618 453 763 498 num
828 453 959 496 esse
1006 437 1045 494 a
1096 434 1383 513 religione
1434 437 1491 496 δι
1544 433 1661 495 fide
1702 453 1837 494 eum
1880 445 2198 514 putauer03
2239 431 2341 512 qui
2379 433 2968 512 pseudoprophetam
3011 431 3340 513 eiusmodi,
3385 451 3563 494 reum

618 515 937 594 impietatis
976 515 1169 595 istius,
1210 525 1405 576 morte
1450 513 1859 576 mulctandum
1898 513 2224 593 negauerit.

697 596 816 656 Sed
874 595 1113 675 grauior
1166 597 1382 657 eodem
1431 595 1493 655 in
1532 597 1673 656 loco
1712 598 1750 654 a
1788 597 1959 656 Mose
2001 593 2274 673 quaestio
2315 593 2552 655 videtur
2595 590 2840 670 subiici,
2880 595 3016 654 cum
3058 592 3136 654 de
3175 594 3559 656 clandestino

615 677 932 739 seductore
988 679 1044 738 δι
1103 676 1181 737 de
1239 675 1481 754 publica
1538 673 1873 736 defectione
1930 692 2038 736 seu
2093 675 2389 754 apostasia
2421 673 2686 752 loquitur
2725 673 2945 734 eodem
2988 674 3226 752 Capite,
3265 676 3322 735 ὅτ
3361 675 3560 752 (quod

619 757 857 837 grauius
916 761 1029 837 est)
1086 757 1225 816 cum
1286 755 1363 818 de
1419 754 1667 818 homine
1726 756 2059 834 transfuga,
2110 754 2215 833 qui
2267 759 2306 816 a
2345 773 2490 816 vero
2529 757 2664 815 Deo
2703 754 2784 815 ad
2823 755 2998 814 Idola
3037 771 3166 814 sese
3205 755 3528 816 contulerit
3545 801 3565 834 ,

618 835 885 915 capitalis
926 855 1166 914 quoque
1204 839 1389 896 fertur
1426 834 1717 898 sententia
1759 837 1937 896 Deut.
1989 851 2079 910 17.
2121 837 2294 911 Quae
2331 833 2444 895 tria
2487 837 2757 912 exempla
2797 836 2934 894 cum
2975 834 3055 894 ad
3089 832 3344 894 eandem
3381 834 3562 896 ratio-

618 937 756 978 nem
817 917 1153 978 communis
1212 915 1351 976 iuris
1392 914 1721 994 pertineant
1735 960 1753 994 ,
1802 915 2064 992 primum
2105 915 2317 976 ordine
2359 931 2764 994 proponemus
2779 959 2798 991 ‚
2837 913 3057 974 deinde
3099 919 3242 976 vero
3285 932 3562 975 commu·

618 997 771 1058 niter
815 996 1109 1057 rationem
1148 995 1470 1058 sententiae
1508 995 1661 1057 illius
1699 995 2149 1074 explicabimus.
2189 996 2285 1055 De
2313 995 2544 1074 priuata
2564 993 2738 1073 igitur
2767 993 3182 1055 sollicitatione
3215 995 3295 1054 ad
3313 1006 3560 1072 aposta-

625 1077 774 1138 siam
818 1079 945 1138 Lex
985 1076 1173 1138 Mosis
1192 1075 1279 1136 sic
1299 1077 1509 1137 habet:
1551 1077 1733 1138 Deut.
1761 1095 1852 1153 13.
1874 1079 1930 1136 6.
1953 1079 2068 1137 διε.
2109 1074 2172 1136 Si
2191 1077 2347 1136 clam
2367 1087 2426 1136 te
2446 1075 2650 1136 incitet
2671 1076 2850 1136 frater
2869 1086 3037 1154 tuus,
3056 1085 3157 1136 aut
3177 1075 3330 1136 filius
3349 1075 3556 1137 matris

619 1170 793 1234 tuae,
832 1167 935 1218 aut
974 1158 1125 1217 filius
1164 1167 1301 1217 tuus
1320 1201 1338 1234 ,
1374 1165 1478 1216 aut
1516 1157 1637 1218 filia
1675 1165 1805 1236 tua,
1846 1165 1949 1216 aut
1989 1175 2138 1217 vxor
2177 1155 2338 1217 sinus
2379 1155 2494 1234 tui,
2533 1167 2634 1216 aut
2671 1153 2902 1216 amicus
2943 1166 3103 1232 tum,
3145 1153 3248 1232 qui
3288 1167 3378 1216 est
3399 1155 3556 1216 sicut

620 1237 844 1315 tuipse,
900 1235 1195 1298 dicendo:
1245 1239 1469 1297 Eamus
1526 1240 1583 1298 &
1634 1238 1901 1298 colamus
1938 1239 2105 1298 Deos
2140 1235 2395 1307 alienos,
2439 1253 2592 1313 quos
2630 1253 2757 1296 non
2797 1234 3018 1296 nouisti
3055 1246 3122 1296 tu
3157 1246 3262 1296 aut
3301 1236 3558 1296 maiores

618 1316 702 1378 tui
718 1363 735 1393 ,
796 1321 829 1377 e
890 1315 1003 1381 diis
1036 1319 1397 1396 populorum
1438 1315 1541 1394 qui
1580 1327 1716 1378 sunt
1756 1315 1917 1376 circa
1954 1335 2094 1396 vos,
2134 1315 2610 1395 propinquorum
2650 1314 2758 1376 tibi
2798 1325 2904 1376 aut
2941 1315 3406 1394 longinquorum
3445 1317 3558 1376 abs

616 1408 674 1457 te
690 1443 709 1476 ‚
767 1399 844 1458 ab
906 1417 1025 1457 vna
1084 1395 1453 1458 extremitate
1508 1407 1699 1458 terrae
1740 1413 1927 1474 vsque
1967 1396 2047 1457 ad
2087 1395 2516 1459 extremitatem
2557 1398 2801 1456 alteram
2843 1394 3028 1456 illius:
3074 1415 3150 1456 ne
3191 1393 3562 1472 acquiescite

618 1479 704 1552 ei,
743 1495 939 1554 neque
978 1478 1308 1538 auscultato
1351 1475 1405 1536 ei
1425 1521 1442 1552 .,
1482 1493 1679 1556 neque
1718 1476 1947 1554 parcito
1989 1479 2202 1537 oculus
2245 1487 2380 1537 tuus
2419 1476 2502 1553 ei,
2545 1493 2742 1553 neque
2783 1473 3100 1536 clementia
3131 1475 3311 1536 vtitor
3325 1521 3342 1552 ,
3361 1493 3560 1554 neque

620 1560 815 1618 celato
858 1575 1023 1618 eum:
1065 1558 1172 1618 sed
1211 1557 1459 1617 omnino
1499 1555 1763 1618 occidito
1804 1557 2000 1617 illum:
2045 1575 2254 1618 manus
2293 1565 2396 1617 tua
2433 1555 2692 1634 primum
2711 1565 2840 1618 esto
2861 1565 3072 1616 contra
3090 1555 3258 1616 illum
3279 1566 3346 1616 vt
3365 1567 3562 1618 morte

618 1637 843 1698 afficias
904 1637 1101 1714 illum,
1162 1640 1375 1715 postea
1436 1642 1576 1698 vero
1636 1653 1845 1698 manus
1904 1637 2086 1699 totius
2145 1635 2380 1716 populi,
2433 1647 2498 1698 vt
2547 1636 2770 1697 obruas
2825 1654 2964 1696 eum
3005 1635 3305 1714 lapidibus
3346 1635 3548 1696 donec

620 1717 931 1778 moriatur:
973 1716 1113 1795 quia
1154 1716 1445 1794 quaesiuit
1484 1727 1543 1777 te
1585 1717 1885 1794 depellere
1924 1720 1963 1776 a
2003 1719 2226 1778 Iehoua
2268 1720 2404 1778 Deo
2443 1729 2548 1778 tuo
2565 1762 2583 1793 ,
2629 1717 2732 1794 qui
2765 1716 2968 1777 eduxit
2990 1726 3048 1777 te
3069 1716 3103 1776 ὃ
3125 1727 3282 1777 terra
3301 1715 3560 1794 AEgypti

622 1803 656 1859 ὲ
699 1799 886 1857 domo
928 1815 1263 1874 seruorum,
1304 1799 1415 1858 ὅτε.
1459 1799 1555 1858 De
1596 1798 1832 1876 publica
1874 1797 2210 1858 desectione
2249 1796 2474 1859 ibidem
2514 1795 2600 1857 sic
2637 1797 2939 1876 praecepit
2977 1797 3214 1857 Moses:
3253 1797 3436 1856 Deut.
3463 1815 3556 1872 13.

630 1897 722 1938 12.
764 1879 875 1937 ὅτε.
937 1877 1001 1937 Si
1041 1876 1339 1938 audiueris
1380 1877 1458 1937 de
1500 1876 1696 1955 aliqua
1736 1876 2041 1938 ciuitatum
2079 1889 2346 1955 tuarum,
2387 1895 2533 1955 quas
2576 1879 2803 1938 Iehoua
2840 1879 3004 1938 Deus
3037 1888 3174 1937 tuus
3217 1877 3320 1936 dat
3348 1874 3456 1936 tibi
3474 1877 3560 1936 ad

622 1957 1045 2032 habitandum,
1085 1955 1205 2017 illic
1226 2001 1244 2036 ,
1286 1957 1584 2018 dicentes:
1626 1957 1863 2037 Egressi
1902 1957 2180 2019 homines
2212 1955 2556 2035 nequissimi
2589 1957 2668 2018 de
2687 1957 2892 2018 medio
2910 1957 2996 2017 tui
3015 1957 3372 2035 depulerunt
3391 1955 3554 2017 habi-

623 2048 845 2097 tatores
885 2036 1142 2097 ciuitatis
1180 2055 1353 2115 suae,
1394 2037 1653 2098 dicendo
1670 2084 1687 2115 ,
1727 2041 1951 2098 Eamus
1992 2041 2049 2099 δι
2089 2041 2357 2098 colamus
2396 2039 2562 2098 Deos
2600 2037 2826 2098 alienos
2865 2053 3018 2114 quos
3057 2055 3182 2098 non
3223 2035 3558 2096 noueratis:

624 2117 727 2178 vbi
770 2116 1139 2193 inquisiueris
1190 2119 1247 2178 δι
1285 2117 1733 2196 peruestigaris,
1777 2129 2195 2198 percunctatus
2235 2117 2412 2178 fueris
2453 2120 2638 2178 bene:
2681 2117 2732 2178 si
2771 2135 2916 2178 ecce
2953 2135 3096 2177 vera
3127 2124 3408 2193 certaque
3435 2119 3560 2177 fue-

626 2201 689 2275 (s.
744 2197 999 2278 1529)rit
1043 2217 1136 2257 res
1176 2197 1301 2270 illa,
1347 2196 1395 2258 si
1435 2197 1755 2259 commissa
1794 2198 1970 2258 fuerit
2009 2197 2379 2260 abominatio
2419 2196 2532 2258 ista
2550 2197 2610 2256 in
2633 2197 2834 2258 medio
2857 2196 2973 2274 tui,
2994 2196 3243 2258 omnino
3265 2197 3559 2274 percutito

620 2278 990 2338 habitatores
1030 2276 1282 2338 ciuitatis
1322 2275 1475 2338 illius
1513 2277 1639 2338 acie
1680 2278 1888 2358 gladii:
1928 2279 2320 2340 internecioni
2361 2279 2661 2338 deuoueto
2701 2297 2868 2356 eam,
2907 2281 2964 2338 δι
3005 2295 3216 2338 omnes
3255 2276 3358 2354 qui
3387 2287 3560 2336 erunt

624 2357 684 2417 in
746 2377 819 2418 ea
834 2401 852 2437 ,
912 2357 1295 2435 iumentaque
1354 2357 1478 2418 eius
1530 2358 1658 2418 acie
1709 2359 1887 2436 gladij
1906 2403 1923 2437 .,
1963 2361 2074 2419 &c.
2137 2361 2450 2420 Postremo
2491 2358 2568 2418 de
2607 2357 2944 2436 particulari
2983 2357 3319 2418 defectione
3357 2359 3456 2416 lex
3494 2355 3556 2416 in

624 2440 785 2499 hunc
847 2437 1094 2499 modum
1156 2441 1275 2499 lata
1335 2450 1455 2500 est:
1520 2441 1697 2500 Deut.
1770 2458 1861 2515 17.
1922 2460 1978 2499 2.
2023 2441 2138 2501 ὅτε.
2199 2440 2260 2499 Si
2300 2436 2634 2500 inueniatur
2674 2437 2732 2498 in
2779 2437 2978 2499 medio
3017 2437 3138 2515 tui,
3183 2436 3242 2497 in
3285 2435 3479 2514 aliqua
3519 2441 3555 2497 e

622 2521 807 2597 portis
842 2518 957 2578 tuis
997 2536 1145 2596 quas
1181 2520 1409 2579 Iehoua
1447 2521 1613 2579 Deus
1654 2529 1789 2581 tuus
1828 2520 1933 2581 dat
1972 2520 2110 2593 tibi,
2146 2522 2296 2580 vllus
2331 2521 2525 2579 vllave
2545 2518 2650 2597 qui
2669 2518 2876 2579 fecerit
2897 2521 3064 2597 quod
3085 2520 3308 2579 malum
3327 2516 3560 2577 videtur

626 2600 687 2658 in
727 2599 915 2659 oculis
954 2600 1213 2660 Iehouae
1254 2598 1366 2659 Dei
1408 2598 1494 2659 tui
1532 2599 2022 2677 uansgrediendo
2064 2600 2234 2661 fedus
2275 2599 2427 2668 eius,
2467 2602 2522 2659 &
2563 2599 2768 2661 abiens
2810 2598 3058 2661 coluerit
3099 2600 3265 2659 Deos
3298 2597 3556 2676 alienos,

624 2678 994 2739 incuruando
1036 2698 1099 2740 se
1139 2680 1367 2739 habens
1404 2679 1698 2740 honorem
1730 2680 1876 2759 inis,
1918 2690 2020 2740 aut
2063 2680 2216 2753 Soli,
2254 2690 2357 2740 aut
2395 2682 2634 2758 Lunae,
2665 2690 2768 2741 aut
2789 2678 2888 2739 vlli
2907 2678 3200 2739 exercitus
3219 2680 3556 2755 caelorum,

620 2760 785 2836 quod
828 2778 949 2819 non
992 2758 1295 2837 praecepi3
1336 2759 1863 2839 renunciatumque
1904 2759 2077 2821 fuerit
2116 2760 2222 2821 tibi
2263 2771 2442 2837 atque
2475 2759 2800 2821 audiueris:
2823 2776 2960 2819 cum
2981 2757 3352 2836 inquisiueris
3369 2759 3554 2834 bene,

622 2839 671 2900 si
734 2858 879 2899 ecce
940 2858 1079 2899 vera
1138 2847 1421 2916 certaque
1482 2858 1575 2899 res
1636 2840 1738 2901 illa
1788 2839 1929 2921 erit,
1971 2840 2020 2901 si
2061 2838 2383 2901 commissa
2422 2838 2600 2901 fuerit
2639 2839 3008 2902 abominatio
3051 2840 3163 2899 ista
3201 2838 3262 2899 in
3304 2838 3554 2915 Israele3

623 2919 870 2979 omnino
928 2919 1225 2998 produces
1283 2918 1475 2979 virum
1530 2918 1697 2980 illum
1750 2930 1851 2981 aut
1894 2921 2203 2981 mulierem
2245 2921 2402 2981 illam
2421 2966 2440 2998 .‚
2479 2918 2582 2999 qui
2623 2919 3028 2983 commiserint
3063 2938 3190 2979 rem
3235 2917 3554 2997 pessimam

620 3001 802 3077 hanc,
846 3000 923 3059 ad
963 3009 1167 3077 portas
1208 3011 1366 3072 tuas,
1404 2998 1623 3079 virum,
1665 3000 1943 3079 inquam,
1983 3000 2150 3061 illum
2189 3012 2291 3060 aut
2329 3000 2636 3061 mulierem
2675 3000 2868 3079 illamt,
2909 3010 2974 3060 vt
3014 2999 3234 3062 obruas
3273 3017 3378 3059 eos
3409 2997 3554 3076 lapi-

620 3078 826 3154 dibus,
869 3100 941 3141 ac
986 3079 1330 3139 moriantur.
1384 3083 1454 3140 In
1496 3079 1588 3140 his
1628 3080 1813 3141 tribus
1852 3080 2084 3159 legibus
2123 3082 2316 3160 agitur
2354 3081 2432 3142 de
2471 3080 2890 3142 seducentibus
2929 3082 2986 3139 δι
3025 3078 3286 3141 seductis
3304 3077 3556 3157 pariter,

620 3162 675 3220 δι
716 3158 947 3237 vtrique
984 3160 1276 3219 sententia
1316 3160 1431 3220 Dei
1473 3160 1681 3221 vltimo
1722 3162 2018 3239 supplicio
2057 3161 2437 3222 addicuntur.

702 3242 795 3299 Ac
838 3241 913 3300 de
955 3239 1491 3317 pseudoprophetis
1532 3240 1777 3317 quidem
1824 3242 2246 3303 seducentibus
2283 3244 2478 3320 palam
2497 3288 2512 3317 ,
2557 3252 2756 3301 actum
2796 3250 2884 3301 est
2918 3240 2975 3300 in
2995 3258 3071 3299 eo
3095 3240 3368 3317 exemplo
3388 3238 3556 3315 quod

622 3323 759 3379 ante
801 3320 1240 3397 praemisimus:
1283 3320 1389 3380 sed
1434 3320 1509 3380 de
1550 3338 1625 3380 eo
1666 3320 1771 3397 qui
1811 3322 1871 3382 in
1913 3322 2270 3400 apostasiam
2311 3320 2558 3397 impellit
2597 3322 2968 3397 clanculum,
3004 3318 3266 3381 seuerius
3303 3320 3554 3379 sortasse

621 3399 905 3460 iudicium
946 3399 1061 3459 Dei
1106 3398 1321 3460 mitiori
1361 3400 1535 3459 alicui
1574 3400 1904 3480 videbitur,
1939 3400 2225 3463 ambienti
2258 3400 2496 3460 laudem
2535 3398 3148 3477 existimationemque
3185 3397 3556 3460 clementiae.

623 3482 1051 3540 Verumtamen
1094 3478 1144 3541 si
1186 3479 1317 3557 quis
1361 3480 1420 3538 in
1456 3482 1576 3541 hoc
1616 3484 1891 3559 exemplo
1931 3482 2188 3574 primum
2231 3479 2472 3557 quidem
2515 3481 2736 3541 factum
2776 3479 3003 3559 ipsum,
3043 3479 3262 3540 deinde
3281 3482 3424 3539 vero
3445 3478 3556 3539 cir-

624 3560 1004 3621 cumstantias
1064 3579 1273 3620 omnes
1334 3563 1611 3621 accurate
1662 3560 2006 3641 inspexer1t3
2045 3560 2562 3621 animaduersurus
2602 3571 2691 3621 est
2728 3571 2960 3639 partem
3001 3559 3142 3620 iuris
3181 3558 3550 3627 communiS,

623 3648 973 3719 partemque
1033 3640 1174 3701 iuris
1224 3640 1533 3720 singularis
1586 3642 1646 3701 in
1688 3642 1802 3701 hac
1844 3645 1976 3721 lege
2017 3640 2206 3702 Mosis
2243 3640 2509 3701 existere.
2552 3642 2700 3701 Iuris
2741 3639 3076 3702 communis
3117 3652 3206 3701 est
3243 3649 3552 3699 auctorem

620 3720 951 3799 apostasiae
1008 3740 1133 3781 non
1186 3740 1317 3782 esse
1368 3720 1761 3800 audiendum,
1815 3742 1927 3782 nec
1968 3721 2053 3782 illi
2093 3720 2448 3800 parendum,
2491 3740 2605 3781 nec
2643 3721 2988 3801 celandum3
3029 3720 3136 3781 sed
3173 3718 3555 3780 afficiendum

620 3800 775 3862 iusto
816 3800 1144 3879 supplicio:
1186 3802 1287 3879 qui
1326 3801 1568 3879 quidem
1610 3802 1803 3863 sciens
1844 3803 2104 3879 prudens
2149 3801 2420 3862 vniuerse
2461 3804 2596 3862 Deo
2629 3804 2685 3863 δι
2725 3804 2954 3879 populo
3003 3799 3128 3861 eius
3168 3798 3555 3876 renuncianS,

621 3884 676 3943 δι
731 3881 810 3942 ad
859 3883 1085 3941 cultum
1127 3882 1488 3943 daemonum
1533 3880 1957 3960 transfugienS,
1999 3881 2148 3941 alios
2179 3880 2240 3941 in
2277 3882 2434 3942 idem
2477 3898 2663 3959 genus
2704 3881 2964 3943 criminis
3003 3879 3425 3941 sollicitauerit.
3483 3882 3556 3939 In

620 3964 779 4021 facto
823 3962 999 4040 igitur
1043 3968 1411 4041 caeterisque
1452 3962 1905 4023 circumstantiis
1945 3960 2348 4023 clandestinus
2389 3960 2498 4021 iste
2517 3972 2726 4022 auctor
2744 3961 3077 4053 apostasiae
3097 3960 3308 4021 eadem
3329 3958 3560 4021 ratione

618 4052 736 4122 est,
777 4060 897 4119 qua
934 4040 1035 4101 ille
1075 4042 1377 4121 publicus,
1421 4043 1499 4102 de
1540 4060 1662 4120 quo
1704 4046 1839 4102 ante
1868 4044 2066 4103 Moses
2090 4052 2499 4118 praeceperat:
2522 4045 2750 4101 tantum
2774 4060 2834 4101 m
2855 4042 3079 4103 ratione
3097 4040 3216 4103 loci
3237 4039 3554 4101 discrimen

620 4132 744 4200 est,
795 4124 962 4199 quod
1008 4121 1105 4182 ille
1144 4123 1415 4201 publice3
1458 4120 1555 4182 hic
1598 4125 1753 4182 clam
1794 4122 2028 4183 animos
2066 4122 2126 4182 in
2169 4120 2524 4201 apostasiam
2558 4131 2748 4182 tentat
2787 4121 3129 4199 perducere.
3191 4122 3364 4181 Haec
3405 4123 3550 4180 vero

624 4201 1065 4263 circumstantia
1104 4222 1227 4264 non
1270 4201 1477 4262 minuit
1516 4203 1864 4279 grauitatem
1906 4202 2074 4280 facti,
2117 4202 2224 4263 sed
2265 4204 2611 4279 plerumque
2655 4201 3003 4281 amplificat,
3045 4205 3101 4262 &
3139 4202 3201 4262 in
3239 4202 3355 4260 hac
3373 4216 3551 4260 causa

627 4286 789 4344 certe
831 4283 1080 4344 omnino
1120 4282 1276 4343 facit.
1319 4284 1473 4342 Nam
1517 4284 1619 4359 qui
1656 4282 1715 4341 in
1758 4283 2064 4360 publicum
2101 4281 2302 4361 prodit
2341 4285 2460 4343 hoc
2483 4282 2766 4360 consilio,
2787 4283 3138 4361 plerumque
3156 4300 3268 4342 nec
3289 4280 3372 4341 ita
3391 4290 3548 4340 vete-

3387 4372 3548 4420 rator
