3923 4875
597 323 712 388 218
1543 334 1870 383 ‘tusses
1931 334 2581 386 rntozocrcsr..

593 502 768 580 toris,
831 503 939 561 Isa
1005 521 1061 578 9.
1107 519 1166 572 4.
1205 497 1310 558 sed
1351 498 1745 575 Euangelicae
1783 498 2179 576 gratitudinis,
2222 512 2345 560 tum
2384 511 2629 578 propter
2670 501 3013 562 mandatum
3056 501 3113 560 81
3154 504 3519 563 voluntatem

591 584 704 645 Dei
741 583 1008 655 debitae
1056 601 1104 640 1.
1155 581 1294 640 The.
1339 601 1396 654 4.
1435 600 1493 656 3.
1533 581 1707 640 loan.
1757 596 1844 656 15.
1895 599 1987 638 12.
2024 590 2150 640 turn
2192 591 2419 640 ratione
2435 597 2697 656 ipsorum
2718 594 3051 642 renatorum
3072 582 3175 658 qui
3194 583 3329 642 ideo
3354 601 3515 642 mun-

591 665 806 723 dantur
865 673 928 722 vt
985 660 1102 720 sint
1161 662 1416 738 populus
1475 661 1726 735 ζηλώτης
1781 662 2078 718 bonorum
2118 677 2398 751 operum,
2448 662 3057 738 Tit.2.14.quibus
3098 661 3439 740 imaginaria
3474 669 3513 723 a

591 763 732 802 vera
767 743 888 802 fide
929 741 1304 814 discernitur
1347 741 1448 819 qui
1491 740 1651 800 enim
1691 757 1813 800 non
1855 737 2043 816 diligit
2084 753 2285 799 manet
2323 740 2383 798 in
2428 750 2617 801 morte
2666 761 2715 800 1.
2756 743 2927 802 [σου.
2950 762 3007 818 3.
3028 745 3085 802 6.
3116 753 3242 802 tum
3264 742 3519 820 denique

591 822 820 883 ratione
879 821 1162 899 proximi
1209 831 1268 881 vt
1306 820 1574 880 videntes
1617 820 1778 880 bona
1817 836 2005 896 opera
2042 817 2371 896 glorificent
2410 821 2625 880 Deum.
2668 824 2825 880 Mat.
2872 837 2925 898 5.
2975 824 3065 882 16.
3120 823 3301 882 Extra
3342 824 3521 884 hosce

591 901 876 963 terminos
915 903 964 962 si
1003 903 1378 980 protrahatur
1415 898 1734 960 necessitas
1751 916 2033 977 operum,
2064 898 2181 956 fit
2166 919 2282 958 iarn
2304 899 2797 960 conscientiarum
2820 919 3145 979 venenum,
3176 905 3231 962 81
3251 904 3515 962 lethifera

593 980 1231 1154 v0'1t5Ant1j1'iiiiii18tliuius
1283 1059 1554 1136 beneficii
1605 1069 1868 1119 remotus
1923 1060 1981 1117 δι
2028 1057 2363 1136 principalis
2404 1059 2601 1120 Deum
2640 1059 2957 1138 respiciens
2996 1072 3083 1120 est
3124 1061 3519 1122 manifestatio

592 1143 815 1234 gloriae
869 1139 1085 1218 ipsius,
1138 1138 1226 1200 sic
1267 1140 1424 1200 enim
1464 1142 1678 1230 Apost.
1721 1139 1878 1230 Eph.
1927 1157 1979 1198 1.
2023 1154 2075 1214 5.
2116 1138 2193 1198 ad
2236 1138 2471 1199 laudem
2512 1140 2735 1233 gloriae
2773 1141 2997 1233 gratiae
3034 1159 3205 1216 suae,
3246 1159 3365 1217 qua
3406 1161 3521 1202 nos

589 1221 959 1315 gratificauit.
1016 1221 1351 1296 ProximuS,
1402 1221 1458 1279 δι
1508 1220 1610 1297 qui
1659 1216 1894 1294 respicit
1933 1219 2309 1296 credentem,
2350 1230 2441 1279 est
2478 1220 2775 1298 possessio
2816 1223 2970 1280 vitae
3010 1233 3313 1297 aeternae,
3352 1221 3521 1283 cuius

593 1301 876 1380 primitias
936 1301 1222 1362 cordibus
1281 1299 1616 1378 obsignari,
1675 1299 1896 1388 Ephes.
1961 1317 2053 1370 14.
2104 1299 2273 1358 firma
2326 1300 2543 1360 fiducia
2582 1319 2687 1378 per
2726 1300 3005 1378 Spiritum
3046 1303 3105 1362 S.
3146 1301 3207 1361 in
3246 1303 3359 1361 hac
3400 1302 3523 1362 vita

591 1393 860 1460 oportet,
921 1391 986 1442 vt
1049 1381 1108 1441 in
1171 1383 1368 1441 sutura
1427 1381 1607 1440 finem
1663 1377 1800 1438 fidei
1839 1387 2171 1454 reportent
2212 1381 2459 1440 salutem
2500 1381 2860 1458 animarum,
2909 1400 2957 1440 1.
3000 1383 3117 1443 Pet.
3170 1402 3221 1440 1.
3262 1402 3319 1458 9.
3360 1381 3523 1442 iuxta

589 1473 858 1522 catenam
900 1462 1213 1539 Apostoli,
1255 1463 1426 1521 Rom.
1473 1465 1530 1520 8.
1574 1479 1668 1536 30.
1711 1475 1864 1536 quos
1905 1457 2239 1520 iustificauit
2278 1477 2383 1520 eos
2424 1459 2793 1536 glorificauit.

1847 1653 1902 1713 C
1894 1655 2263 1713 orollartum.

751 1831 976 1902 Ἐποχή
1027 1827 1468 1886 Pontificiorum
1511 1835 1599 1884 est
1637 1823 1965 1883 animarum
2006 1823 2357 1884 carnificina.

691 2265 971 2323 XXXVI.
1056 2265 1188 2322 DE
1245 2264 2159 2326 IVSTIFICATIONE
2220 2267 2685 2326 HOMINIS
2746 2266 3119 2326 CORAM
3177 2265 3407 2326 DEO.

693 2458 912 2538 Quum
959 2460 1146 2526 Deus
1193 2462 1290 2525 sit
1329 2463 1624 2545 perfecte
1672 2464 1927 2539 iustus,
1969 2466 2037 2529 ἃ
2075 2486 2297 2529 omnes
2336 2464 2634 2529 homines
2658 2464 2802 2529 sint
2822 2464 3088 2527 omnino
3108 2474 3517 2546 peccatores,

589 2556 872 2615 istorum
917 2554 1210 2617 alterum
1261 2556 1710 2617 necessarium
1757 2564 1890 2619 est:
1939 2566 2063 2619 aut
2108 2566 2185 2621 vt
2226 2556 2415 2621 Deus
2456 2556 2767 2622 iustitiae
2804 2576 2959 2619 suae
2994 2554 3373 2631 renunciet,
3398 2565 3523 2617 ant

591 2642 890 2707 homines
937 2645 1054 2709 vel
1086 2654 1370 2727 pereant
1413 2645 1561 2708 sine
1611 2646 2011 2710 discrimine
2028 2696 2044 2722 ‚
2098 2649 2215 2711 vel
2254 2648 2715 2731 satisfaciant.
2778 2646 3197 2729 Satisjacere
3240 2667 3342 2711 eos
3386 2666 3515 2709 non

580 2744 782 2815 posse
799 2784 814 2810 ‚
867 2756 955 2798 ex
1001 2736 1144 2818 lege
1189 2745 1450 2799 constat
1467 2784 1483 2812 ,
1533 2757 1744 2817 quare
1785 2737 1882 2800 ad
1909 2738 2379 2823 fideiussorem
2404 2760 2591 2820 quem
2619 2738 2688 2801 E
2690 2739 3079 2821 nangelium
3115 2738 3311 2821 offert
3328 2785 3342 2812 ,
3372 2758 3517 2799 con-

577 2826 990 2908 fugiendum
1010 2876 1024 2903 ,
1073 2849 1158 2889 cx
1203 2848 1331 2908 quo
1377 2848 1540 2890 vera
1577 2827 1724 2913 fide
1770 2829 2187 2911 apprehenso
2228 2831 2501 2894 iustitia
2526 2840 2753 2893 nostra
2787 2850 3009 2893 coram
3042 2828 3185 2893 Deo
3210 2828 3519 2891 resultat.

603 2914 788 2993 Quae
834 2920 980 2981 cnm
1027 2918 1124 2981 sit
1166 2918 1354 2982 velut
1397 2918 1672 2983 nucleus
1718 2918 2101 3005 Euangelij
2141 2923 2209 2986 ἃ
2256 2922 2733 2985 consolationis
2772 2932 3037 2985 nostrae
3060 2928 3292 3001 capnt,
3330 2924 3515 2981 tanto

593 3008 996 3091 diligentius
1056 3010 1526 3092 perpendenda
1543 3059 1559 3086 ,
1632 3014 1701 3077 ἃ
1729 3086 1742 3101 .
1757 3014 1801 3074 ὰ
1869 3012 2131 3076 ὐσείὂτιε
2200 3012 2298 3075 ad
2352 3034 2461 3076 res
2539 3012 2978 3077 descendendo
2996 3061 3010 3088 ,
3068 3008 3518 3073 examinanda

591 3100 783 3163 nobis
830 3100 983 3163 erit.

1847 3292 2174 3351 Tussis
2235 3291 2281 3350 Ι.

672 3469 1087 3545 ΙνετιπιεΑιιε,
1151 3467 1200 3527 si
1243 3468 1408 3527 vocis
1455 3466 1956 3560 compositionem
2010 3478 2271 3545 spectes»,
2306 3466 2465 3528 idem
2508 3477 2598 3527 est
2637 3467 2801 3543 quod
2838 3468 3049 3525 iustum
3076 3466 3324 3543 facere,
3372 3464 3522 3525 sicut

591 3548 888 3609 viuificare
931 3546 1128 3607 viuum
1173 3550 1405 3625 facere,
1443 3552 1498 3609 δι
1543 3547 1773 3608 similia.
1816 3549 2030 3607 Vtrum
2076 3552 2217 3609 vero
2257 3550 2317 3608 in
2362 3550 2475 3607 hac
2508 3546 2935 3625 significatione
2956 3546 3271 3623 reperiatur
3287 3564 3397 3604 nec
3417 3562 3523 3619 ne,

591 3627 701 3687 etsi
745 3646 952 3704 parum
994 3640 1195 3688 nostra
1239 3630 1520 3705 interest,
1563 3640 1758 3687 tamen
1801 3646 1938 3688 cum
1984 3627 2045 3687 id
2084 3627 2195 3705 ipsi
2235 3620 2549 3704 aduersarij
2592 3638 2841 3705 negent,
2882 3626 3205 3704 accipimus
3236 3626 3523 3703 (s.1691).

679 3728 731 3767 2.
823 3711 890 3768 In
949 3708 1132 3769 sacris
1193 3714 1352 3768 certe
1409 3708 1626 3786 literis,
1686 3708 1788 3767 vbi
1828 3709 2011 3779 rati0,
2045 3708 2163 3785 qua
2205 3710 2391 3768 bomo
2432 3726 2635 3769 coram
2676 3707 2790 3767 Dei
2828 3707 3051 3767 iudicio
3084 3706 3426 3779 subsistere,
3468 3708 3523 3765 &

597 3792 846 3848 salutem
933 3788 1220 3865 consequi
1291 3788 1477 3867 possit
1537 3787 1898 3864 ostenditur,
1955 3805 2261 3865 nunquam
2324 3808 2397 3849 eo
2458 3804 2631 3849 sensu
2692 3799 3019 3865 vsurpatur.
3097 3787 3307 3863 Neque
3366 3783 3525 3845 enim

597 3868 766 3928 aliter
807 3870 1060 3929 verbum
1103 3870 1315 3929 tsadak
1354 3870 1518 3947 quod
1561 3866 1856 3928 Hebraeis
1897 3866 2210 3928 iustificare
2244 3878 2363 3945 est,
2416 3870 2471 3927 δι
2512 3868 2677 3946 quod
2719 3869 2905 3927 verbo
2958 3868 3245 3927 Ros-chau
3277 3864 3527 3943 opponi·

597 3958 693 4007 tur
712 3948 1183 4027 ,accipiendum
1228 3968 1356 4009 esse
1391 3966 1572 4025 quam
1617 3966 1726 4024 pro
1763 3966 1836 4008 eo
1879 3949 2043 4024 quod
2086 3952 2231 4007 iuste
2242 3970 2297 4006 m
2340 3968 2601 4025 censere,
2644 3950 2683 4005 ὰ
2710 3957 2919 4037 poena
2950 3948 3282 4016 absoluere,
3330 3946 3407 4004 ἂν·
3444 3948 3529 4003 in-

619 4038 904 4089 nocentem
947 4032 1284 4103 declarare,
1332 4028 1654 4088 innumeris
1691 4032 1882 4106 prope
1925 4028 2027 4087 SS.
2070 4028 2419 4089 testimoniis
2456 4040 2527 4087 cx
2570 4033 2644 4090 V.
2686 4030 2759 4087 T.
2802 4025 3022 4104 petitis,
3044 4026 3283 4103 probari
3302 4035 3529 4102 potest

620 4109 956 4185 eodemque
1015 4125 1189 4169 sensu
1247 4111 1324 4169 N.
1373 4110 1448 4167 Τ.
1509 4106 1827 4185 scriptores
1885 4126 2039 4167 voce
2102 4110 2334 4169 Graeca
2394 4111 2690 4202 ansatos-v,
2730 4124 2945 4184 nempe
2992 4107 3317 4167 secundum
3362 4122 3529 4164 vsum

612 4187 854 4279 linguae
899 4200 1172 4264 sanctae,
1217 4188 1274 4247 in
1322 4206 1438 4265 qua
1482 4188 1745 4266 plerique
1787 4189 1937 4248 nati.
1984 4188 2219 4249 educati
2260 4188 2592 4249 &instituti
2634 4198 2799 4265 sunt,
2838 4204 2975 4245 vsos
3015 4200 3171 4255 esse,
3192 4186 3531 4263 praesertim

609 4266 666 4327 in
711 4268 831 4329 hoc
873 4267 1115 4347 negotio
1157 4286 1278 4328 non
1321 4281 1410 4327 est
1452 4269 1720 4328 dubium.

689 4368 753 4425 3.
849 4350 1124 4424 Quorum
1165 4348 1384 4409 iudicio
1427 4350 1482 4408 δι
1524 4346 1861 4408 authoritati
1901 4348 2219 4426 plurimum
2260 4348 2610 4427 tribuenteS,
2651 4358 2861 4408 contra
2899 4364 3109 4407 omnes
3164 4343 3533 4483 aduersas-ties

3186 4436 3435 4485 constan
3461 4441 3527 4483 er
