3923 4875
566 314 642 371 60
1531 330 1632 370 Dii:
1693 330 1914 370 VERA
1978 328 2506 371 THEOLOGIA.

565 490 897 568 statuimuS,
955 508 1025 549 ac
1067 488 1581 565 simplicissimum.
1621 509 1694 550 ex
1734 506 1855 566 quo
1895 490 2155 567 sequitur
2193 491 2350 549 hanc
2390 486 2785 563 Theologiam
2826 505 2951 547 esse
2988 488 3189 547 lumen
3232 486 3487 547 intellec-

569 573 757 649 tuale,
819 589 1195 647 permanens,
1254 572 1312 630 &
1369 570 1698 647 perfectum
1713 615 1732 647 ,
1791 589 1898 647 per
1956 568 2205 629 modum
2266 568 2442 629 infusi
2498 565 2735 627 habitus
2788 564 3287 628 communicatum
3304 612 3320 644 ,
3366 585 3488 644 quo

567 650 789 711 lumine
828 652 1110 711 caelestes
1149 648 1281 710 illae
1323 660 1625 710 creaturae
1669 649 1871 710 vident
1911 660 2241 711 creatorem
2286 665 2457 709 suum
2473 694 2491 729 ,
2534 645 2704 708 sicuti
2745 656 2834 707 est
2847 692 2866 727 ,
2906 645 3153 707 Visione
3188 664 3327 707 cum
3346 646 3489 725 ipsis

571 729 1005 791 communicata
1041 730 1118 789 de
1161 728 1379 789 Christi
1419 728 1813 807 plenitudine,
1857 747 2039 807 quam
2080 728 2473 806 praecedente
2510 725 2704 804 capite
2743 724 3005 787 breuiter
3022 725 3488 804 perstrinximus,

571 810 696 870 Etsi
735 812 895 869 nulla
936 808 1161 870 ratione
1198 811 1348 870 haec
1386 808 1719 887 Theologia
1760 828 1898 869 cum
1943 810 2335 870 antecedente
2370 818 2567 886 potest
2597 806 2960 885 comparari:
2991 804 3132 884 quia
3158 806 3490 885 Theologia

572 889 792 950 Christi
850 899 941 951 est
999 890 1234 951 habitus
1295 889 1700 949 intellectualis
1762 889 1999 949 luminis
2040 908 2389 965 permanens
2429 891 2486 949 81
2526 888 2817 965 perfectus
2856 890 2895 946 a
2934 906 2997 947 se
3038 888 3093 945 &
3136 885 3197 945 in
3240 906 3304 947 se
3318 932 3336 965 ,
3377 904 3494 965 qua

573 982 661 1031 est
717 988 970 1049 persona
1009 969 1132 1030 eius
1172 973 1577 1047 θεάνθρωπος,
1617 968 1880 1031 subsistit
1929 968 1991 1029 in
2034 969 2133 1028 illa
2172 971 2494 1045 archetypa
2530 966 2847 1043 diuinaque
2884 965 3244 1045 Theologia,
3285 976 3487 1044 estque

571 1050 878 1127 plenitudo
937 1048 1251 1110 habitualis
1310 1049 1385 1108 de
1450 1048 1814 1125 plenitudine
1874 1048 1976 1109 illa
2014 1048 2241 1109 infinita
2282 1050 2337 1108 δι
2379 1046 2698 1109 essentialis
2738 1046 3014 1124 DeitatiS,
3056 1064 3210 1124 quae
3250 1066 3489 1107 carnem

572 1128 884 1207 assumpsit
922 1128 982 1187 in
1023 1130 1301 1190 vnitatem
1344 1146 1654 1206 personae.
1705 1132 1881 1190 Haec
1919 1139 2119 1189 autem
2158 1128 2491 1206 Theologia
2532 1126 2643 1187 etsi
2679 1125 2915 1187 habitus
2956 1135 3045 1187 est
3080 1126 3489 1188 intellectualis

571 1208 810 1271 luminis
849 1229 1232 1287 permanens,
1277 1212 1330 1269 &
1372 1225 1480 1268 suo
1521 1210 1705 1269 modo
1746 1211 2073 1288 perfectus;
2117 1219 2315 1269 tamen
2354 1228 2468 1269 nec
2506 1219 2845 1286 permanet,
2883 1226 2996 1267 nec
3032 1208 3331 1285 perfectus
3367 1218 3486 1283 est,

575 1309 649 1348 ac
689 1309 765 1349 ne
808 1300 1004 1349 ortum
1047 1290 1290 1366 quidem
1329 1289 1510 1348 habet
1549 1292 1586 1349 a
1628 1310 1690 1351 se
1731 1290 1889 1368 ipsa3
1930 1291 2037 1349 sed
2076 1286 2433 1366 principium
2476 1303 2639 1350 ortus
2676 1291 2731 1347 δι
2770 1297 3015 1347 naturae
3052 1285 3234 1347 totius
3272 1304 3415 1347 suae
3452 1290 3489 1347 a

577 1370 814 1430 Christo
855 1370 1036 1429 habet
1075 1372 1385 1429 Seruatore
1425 1380 1662 1429 nostro:
1705 1389 1818 1430 nec
1858 1369 2095 1431 aliunde
2110 1416 2127 1445 ,
2166 1386 2345 1446 quam
2386 1368 2444 1429 vi
2475 1366 2693 1428 Christi
2712 1366 3040 1427 Seruatoris
3057 1366 3243 1427 nostri
3259 1412 3277 1445 ,
3308 1368 3491 1427 habet

575 1450 664 1510 sui
703 1450 1237 1509 conseruationem.
1280 1450 1464 1524 Quod
1504 1460 1702 1509 autem
1745 1448 2010 1511 subiecta
2047 1450 2167 1510 duo
2209 1448 2577 1527 Theologiae
2615 1446 2787 1507 huius
2805 1446 3246 1526 praedicantur,
3275 1449 3496 1523 Angeli

576 1534 630 1590 δι
691 1530 947 1605 Spiritus
1005 1532 1306 1589 Iustorum
1322 1574 1338 1605 ,
1399 1527 1461 1588 id
1527 1530 1878 1590 sententiam
1938 1540 2203 1590 nostram
2254 1532 2569 1589 confirmat
2607 1526 3134 1589 vehementissime.
3173 1546 3312 1587 nam
3352 1546 3487 1603 neq.

577 1608 818 1686 Angelis
881 1628 986 1669 sua
1045 1619 1132 1669 est
1193 1608 1254 1668 in
1312 1610 1486 1669 coelo
1539 1609 1898 1687 Theologia,
1935 1628 2133 1686 neque
2173 1608 2499 1686 spriritibus
2537 1606 2639 1686 qui
2679 1625 2817 1667 cum
2855 1605 3099 1685 Angelis
3136 1606 3197 1667 in
3236 1606 3486 1685 gloriam

576 1688 796 1765 recepti
836 1700 1002 1767 sunt;
1043 1688 1155 1749 nisi
1194 1690 1520 1749 secundum
1560 1688 1726 1749 illum
1768 1689 2322 1749 communicationis
2357 1688 2635 1764 modum,
2674 1703 2855 1765 quem
2884 1689 3061 1765 paulo
3082 1690 3219 1747 ante
3240 1686 3487 1747 circum-

578 1768 930 1845 scripsimuS.
993 1770 1050 1826 N
1052 1788 1122 1828 ec
1162 1770 1360 1827 obstat
1375 1814 1390 1845 ,
1433 1770 1598 1845 quod
1637 1770 1731 1829 An
1737 1769 1852 1847 geli
1891 1768 2156 1847 simplice
2198 1768 2422 1830 visione
2458 1770 2661 1828 lumen
2700 1768 2847 1827 illud
2889 1766 3156 1827 diuinum
3194 1766 3489 1845 assequuti

578 1858 738 1923 sunt,
800 1846 1071 1907 homines
1132 1851 1273 1907 vero
1324 1848 1491 1924 quasi
1531 1868 1638 1925 per
1676 1853 1958 1928 ambages
2000 1854 2055 1910 δι
2094 1852 2390 1910 anfractus
2427 1850 2645 1908 multos
2687 1846 3142 1925 principiorum,
3181 1846 3487 1907 ratiocina-

577 1926 837 2001 tionum,
898 1926 1347 1988 conclusionum
1365 1974 1381 2002 ,
1442 1929 1497 1987 δι
1559 1928 1836 1991 scientiae
1894 1929 2257 2009 multipliciS,
2298 1929 2539 1989 tandem
2579 1932 2653 1988 eo
2695 1926 2964 2005 prouecti
3002 1938 3155 1987 sunt.
3214 1928 3287 1987 Id
3327 1927 3485 1986 enim

577 2006 724 2066 nihil
749 2006 828 2065 ad
859 2007 942 2067 rei
977 2006 1370 2067 differentiam
1403 2008 1684 2087 pertinet,
1726 2010 1866 2087 quia
1895 2009 1958 2070 in
1988 2010 2247 2088 vtrisque
2274 2009 2509 2069 habitus
2544 2017 2632 2068 est
2662 2006 3067 2067 intellectualis
3099 2026 3451 2085 permanens
3466 2054 3483 2085 ,

579 2090 634 2147 δι
675 2104 781 2146 suo
825 2088 1008 2147 modo
1051 2088 1371 2166 perfectus,
1411 2087 1630 2166 gratiae
1671 2094 1726 2150 &
1765 2088 1990 2168 gloriae
2028 2087 2569 2151 communicatione
2608 2089 2765 2148 facta
2783 2108 2821 2147 a
2839 2086 3126 2147 Domino,
3165 2089 3307 2147 Non
3328 2086 3486 2147 enim

576 2165 673 2226 hic
732 2166 808 2226 de
857 2167 1042 2227 modo
1084 2167 1168 2227 rei
1206 2167 1586 2245 imperfectae
1627 2173 1681 2230 &
1723 2169 2136 2231 contendentis
2175 2169 2252 2230 ad
2293 2168 2718 2247 perfectionem
2758 2166 2987 2246 agimus
3028 2169 3171 2243 (hoc
3211 2167 3369 2228 enim
3409 2167 3486 2228 de

577 2246 806 2307 ratione
865 2258 952 2307 est
999 2247 1366 2327 Theologiae
1404 2247 1468 2307 in
1508 2250 1777 2310 subiecto
1820 2250 2261 2329 consideratae,
2301 2250 2377 2311 de
2419 2267 2539 2327 qua
2579 2266 2687 2309 suo
2730 2246 2939 2308 ordine
2980 2246 3192 2307 dicturi
3232 2264 3431 2308 sumus
3442 2252 3484 2328 3)

573 2327 680 2387 sed
721 2328 797 2387 de
837 2327 1180 2389 conditione
1218 2330 1480 2405 perfecta
1519 2328 1671 2389 eius:
1713 2330 2221 2407 quemadmodum
2262 2332 2584 2408 perfectam
2626 2346 2752 2389 esse
2785 2329 3151 2388 demonstrat
3168 2326 3289 2388 loci
3308 2325 3488 2405 ipsius

573 2406 1036 2469 circumstantia:
1079 2407 1562 2487 quandoquidem
1599 2427 1754 2489 quae
1792 2410 1854 2471 in
1896 2412 2070 2472 coelo
2110 2421 2273 2488 sunt,
2316 2431 2387 2472 ea
2421 2410 2847 2489 perfectionem
2886 2424 2995 2469 suo
3038 2407 3223 2469 modo
3259 2408 3488 2487 singula

574 2487 868 2567 obtinent,
909 2499 1160 2565 suntque
1201 2491 1278 2549 ab
1319 2488 1484 2550 omni
1525 2490 1971 2568 imperfectione
2009 2489 2393 2551 alienissima:
2438 2492 2819 2568 Quapropter
2857 2487 3035 2550 etiam
3066 2490 3390 2566 Apostolus
3409 2489 3486 2549 ad

573 2570 885 2630 Hebraeos
926 2569 1162 2645 spiritus
1201 2569 1489 2630 iustorum
1529 2574 1988 2647 τετολειομᾶνων
2026 2570 2374 2650 appellauit,
2415 2570 2478 2632 id
2522 2580 2642 2649 est,
2679 2579 3192 2649 consecratorum,
3214 2579 3278 2630 vt
3304 2570 3484 2646 vulgo

574 2648 910 2726 exponitur,
971 2649 1096 2709 siue
1155 2651 1344 2725 (quod
1403 2651 1650 2710 fortasse
1699 2649 1885 2727 magis
1927 2651 2302 2728 conuenerit)
2342 2651 2419 2712 ad
2458 2649 2883 2734 perfectionem
2924 2659 3268 2709 enectorum
3309 2651 3485 2709 bene·

575 2727 710 2787 sicio
753 2727 883 2788 Dei.
945 2731 1209 2788 Hebrae.
1256 2750 1363 2788 12:
1413 2750 1504 2806 23.
1568 2730 1641 2788 Id
1680 2729 1838 2789 enim
1880 2731 2114 2791 Graeca
2154 2751 2304 2792 voce
2344 2731 2664 2792 commode
2704 2728 3092 2808 significatum
3135 2739 3240 2789 est.
3302 2728 3486 2804 Quod

575 2811 714 2866 vero
775 2809 930 2867 hanc
990 2809 1381 2886 Theologiam
1436 2809 1496 2868 in
1536 2810 1708 2870 coelo
1749 2810 2023 2889 demum,
2064 2831 2135 2870 ac
2176 2831 2298 2872 non
2337 2811 2399 2872 in
2439 2810 2607 2871 terris
2648 2830 2775 2870 esse
2816 2809 3155 2886 statuimuS,
3196 2808 3257 2868 id
3300 2809 3485 2887 digni-

575 2897 753 2945 tatem
811 2887 965 2947 illius
1026 2887 1250 2966 optime
1309 2889 1691 2949 demonstrat.
1753 2893 1861 2950 Est
1913 2889 2072 2950 enim
2113 2887 2348 2952 coelum
2390 2889 2757 2952 domicilium
2796 2888 2911 2948 Dei
2951 2888 3131 2966 patris
3171 2888 3388 2967 nostri,
3429 2891 3485 2948 δι

575 2965 856 3025 Filiorum
907 2967 1030 3028 eius
1077 2968 1421 3029 haereditas,
1482 2967 1796 3046 Tantisper
1842 2970 1987 3030 dum
2038 2971 2137 3030 hic
2188 2989 2418 3050 sumus,
2468 2975 2505 3030 a
2554 2980 2720 3048 patre
2758 2972 3039 3031 absumus
3056 3014 3073 3045 ,
3116 2967 3239 3028 siue
3281 2971 3367 3045 (vt
3407 2969 3488 3028 ait

576 3047 814 3116 Paulus)
876 3051 1120 3124 peregre
1160 3051 1441 3109 absumus
1480 3052 1518 3108 a
1556 3048 1854 3126 Domin03
1895 3069 2001 3126 per
2042 3051 2250 3130 fidem,
2292 3071 2417 3111 non
2454 3071 2562 3129 per
2600 3051 2951 3128 adspectum
2991 3049 3391 3127 ambulamuS,
3431 3049 3487 3108 &

574 3124 656 3214 ad
691 3126 891 3183 locum
930 3127 1304 3188 haereditatis
1344 3139 1581 3188 nostrae
1623 3128 2054 3191 contendimus,
2096 3151 2127 3190 2
2160 3132 2420 3190 Corinth.
2448 3147 2513 3208 5:
2556 3133 2611 3205 6,
2639 3148 2692 3205 7.
2733 3133 2817 3189 Vt
2842 3127 3017 3206 igitur
3035 3130 3213 3205 longe
3233 3139 3489 3206 praestat

577 3203 727 3262 illius
770 3205 1063 3279 conditiO,
1113 3207 1215 3282 qui
1255 3209 1415 3284 apud
1458 3218 1686 3284 patrem
1726 3207 1786 3267 in
1827 3209 2053 3270 deliciis
2096 3221 2186 3271 est
2224 3214 2279 3271 &
2321 3209 2636 3288 perfruitur
2676 3207 2980 3270 domicilio
3022 3228 3095 3268 ac
3132 3207 3491 3268 haereditate

575 3299 710 3359 sua,
753 3283 808 3340 δι
834 3283 1113 3373 ‘cognitio
1155 3285 1418 3346 eiusdem
1459 3287 1679 3365 maior,
1720 3305 1898 3365 quam
1940 3287 2066 3349 eius
2108 3289 2209 3367 qui
2248 3289 2591 3369 longissime
2609 3291 2805 3364 abest,
2840 3291 2896 3346 δι
2917 3289 3046 3348 sola
3066 3286 3488 3366 imaginatione

573 3371 673 3450 aut
713 3372 1072 3438 cogitatione
1113 3365 1292 3424 animi
1331 3368 1514 3426 ferme
1555 3385 1649 3426 res
1689 3365 1817 3426 illas
1858 3369 2339 3446 comprehendit:
2381 3371 2471 3430 Ita
2511 3371 2573 3430 in
2613 3368 2827 3429 diuinis
2867 3367 2979 3428 illis
3020 3368 3196 3428 rebus
3239 3370 3295 3427 &
3325 3367 3486 3444 spiri—

577 3440 820 3514 talibu8,
874 3443 1204 3531 Theologia
1253 3461 1405 3520 quae
1458 3444 1518 3503 in
1573 3447 1745 3505 coelo
1794 3457 1913 3525 est,
1951 3448 2091 3507 huic
2133 3449 2499 3527 Theologiae
2539 3466 2691 3526 quae
2728 3448 2790 3508 in
2830 3445 3030 3527 terriS,
3070 3448 3488 3524 anteponenda

576 3528 678 3577 est.
743 3521 926 3594 Quod
987 3541 1036 3579 si
1094 3521 1225 3598 quis
1275 3523 1624 3600 ampliorem
1675 3524 1847 3586 huius
1899 3527 2265 3605 Tmologiae
2318 3528 2721 3590 definitionem
2774 3527 2999 3606 cupiat,
3038 3543 3200 3586 nunc
3240 3529 3483 3588 alteram

576 3613 812 3675 quoque
852 3601 1178 3660 secundum
1219 3619 1426 3662 causas
1465 3603 1800 3665 adferemus
1839 3604 1900 3665 in
1919 3607 2081 3666 hunc
2104 3609 2382 3669 modum:
2427 3611 2747 3684 Theologia
2766 3609 3063 3668 beatorum
3084 3609 3207 3666 siue
3226 3609 3483 3686 excelsa,

576 3685 662 3766 «ες-τί
707 3678 1004 3754 Sapientia
1050 3699 1250 3740 rerum
1307 3685 1642 3741 diuinarum
1691 3685 1752 3742 in
1803 3687 2015 3762 spiritu
2068 3687 2194 3746 Dei
2227 3691 2638 3748 communicata
2678 3708 2751 3747 ex
2788 3689 3046 3746 demenso
3090 3687 3318 3746 Christi
3352 3708 3480 3747 cum

577 3775 648 3812 us
707 3761 812 3832 qui
865 3761 930 3845 in·
987 3763 1138 3818 coelo
1197 3764 1438 3836 degunt,
1479 3763 1782 3822 secundam
1821 3785 1997 3840 quam
2036 3769 2252 3827 visione
2288 3769 2413 3827 Dei
2447 3776 2689 3829 aeterna
2702 3814 2719 3841 ,
2750 3769 3054 3845 gratiosa,
3096 3768 3173 3826 ἓν
3204 3769 3477 3842 gloriosa

573 3836 970 3925 perfruuntur
1029 3841 1116 3897 ad
1141 3842 1411 3930 ‘gloriam
1451 3842 1628 3900 illius.
1689 3841 1812 3902 Hic
1851 3861 2057 3905 causas
2099 3864 2306 3906 omnes
2345 3848 2423 3907 ad
2458 3847 2631 3908 huius
2667 3845 3035 3924 Theologiae
3076 3845 3480 3908 definitionem

579 3923 932 4005 pertinentes
990 3918 1246 3979 breuiter
1304 3919 1730 3988 coniunximus.
1793 3926 1884 3982 Ac
1942 3922 2054 3984 tria
2094 3925 2334 4000 quidem
2373 3925 2482 3987 ista
2520 3937 2656 3988 sunt
2693 3925 3033 3987 communia
3070 3943 3208 3986 cum
3248 3937 3478 3988 antece-

579 3987 753 4050 dente
791 3995 892 4085 llla
934 3995 1148 4056 Christi
1186 3999 1547 4080 Theologia3
1588 4001 1752 4076 quod
1788 4003 1938 4062 haec
1979 4002 2305 4080 Sapientia,
2346 4007 2511 4082 quod
2554 4026 2752 4066 rerum
2794 4008 3163 4084 diuinarum,
3207 4009 3263 4066 &
3312 4009 3477 4083 quod

579 4083 988 4159 commu-meam
1036 4086 1150 4164 est:
1205 4091 1383 4154 prout
1420 4079 1689 4140 vniuerse
1730 4081 1921 4158 capite
1959 4081 2167 4156 quinto
2208 4083 2531 4145 statuimus.
2592 4084 2711 4145 Sed
2748 4084 2863 4144 alia
2902 4084 3102 4145 omnia
3142 4087 3480 4146 modificata

579 4158 877 4239 angustius
906 4162 1267 4215 constituunt
1298 4158 1556 4236 speeiem
1589 4156 1759 4220 huius
1793 4161 2177 4236 Theologiae.
2218 4165 2373 4222 Nam
2404 4163 2755 4224 efficientem
2788 4179 3028 4224 causam
3064 4184 3188 4225 nori
3224 4168 3479 4227 obscure

578 4236 1017 4319 annotauimus9
1078 4229 1337 4319 dicentes
1395 4237 1835 4297 Communicari
1893 4239 2050 4296 lianc
2108 4243 2165 4298 in
2226 4243 2452 4316 Spiritu
2492 4245 2643 4322 Dei,
2700 4242 2759 4302 id
2814 4253 2932 4318 est,
2976 4243 3190 4304 virtute
3230 4244 3475 4322 Spiritus

579 4315 826 4384 aeterni,
861 4311 1178 4384 spiritualia
1211 4314 1369 4374 dona
1399 4332 1537 4374 cum
1568 4317 1769 4376 electis
1800 4316 2301 4379 communicante:
2339 4321 2393 4378 δε
2427 4321 2597 4381 huius
2631 4319 2935 4382 efficientis
2969 4338 3181 4383 causae
3200 4325 3476 4386 effectum

2906 4400 3441 4465 manifestissimum
3458 4451 3476 4486 ,
