3923 4875
1408 319 1511 364 nr.
1573 319 1790 364 vana
1848 320 2382 368 τεηοιοσιΑ.
3289 305 3362 364 81

441 481 656 544 adferri
714 479 927 558 possit,
992 481 1162 556 quod
1226 498 1347 539 non
1411 491 1656 556 vtraque
1709 481 1821 540 hac
1862 482 1994 560 lege
2033 483 2337 543 communi
2375 493 2662 544 teneatur.
2703 481 2820 542 Sed
2861 492 3061 543 tamen
3104 482 3212 543 etsi
3251 484 3366 544 hae

443 563 597 622 duae
654 563 815 639 leges
873 559 937 620 in
995 559 1275 620 omnibus
1328 569 1465 618 sunt
1516 571 1837 638 perpetuae
1850 605 1869 639 ,
1928 565 1984 621 81
2023 562 2102 621 ad
2140 563 2344 623 omnia
2382 571 2670 640 perpetuo
2710 561 3119 622 adhibendae:
3170 573 3369 622 tamen

444 642 679 701 diuersa
716 640 945 700 ratione
984 649 1297 716 vtrumque
1336 639 1566 700 dicitur.
1603 659 1742 700 nam
1781 638 1831 700 si
1870 640 2014 717 quid
2039 659 2169 701 esse
2209 642 2489 712 dicimuS,
2508 641 2571 700 id
2589 641 2650 700 in
2671 659 2736 700 re
2756 644 3257 721 contemplamur,
3278 642 3368 701 sin

446 732 647 782 autem
686 737 897 780 verum
936 738 1063 779 esse
1103 719 1545 797 praedicamus,
1587 721 2061 798 contemplamur
2096 721 2160 780 id
2199 721 2366 798 quod
2405 730 2494 781 est
2529 720 2592 780 in
2629 721 2930 780 intellectu
2967 731 3195 782 nostro,
3267 723 3374 782 Est

446 801 621 878 igitur
660 799 875 860 veritas
914 808 1043 858 tum
1082 815 1289 858 eorum
1332 816 1485 875 quae
1524 810 1695 878 sunt,
1734 809 1862 858 tum
1904 800 2080 860 etiam
2119 799 2423 878 signorum
2463 799 2677 876 quibus
2717 817 2790 860 ea
2830 817 2982 876 quae
3014 810 3149 860 sunt
3167 801 3373 860 dicun-

442 891 541 940 tur
578 898 742 942 esse:
785 879 909 939 siue
950 882 1039 954 (vt
1077 879 1313 939 breuius
1350 878 1618 938 dicamus
1633 924 1651 958 ,
1690 897 1765 938 ac
1803 880 1955 940 forte
1995 880 2322 941 euidentius
2333 883 2378 958 ,)
2415 879 2629 939 veritas
2669 891 2757 940 est
2793 898 2993 938 rerum
3007 925 3025 959 ,
3065 889 3166 939 aut
3197 881 3372 940 orati-

445 960 578 1020 onis
616 959 692 1019 de
732 960 909 1019 rebus
946 959 1311 1018 enunciatae.
1352 959 1573 1018 Earum
1613 963 1757 1020 vere
1798 977 1995 1019 rerum
2033 977 2187 1036 quae
2227 969 2392 1036 sunt,
2431 959 2651 1036 duplex
2691 969 2782 1019 est
2817 959 3004 1018 ratio:
3048 979 3186 1020 nam
3218 958 3367 1019 aliae

446 1040 507 1100 in
550 1057 612 1100 re
652 1050 819 1117 sunt,
860 1038 1011 1098 aliae
1048 1038 1111 1098 in
1149 1037 1469 1098 intellectu.
1507 1040 1577 1096 In
1617 1057 1681 1098 re
1722 1051 1860 1099 sunt
1899 1042 1971 1098 τά
2015 1042 2143 1102 καθ’
2175 1039 2386 1116 Ennea,
2429 1038 2494 1099 id
2514 1049 2620 1114 est,
2641 1037 2954 1116 singularia
2972 1043 3029 1099 δι
3046 1039 3370 1117 indiuidua,

444 1138 559 1197 pro
595 1129 660 1178 vt
700 1138 770 1179 ea
808 1128 945 1178 sunt
984 1135 1136 1194 quae
1175 1117 1574 1195 percipiuntur
1612 1135 1823 1178 sensu:
1863 1117 1925 1177 in
1965 1118 2268 1178 intellectu
2307 1122 2486 1194 vere,
2527 1128 2665 1177 sunt
2703 1120 2956 1192 formae,
2998 1121 3136 1178 curn
3167 1136 3369 1180 earum

445 1217 645 1258 rerum
683 1215 833 1276 quas
870 1197 1167 1276 sigillatim
1208 1214 1383 1256 sensu
1422 1197 1793 1275 percepimus
1810 1242 1829 1274 ,
1870 1207 2000 1256 tum
2038 1198 2284 1257 aliarum
2325 1198 2591 1258 omnium
2606 1243 2624 1270 ,
2667 1215 2814 1273 quas
2854 1198 2972 1258 alio
3012 1216 3372 1276 quocunque
3415 1216 3419 1219 ·

445 1279 652 1338 modo.
693 1281 787 1336 Ac
826 1277 1081 1354 proinde
1119 1277 1333 1336 veritas
1372 1293 1569 1336 rerum
1609 1279 1698 1354 (vt
1735 1286 2028 1338 vocantur
2066 1280 2272 1355 vulgo)
2311 1277 2793 1356 intelligibilium,
2835 1277 2959 1337 siue
2980 1296 3132 1354 quae
3152 1279 3373 1338 cadunt

444 1356 509 1417 in
568 1358 931 1417 intellectum
991 1368 1295 1434 nostrum,
1351 1357 1531 1434 longe
1593 1356 1827 1448 dignior
1887 1367 2067 1434 atque
2129 1356 2380 1433 amplior
2417 1367 2538 1434 est,
2599 1375 2777 1433 quarn
2818 1375 3018 1416 earum
3061 1376 3256 1418 rerum
3297 1358 3372 1417 sit

446 1437 692 1515 veritas,
733 1454 886 1514 quae
925 1435 985 1496 in
1025 1455 1089 1496 re
1128 1435 1529 1514 percipiuntur
1567 1437 1727 1496 foris.
1768 1437 1923 1496 Nam
1967 1438 2023 1496 δι
2059 1441 2134 1496 ee
2173 1437 2427 1514 amplior
2463 1445 2585 1515 est,
2625 1437 2792 1512 qued
2834 1437 3146 1514 singularia
3184 1441 3372 1514 aeque

450 1536 523 1578 ac
582 1516 923 1577 communia
980 1515 1043 1575 in
1100 1534 1165 1576 se
1224 1515 1670 1594 complectitur:
1730 1519 1787 1576 δι
1845 1520 1920 1576 ee
1960 1515 2195 1594 dignior
2237 1526 2354 1594 est,
2394 1534 2516 1594 quo
2557 1534 2652 1576 res
2691 1533 3038 1578 communes
3074 1517 3372 1594 digniores

456 1595 874 1674 singularibuS,
914 1598 971 1656 δι
1010 1596 1239 1655 formae
1273 1598 1311 1654 a
1348 1595 1591 1656 materia
1627 1597 1958 1656 abstractae
1997 1606 2176 1672 atque
2196 1595 2514 1673 deputatae
2533 1595 2831 1674 digniores
2852 1597 3164 1657 materiatis
3181 1599 3377 1675 rebuS,

450 1694 703 1754 quarum
754 1675 1058 1752 generatio
1117 1678 1174 1736 δι
1222 1674 1562 1736 constitutio
1601 1695 1675 1734 ex
1714 1675 2119 1736 differentibus
2157 1674 2455 1753 principiis
2492 1675 2645 1735 inter
2681 1694 2746 1736 se
2785 1677 3152 1754 composita,
3195 1676 3373 1736 mani-

452 1757 603 1816 feste
645 1757 893 1834 clamat,
930 1773 1056 1814 non
1096 1773 1223 1814 esse
1263 1773 1445 1832 penes
1484 1773 1583 1814 eas
1622 1774 1717 1814 res
1755 1755 1994 1833 proprie
2033 1757 2090 1814 &
2129 1774 2237 1832 per
2276 1774 2340 1815 se
2378 1755 2706 1815 veritatem.

530 1835 657 1895 Etsi
715 1845 914 1894 autem
974 1833 1058 1893 ita
1114 1853 1178 1894 se
1220 1835 1401 1894 habet
1438 1834 1681 1914 veritaS,
1731 1852 1885 1910 quae
1922 1835 2188 1894 humano
2225 1835 2529 1895 intellectu
2567 1835 2858 1913 prehendi
2895 1845 3093 1913 potest
3106 1880 3125 1913 ,
3173 1845 3370 1896 tamen

450 1914 789 1993 longissime
823 1931 1001 1992 supra
1041 1913 1347 1974 veritatem
1386 1914 1542 1973 hanc
1558 1957 1573 1988 ,
1614 1932 1801 1991 quam
1834 1913 2064 1974 omneis
2102 1923 2312 1974 natura
2349 1915 2558 1981 docet,
2599 1915 2826 1977 extollit
2866 1935 2994 1977 sese
3022 1916 3234 1976 veritas
3253 1915 3370 1993 illa,
3417 1965 3420 1968 .

326 2017 349 2039 ·
452 2012 633 2071 quam
670 1995 931 2053 diuinam
969 1995 1355 2072 appellamus
1392 1995 1551 2053 Nam
1588 1993 1863 2072 singulari
1900 1994 2015 2054 hac
2053 1995 2447 2070 appellatione
2479 1995 2784 2055 veritatem
2825 1997 3136 2056 formalem
3175 1997 3372 2055 Theo-

453 2074 646 2152 logiae
703 2073 1070 2134 vindicamus
1130 2073 1209 2150 ab
1269 2072 1435 2132 omni
1494 2073 1817 2134 mutatione
1877 2076 1934 2132 δι
1993 2073 2380 2134 mutabilitate
2439 2084 2683 2134 naturae
2698 2119 2716 2153 ,
2778 2078 2834 2136 δι
2885 2091 3064 2153 supra
3103 2085 3373 2136 naturam

452 2154 625 2214 huius
681 2153 1073 2213 vniuersitatis
1112 2157 1423 2228 rerumque
1463 2153 1731 2212 omnium
1747 2198 1764 2231 ,
1802 2171 1956 2229 quae
1995 2153 2056 2212 in
2097 2152 2469 2213 vniuersitate
2507 2163 2678 2232 sunt,
2719 2173 2850 2214 eam
2893 2155 3204 2215 efferimus.
3266 2157 3373 2214 Est

454 2231 608 2293 enim
668 2235 873 2292 diuma
931 2236 1183 2310 veritas,
1241 2250 1365 2291 non
1425 2251 1497 2292 ea
1554 2233 1748 2292 solum
1790 2249 1942 2309 quae
1984 2241 2180 2292 ortum
2219 2235 2257 2291 a
2295 2234 2431 2292 Deo
2472 2233 2729 2292 veritatis
2767 2235 2950 2294 habet
2989 2237 3153 2309 (nam
3193 2235 3370 2294 etiam

452 2313 663 2372 veritas
716 2322 959 2372 naturae
1010 2313 1455 2402 intellectusque
1494 2312 1769 2372 naturalis
1807 2315 1845 2371 a
1884 2313 2020 2371 Deo
2059 2322 2191 2372 orta
2227 2315 2339 2388 est)
2374 2311 2480 2371 sed
2519 2331 2591 2373 ea
2633 2313 2874 2373 demum
2914 2314 3129 2374 veritas
3171 2314 3372 2373 diuina

455 2410 563 2454 suo
605 2391 869 2470 quodam
885 2436 904 2471 ,
937 2390 1182 2470 proprio
1223 2411 1296 2451 ac
1332 2390 1611 2483 singulari
1649 2391 1773 2453 iure
1812 2395 1850 2451 a
1889 2392 2068 2453 nobis
2105 2393 2431 2470 appellatur
2446 2436 2464 2471 ,
2503 2409 2657 2469 quae
2697 2393 2888 2471 reipsa
2903 2437 2920 2469 ,
2939 2396 2996 2453 δι
3016 2393 3243 2455 ratione
3262 2393 3373 2469 sui,

457 2474 513 2533 δι
554 2472 749 2533 modis
788 2470 1094 2551 omnibus,
1132 2471 1193 2531 in
1230 2490 1296 2531 se
1334 2472 1390 2530 δι
1427 2491 1489 2532 m
1531 2472 1794 2549 partibus
1834 2473 1951 2532 suis
1992 2472 2287 2551 omnibuS,
2329 2472 2386 2531 &
2411 2472 2472 2531 in
2494 2472 2757 2549 qualibet
2775 2472 3153 2533 ordinatione
3170 2472 3371 2551 ipsius,

454 2552 653 2612 diuina
692 2561 799 2611 est.
860 2552 1016 2612 Cum
1053 2560 1253 2612 autem
1292 2550 1495 2611 diuina
1529 2552 1741 2613 veritas
1783 2552 2019 2613 duobus
2059 2552 2254 2613 modis
2293 2571 2357 2613 se
2394 2553 2648 2611 habeat:
2690 2552 2916 2612 infinite
2930 2596 2946 2626 ,
2987 2556 3106 2629 qua
3143 2554 3204 2613 in
3237 2556 3372 2613 Deo

456 2630 775 2691 essentialis
817 2643 904 2692 est
919 2676 938 2710 ,
977 2634 1033 2692 δι
1070 2631 1265 2709 finite,
1306 2634 1425 2707 qua
1463 2647 1603 2691 cum
1642 2632 1819 2691 rebus
1858 2630 2068 2691 creatis
2106 2635 2144 2691 a
2182 2633 2318 2692 Deo
2349 2631 2786 2692 communicata
2825 2642 2945 2710 est,
2983 2642 3300 2707 vtrumque
3336 2636 3376 2691 a

455 2711 631 2771 nobis
681 2710 1122 2789 diligentissime
1182 2708 1243 2770 in
1300 2710 1633 2788 Theologia
1666 2721 1876 2771 nostra
1915 2712 2184 2771 absolute
2223 2712 2382 2771 dicta
2419 2728 2572 2788 opus
2609 2721 2698 2772 est
2738 2712 3058 2772 obseruari.
3123 2713 3279 2770 Nam
3318 2713 3374 2771 &

454 2790 762 2851 veritatem
812 2791 1131 2863 infinitam,
1190 2800 1255 2849 vt
1312 2789 1700 2867 archetypum
1750 2789 2116 2851 immutabile
2131 2834 2150 2869 ,
2208 2792 2582 2868 formamque
2622 2790 2872 2868 primam
2907 2790 3166 2851 veritatis
3201 2791 3263 2849 in
3303 2809 3373 2850 ea

456 2868 937 2949 recognoscimus
952 2914 969 2945 ,
1008 2872 1066 2933 δι
1112 2870 1417 2931 veritatem
1458 2870 1983 2949 communicatam,
2021 2872 2183 2929 velut
2215 2872 2518 2949 speculum
2533 2914 2552 2947 ,
2584 2888 3038 2949 expressamque
3055 2869 3374 2947 imaginem

456 2950 607 3011 illius
666 2950 1021 3027 archetypae
1074 2950 1324 3010 colimus
1381 2948 1830 3026 religiosissime.
1890 2950 2270 3027 Quapropter
2318 2951 2382 3010 in
2421 2951 2787 3029 Theologiae
2825 2951 2996 3010 huius
3033 2948 3374 3010 definitione

455 3049 581 3090 non
620 3028 729 3090 fuit
769 3028 1109 3107 simpliciter
1145 3032 1182 3088 a
1218 3028 1393 3089 nobis
1432 3028 1657 3089 dictum
1698 3029 2090 3107 Theologiam
2128 3029 2476 3107 sapientiam
2514 3048 2642 3089 esse
2683 3047 2877 3091 rerum
2903 3030 3257 3107 diuinarum,
3276 3038 3377 3088 aut

457 3108 805 3187 sapientiam
863 3108 1097 3169 diuinae
1149 3108 1437 3187 veritatis3
1490 3110 1598 3168 sed
1635 3108 1998 3169 coniunctim
2036 3120 2350 3186 Vtrumque
2390 3108 2806 3187 expressimus,
2843 3110 2997 3169 hanc
3034 3111 3376 3189 sapientiam

456 3209 578 3249 esse
613 3208 815 3249 rerum
855 3192 1193 3248 diuinarum
1230 3190 1537 3247 secundem
1573 3190 1869 3249 veritatem
1912 3190 2172 3247 diuinam
2213 3190 2252 3246 ὰ
2291 3190 2427 3248 Deo
2465 3191 2849 3279 inspiratam,
2884 3190 3009 3249 &a
3050 3191 3188 3248 Hac
3221 3189 3376 3248 enim

458 3269 685 3329 ratione
726 3267 1076 3329 relationem
1116 3266 1433 3345 quamdam
1468 3268 1858 3329 necessariam
1898 3268 2288 3344 expressimus
2307 3312 2324 3347 ,
2366 3286 2518 3345 quae
2557 3278 2710 3328 mter
2726 3268 3030 3329 veritatem
3050 3286 3176 3329 sese
3193 3265 3379 3345 expri-

457 3360 717 3409 mentem
732 3392 750 3426 ,
790 3350 845 3409 &
886 3346 1191 3408 veritatem
1230 3365 1569 3425 expressam
1606 3345 1937 3409 intervenit.
1980 3346 2210 3407 Veritas
2239 3364 2368 3407 sese
2409 3345 2769 3427 exprimenS,
2790 3359 2880 3408 est
2915 3360 3242 3425 conceptus
3281 3348 3378 3407 ille

459 3430 771 3505 formaque
806 3426 1186 3487 immutabilis
1224 3426 1287 3487 in
1321 3427 1455 3487 Deo
1470 3472 1489 3505 ,
1528 3431 1708 3504 quam
1748 3426 1843 3505 pie
1881 3428 2224 3487 adoramus:
2265 3426 2499 3487 Veritas
2530 3437 2728 3489 autem
2760 3448 3032 3505 expressa
3053 3428 3198 3487 nihil
3218 3426 3377 3485 aliud

460 3516 580 3586 est,
628 3510 809 3585 quam
860 3508 1059 3585 imago
1098 3506 1391 3584 quaedam
1429 3509 1485 3565 δι
1522 3508 1828 3584 speculum
1866 3507 2091 3584 primae
2127 3506 2282 3567 illius
2325 3519 2503 3584 atque
2543 3518 2815 3567 aeternae
2853 3507 3110 3567 veritatis
3123 3552 3140 3585 ,
3181 3505 3346 3583 quod
3361 3550 3379 3582 ,

460 3588 632 3664 quale
646 3631 664 3664 ,
705 3599 991 3663 quantum
1006 3632 1025 3665 ,
1065 3604 1187 3664 quo
1228 3584 1483 3662 denique
1525 3587 1710 3647 modo
1750 3586 2124 3663 communi(f.
2173 3586 2526 3663 1406.)cauit
2566 3587 2880 3648 nobiscum
2918 3587 3113 3664 Deus,
3151 3587 3230 3644 ad
3268 3593 3378 3644 tes-

458 3666 795 3727 tificandam
836 3666 1076 3727 laudem
1112 3664 1334 3744 gratiae
1365 3666 1655 3743 gloriosae
1688 3683 1859 3744 suae,
1879 3669 1935 3725 δι
1956 3667 2372 3743 exponendam
2393 3668 2639 3727 salutem
2663 3677 2943 3727 nostram.
2979 3668 3148 3725 Haec
3166 3664 3380 3723 veritas

460 3746 782 3805 seeundum
822 3746 982 3806 illam
1014 3756 1130 3824 est,
1174 3746 1483 3823 perfectus
1505 3745 1663 3806 riuus
1703 3747 1779 3806 de
1818 3748 2084 3824 perfecto
2123 3748 2287 3805 fonte
2301 3790 2320 3824 ,
2358 3746 2772 3824 perfectusque
2805 3746 3000 3806 radius
3019 3746 3096 3805 de
3115 3744 3378 3822 perfecto

460 3827 587 3886 sole
628 3824 883 3886 veritatis
897 3870 915 3903 ,
954 3826 1217 3902 perfecta
1255 3825 1507 3901 denique
1554 3825 1750 3903 imago
1801 3844 2076 3902 expressa
2115 3825 2177 3884 in
2214 3827 2458 3904 speculo
2499 3826 2667 3886 verbi
2697 3824 2988 3897 veritatiS,
3011 3842 3163 3901 quae
3181 3824 3380 3901 imago

458 3905 739 3983 tantisper
772 3903 1056 3965 micatura
1091 3914 1179 3964 est
1192 3949 1211 3983 ,
1242 3904 1387 3963 dum
1428 3905 1866 3983 peruenerimus
1900 3924 2110 3965 omnes
2143 3906 2222 3964 ad
2246 3904 2593 3982 principium
2622 3904 2768 3965 illud
2795 3903 3054 3965 veritatis
3084 3905 3145 3965 in
3178 3903 3380 3963 coelis.

538 3984 721 4059 Quod
761 3994 961 4045 autem
998 3985 1075 4044 de
1116 3985 1344 4044 ratione
1382 3984 1639 4044 veritatis
1679 3984 1851 4044 huius
1891 3985 2263 4061 dicebamuS,
2303 4003 2434 4045 earn
2461 3984 2734 4045 bifariam
2765 3983 3127 4044 considerari
3143 3984 3204 4043 in
3225 3984 3383 4043 The·

459 4064 660 4142 ologia
712 4073 944 4142 nostra,
996 4064 1059 4124 id
1108 4083 1213 4142 per
1264 4083 1326 4123 se
1344 4124 1351 4129 ,
1367 4075 1454 4125 est
1494 4064 2050 4125 manifestissimum.
2102 4062 2338 4123 Etenim
2375 4064 2458 4123 ita
2497 4064 2825 4141 comparati
2861 4082 3062 4124 sumus
3100 4067 3138 4123 a
3177 4066 3384 4123 natura

456 4154 693 4222 nostra,
752 4154 849 4221 vt,
911 4162 1270 4221 quocunque
1326 4162 1389 4203 se
1442 4161 1613 4203 mens
1660 4156 1863 4204 nostra
1919 4148 1974 4205 δι
2025 4142 2305 4221 cogitatio
2346 4143 2672 4221 conuertit,
2714 4144 3015 4205 obiectum
3053 4144 3383 4203 intellectus

455 4224 679 4301 nostri,
724 4222 787 4283 id
837 4232 957 4303 est,
1006 4223 1313 4284 veritatem
1332 4267 1349 4301 ,
1398 4232 1500 4282 aut
1536 4224 1803 4284 vniuerse
1840 4222 1903 4283 in
1945 4235 2078 4283 toto
2121 4222 2322 4299 aliquo
2365 4224 2838 4301 contemplemur
2875 4224 3244 4303 simpliciter,
3285 4230 3386 4281 aut

460 4302 970 4381 comparationem
1030 4303 1201 4363 huius
1264 4302 1443 4363 totius
1493 4321 1630 4363 cum
1680 4304 1783 4364 illo
1834 4303 2222 4363 instituamus,
2276 4302 2805 4378 Quemadmodum
2844 4305 2894 4366 si
2932 4304 3063 4382 quis
3076 4350 3095 4385 ,
3133 4300 3386 4378 exempli

1907 4402 1974 4441 11
3173 4398 3384 4461 causa,
