3923 4875
601 341 716 398 2⁶12
1513 339 1838 382 ‘fassus
1898 337 2557 382 rntotoolcat.

599 499 1404 592 bibitmeumssnguinem,
1443 499 1910 576 inmemanet,
1951 499 2551 578 &egoineololc
2592 503 2651 559 6.
2696 505 2791 580 56.
2832 503 3521 580 Hunclocumoptime

599 581 854 658 explicat
891 581 1079 656 Beda,
1119 579 1178 640 in
1221 583 1278 640 6.
1319 600 1372 640 e.
1415 583 1622 640 Ioann.
1660 582 1768 638 lwc
1806 588 1894 640 est
1925 583 2283 639 manducare
2318 581 2557 657 (inquit)
2594 584 2759 642 illam
2790 602 3009 658 escam,
3041 583 3121 641 ὁ·
3134 583 3509 661 muupotun

603 663 794 720 bibere
843 665 906 720 in
951 663 1186 724 Christo
1225 679 1490 738 manere,
1533 662 1612 718 ἃ
1649 663 1814 718 illum
1853 663 1916 718 in
1955 680 2019 718 se
2054 669 2371 720 manentem
2408 663 2645 720 habere.
2674 682 2747 721 ac
2778 673 2901 742 per
2936 663 3045 720 hoc
3080 683 3197 720 non
3242 671 3437 722 manet
3458 666 3521 720 in

607 741 878 818 Christo,
917 743 996 800 ὁ·
1031 743 1094 800 in
1133 761 1248 818 quo
1287 761 1402 800 non
1439 749 1635 800 manet
1671 741 1983 806 Christus
2022 759 2123 800 nec
2162 742 2481 800 manducat
2512 745 2907 835 spiritualiter
2945 746 3067 800 eius
3100 762 3363 820 carnem,
3394 746 3527 801 licet

602 823 934 881 carnaliter
993 823 1070 880 ὁ·
1119 823 1422 883 visibiliter
1455 829 1692 897 premat
1723 821 1985 880 dentibus
2022 819 2463 880 Sacramentum
2504 824 2769 899 corporis
2808 825 2887 882 ὁ·
2920 824 3231 896 sanguinis
3274 789 3523 898 Citati,

607 903 716 960 sed
749 903 942 976 magis
979 910 1178 961 tantae
1216 903 1310 960 rei
1345 899 1786 960 Sacramentum
1826 904 1890 958 in
1935 902 2209 960 iudicium
2248 902 2365 960 sibi
2398 903 2717 962 manducat
2749 905 2829 963 &-
2864 905 3017 962 bibit

690 983 752 1042 8.
829 979 1116 1042 Consistit
1157 981 1372 1073 forma
1431 981 1492 1039 in
1551 978 1922 1040 ordinatione
1979 983 2035 1040 δι
2096 981 2381 1041 relatione
2432 983 2841 1058 symbolorum
2888 983 2969 1042 ad
3014 1001 3107 1040 res
3144 981 3521 1072 significatas:

609 1061 862 1139 proinde
913 1061 1054 1121 vnio
1109 1062 1206 1120 illa
1259 1059 1410 1139 signi
1467 1077 1605 1120 cum
1655 1060 1888 1138 signato
1943 1079 2067 1120 non
2106 1071 2195 1120 est
2234 1060 2510 1140 physica,
2552 1063 2791 1138 localis,
2830 1073 2933 1123 aut
2972 1060 3143 1120 vnius
3180 1063 3241 1120 in
3278 1065 3523 1122 alterum

609 1141 1208 1202 transsubstantiatio:
1249 1143 1356 1200 sed
1391 1141 1869 1216 Sacramentalis,
1909 1140 1971 1199 in
2011 1159 2131 1217 qua
2171 1140 2283 1200 tria
2330 1141 2765 1202 consideranda
2804 1155 2960 1203 sunt.
3012 1140 3314 1231 Primum,
3354 1141 3527 1232 signi-

613 1219 840 1292 ficatio,
901 1223 1260 1298 secundum,
1320 1220 1662 1312 obsignatio
1715 1221 1800 1280 rei
1857 1220 2151 1298 signatae,
2208 1221 2444 1282 tertium
2488 1221 2747 1297 denique
2784 1220 3089 1282 exhibitio.
3142 1221 3529 1300 Signifimfio,

609 1301 748 1379 quia
787 1320 882 1362 res
919 1300 1248 1393 spirituales
1287 1299 1842 1361 conuenientissima
1881 1301 2139 1378 quadam
2174 1301 2550 1361 similitudine
2582 1305 2639 1363 δι
2670 1303 2953 1382 ἀναλογία
2972 1302 3133 1360 velut
3150 1307 3529 1380 χοιριγογίᾳ

609 1381 800 1474 oculis
855 1381 1072 1442 nostris
1112 1380 1519 1442 subiiciuntur.
1579 1379 1960 1458 obsignatio,
2000 1381 2141 1457 quia
2178 1401 2255 1440 eo
2292 1381 2463 1460 signo
2501 1383 2669 1442 Deus
2712 1383 2873 1443 bona
2908 1402 2984 1442 ex
3003 1381 3259 1441 -Christo
3296 1385 3533 1440 fluentia

611 1459 672 1521 in
713 1459 890 1522 nobis
928 1459 1158 1539 plenius
1197 1463 1254 1520 δι
1293 1459 1588 1554 sigillatim
1629 1461 1920 1538 obsignat.
1959 1459 2167 1522 Tertio
2210 1461 2467 1538 denique
2480 1506 2499 1539 ,
2538 1461 2825 1522 exhibitio
2840 1507 2859 1538 ,
2898 1462 3039 1539 quia
3066 1460 3128 1522 id
3162 1462 3331 1537 quod
3360 1459 3531 1538 signi·

613 1543 818 1601 fleatur
857 1543 914 1601 ἃ
953 1541 1332 1620 obsignatur,
1373 1540 1436 1601 id
1475 1541 1656 1601 etiam
1699 1545 1836 1601 vere
1876 1541 2055 1602 nobis
2092 1541 2470 1603 credentibus
2508 1544 2850 1620 praebetur,
2890 1545 2947 1603 δι
2982 1541 3183 1618 datur,
3222 1544 3278 1600 δι
3301 1544 3341 1598 a
3358 1539 3531 1600 nobis

617 1620 751 1680 acci
793 1621 924 1682 itur

691 1720 750 1778 9.
753 1641 793 1699 p
831 1699 946 1760 His
999 1700 1231 1779 positis,
1285 1711 1402 1761 tres
1451 1699 1802 1792 praecipuos
1841 1699 2285 1762 Pontificiorum
2324 1721 2553 1762 errores
2566 1747 2585 1780 ,
2624 1701 2841 1780 quibus
2878 1719 3109 1762 summa
3146 1697 3431 1761 autoritas
3468 1697 3529 1757 in

611 1780 886 1842 Concilio
943 1781 1296 1841 Tridentino
1345 1780 1532 1840 indita
1589 1779 1726 1857 fuit,
1777 1780 2185 1842 refutabimus.
2242 1781 2472 1842 Primus
2522 1793 2643 1857 est,
2694 1781 2821 1841 fieri
2874 1778 3203 1841 mirabilem
3242 1781 3299 1838 δι
3340 1777 3531 1870 singu·

611 1863 796 1920 larem
846 1861 1304 1921 conuersionem
1355 1859 1536 1920 totius
1585 1860 1944 1921 substantiae
1998 1860 2167 1940 panis
2204 1859 2265 1920 in
2308 1879 2556 1940 corpus,
2596 1864 2653 1922 δι
2692 1861 2875 1922 totius
2912 1860 3271 1922 substantiae
3310 1859 3433 1918 vini
3470 1857 3530 1916 in

609 1940 988 2018 sanguinem,
1027 1940 1402 2002 manentibus
1445 1951 1642 2002 tamen
1683 1939 1995 2017 speciebus
2032 1941 2203 2018 panis
2240 1940 2297 2000 &
2338 1941 2491 2002 vini:
2531 1943 2747 2002 Verbis
2786 1941 3003 2002 Christi
3042 1943 3175 2018 (hoc
3206 1948 3297 1998 est
3322 1947 3531 2014 corpus

613 2022 823 2093 meum)
885 2022 1038 2080 male
1098 2033 1296 2080 tamen
1351 2020 1660 2080 intellectis
1674 2066 1692 2097 ,
1745 2031 2031 2097 tanquam
2090 2021 2479 2082 fundamento
2516 2021 2808 2096 nituntur,
2848 2039 2971 2098 quo
3008 2038 3217 2081 euerso
3256 2017 3533 2094 (adducta

613 2119 697 2160 sc.
760 2099 898 2160 vera
959 2099 1132 2161 huius
1183 2099 1300 2162 loci
1349 2101 1857 2178 interpretatione)
1897 2110 2137 2161 corruet
2172 2102 2229 2161 δι
2270 2100 2399 2192 ipsa
2438 2100 3029 2162 transsubstantiatiO.
3088 2099 3349 2160 Primum
3388 2117 3531 2175 ergo

613 2181 1029 2257 explicandum
1077 2192 1168 2241 est
1207 2181 1739 2241 demonstratiuum
1779 2182 1938 2240 Hoc.
1986 2180 2049 2240 id
2089 2184 2230 2241 vero
2272 2181 2397 2240 eius
2435 2192 2525 2241 est
2566 2193 2843 2259 naturae,
2884 2193 2949 2241 vt
2994 2199 3121 2240 rem
3162 2189 3529 2268 praesentem

617 2271 754 2320 actu
796 2259 1144 2351 existentem
1187 2263 1398 2320 referat
1438 2261 1494 2320 δι
1533 2261 1918 2321 demonstret.
1959 2263 2344 2321 Demonstrat
2380 2273 2579 2321 autem
2616 2275 2721 2322 aut
2758 2278 2977 2340 corpus
2996 2259 3245 2336 Christi,
3268 2271 3371 2320 aut
3386 2256 3533 2318 acci-

617 2339 820 2400 dentia
883 2339 1050 2416 panis
1106 2343 1163 2402 &
1215 2340 1370 2418 vini,
1425 2351 1525 2400 aut
1563 2340 1756 2418 ipsum
1795 2359 2013 2418 panem
2052 2357 2189 2400 cum
2232 2339 2351 2400 suis
2388 2341 2825 2403 accidentibus:
2868 2361 2993 2402 non
3032 2340 3205 2400 datur
3244 2349 3535 2416 quartum.

614 2419 676 2481 Si
717 2422 1080 2483 demonstrat
1119 2440 1338 2499 corpus
1377 2419 1624 2499 Christi,
1664 2423 1828 2499 Ergo
1867 2437 2087 2499 corpus
2127 2420 2345 2481 Christi
2382 2433 2473 2483 est
2511 2421 2572 2482 in
2612 2421 2935 2501 *iugoque-ia
2970 2429 3107 2481 ante
3146 2417 3534 2481 consecratio-

613 2519 748 2561 nem
765 2546 783 2577 ,
843 2503 1010 2593 quod
1073 2500 1156 2563 illi
1215 2514 1414 2562 tamen
1475 2512 1714 2579 negant.
1775 2504 1838 2561 Si
1895 2499 2261 2579 accidentia,
2316 2502 2479 2580 Ergo
2532 2520 2687 2579 quae
2723 2505 3001 2562 dicuntur
3038 2502 3116 2560 de
3156 2500 3444 2560 fractione
3482 2500 3537 2559 ἃ

613 2580 1028 2642 distributione
1089 2601 1240 2642 vana
1291 2592 1455 2658 sunt,
1505 2581 1642 2658 quia
1683 2581 2015 2642 accidentia
2054 2599 2179 2643 non
2219 2594 2467 2659 possunt
2508 2581 2701 2659 frangi
2738 2583 2795 2643 δι
2836 2580 3123 2643 distribui.
3182 2582 3390 2639 Restat
3426 2588 3535 2639 ter—

613 2660 788 2739 tium,
831 2660 1106 2722 nimirum
1146 2680 1364 2741 panem
1406 2662 1548 2721 illud
1587 2680 1716 2722 esse
1755 2662 1923 2739 quod
1966 2664 2419 2721 demonstratur.
2462 2664 2619 2722 Nam
2636 2662 2803 2737 quod
2820 2661 3057 2741 accepit
3074 2660 3373 2736 Christus,
3392 2657 3537 2718 illud

615 2741 1069 2802 demonstrauit.
1113 2742 1170 2802 δι
1204 2742 1280 2802 de
1319 2760 1394 2801 eo
1433 2740 1613 2817 dixit,
1651 2742 1791 2801 Hoc
1830 2750 1918 2802 est
1954 2750 2168 2819 corpus
2186 2760 2391 2802 meum.
2432 2743 2653 2801 Panem
2672 2750 2873 2801 autem
2893 2742 3151 2820 accepit,
3171 2753 3234 2801 vt
3252 2750 3537 2799 testantur

613 2820 1056 2899 Euangelistae,
1119 2822 1344 2881 Manli.
1395 2823 1490 2882 26.
1549 2823 1639 2880 26.
1695 2824 1892 2882 Marc.
1939 2840 2031 2895 14.
2076 2841 2171 2881 22.
2208 2824 2356 2881 Luc.
2406 2841 2497 2899 19
2544 2841 2637 2881 22.
2686 2841 2776 2898 19.
2820 2840 2913 2881 20.
2954 2825 3011 2883 &
3050 2822 3262 2880 Paulus
3310 2839 3363 2878 1.
3404 2820 3537 2877 Gor.

625 2903 1114 2977 10.16.17.&
1163 2921 1253 2962 11.
1301 2920 1396 2978 23.
1439 2922 1534 2976 24.
1579 2918 1672 2979 25.
1715 2903 1880 2979 Ergo
1900 2901 2201 2961 Christum
2219 2902 2654 2963 demonstrasse
2672 2920 2919 2980 panem,
2941 2900 3211 2980 fregisse,
3233 2898 3539 2961 &dedisse

617 2980 922 3059 discipulis
964 2981 1212 3042 omnino
1254 2980 1654 3043 necessarium
1697 2992 1786 3041 est
1829 2984 1892 3049 (f.
1943 2984 2139 3059 1737).

701 3080 790 3121 10.
875 3063 1112 3121 Nullam
1173 3072 1370 3121 autem
1412 3062 2164 3122 Transsubstantiationem
2226 3061 2353 3121 fieri
2394 3060 2769 3121 manifestum
2812 3072 2917 3122 est.
2978 3064 3133 3121 Nam
3176 3060 3423 3119 verbum
3462 3064 3549 3117 est

617 3158 804 3217 quum
865 3140 1188 3202 indicatiuo
1250 3143 1468 3218 modo,
1511 3144 1566 3203 δι
1609 3142 1907 3219 praesenti
1951 3152 2257 3219 tempore,
2308 3141 2665 3218 enuntiatur,
2719 3160 2841 3201 non
2884 3142 2988 3202 dat
3027 3143 3205 3201 rebus
3244 3149 3545 3213 naturam,

621 3222 808 3280 multo
869 3220 1061 3282 minus
1123 3222 1182 3282 in
1245 3242 1376 3281 eam
1425 3220 1731 3299 immutat,
1791 3222 1900 3281 sed
1961 3235 2129 3282 notat
2170 3231 2428 3297 tantum,
2469 3224 2525 3282 δι
2566 3221 2858 3299 declarat,
2910 3220 3056 3299 quid
3096 3220 3172 3280 sit
3209 3220 3269 3280 id
3310 3219 3385 3279 de
3424 3235 3543 3294 quo

619 3300 858 3361 dicitur.
900 3302 1153 3379 Verum,
1196 3301 1334 3379 quia
1373 3302 1672 3361 Dominus
1713 3302 1845 3371 illo,
1885 3302 2055 3379 quod
2094 3303 2551 3391 demonstratur,
2591 3320 2713 3362 non
2756 3304 2966 3380 figurat
3004 3302 3235 3361 tantum
3256 3316 3416 3367 rem,
3450 3296 3545 3355 cui

618 3382 1149 3457 repraesentandae
1191 3392 1604 3441 consecratum
1647 3393 1769 3459 est,
1809 3382 1914 3441 sed
1956 3386 2095 3441 vere
2135 3381 2311 3441 etiam
2346 3380 2621 3458 exhibet,
2662 3382 2798 3442 ideo
2820 3382 3053 3459 signum
3073 3380 3317 3440 nomine
3337 3374 3545 3456 signati

621 3471 882 3521 vocatur.
923 3464 1078 3523 Nam
1121 3465 1210 3537 (vt
1247 3461 1328 3521 ait
1367 3462 1618 3538 August.
1662 3460 1847 3539 Epist.
1893 3480 1989 3537 23.
2029 3462 2108 3521 ad
2148 3461 2371 3536 Bonis.)
2412 3464 2481 3520 Si
2515 3464 2895 3523 Sacramenta
2914 3464 3209 3539 quandam
3226 3458 3543 3519 similitudi·

617 3558 742 3599 nem
786 3561 990 3601 earum
1031 3560 1232 3600 rerum
1247 3585 1264 3618 ,
1327 3560 1579 3617 quarum
1621 3543 2009 3603 Sacramenta
2048 3552 2210 3619 sunt,
2270 3560 2386 3601 non
2432 3543 2741 3620 haberent,
2784 3545 2973 3619 vtique
3014 3545 3393 3601 Sacramenta
3432 3556 3545 3595 non

615 3628 834 3680 essent:
893 3622 999 3681 Ex
1051 3623 1162 3680 hac
1213 3629 1399 3680 autem
1441 3622 1812 3681 similitudine
1842 3623 2181 3698 plerumque
2220 3624 2389 3680 etiam
2430 3624 2697 3699 ipsarum
2736 3642 2939 3681 rerum
2980 3624 3218 3681 nomina
3236 3619 3366 3677 acci
3400 3620 3542 3675 iant.

619 3703 783 3761 Sicut
827 3722 981 3777 ergo
1033 3702 1340 3761 secundum
1391 3703 1673 3777 quendam
1717 3702 1944 3760 modum
1986 3705 2423 3760 Sacramentum
2466 3706 2735 3781 corporis
2782 3703 3032 3780 Chresti,
3072 3709 3287 3780 corpus
3414 3696 3552 3755 n'sn·

617 3789 734 3858 est,
774 3784 856 3841 sic
899 3785 1336 3841 Sacramentum
1377 3800 1524 3856 sang
1532 3784 1687 3840 uinis·
1701 3826 1718 3859 ,
1771 3784 2012 3855 sanguis
2056 3782 2278 3840 Christi
2312 3790 2429 3841 est:
2481 3786 2565 3840 ita
2606 3785 3043 3842 Sacramentum
3068 3784 3144 3857 fi
3106 3782 3225 3839 etei
3246 3780 3406 3856 fides
3446 3783 3544 3835 est.

711 3880 734 3919 1
751 3880 802 3920 1.
885 3860 1183 3953 Sequitur,
1237 3861 1394 3921 hanc
1438 3860 1950 3937 enunciationem,
2011 3862 2151 3920 Hoc
2195 3870 2283 3921 est
2316 3872 2532 3941 corpus
2571 3880 2785 3939 meum,
2827 3879 2949 3921 non
2998 3858 3339 3939 simpliciter
3377 3857 3433 3915 &
3472 3855 3547 3914 ad

619 3944 872 4001 verbum
937 3940 1346 4019 accipiendam
1409 3958 1556 4002 esse.
1613 3941 1734 4001 hoc
1787 3940 1946 4000 enim
1989 3940 2185 4018 posito
2228 3943 2415 4001 multa
2452 3942 2709 4001 absurda
2748 3952 3151 4018 sequerentur,
3190 3956 3311 3997 vno
3351 3948 3547 3996 tamen

621 4020 892 4081 contenti
933 4021 1185 4083 erimus.
1229 4020 1505 4081 nimirum
1547 4020 1594 4081 si
1635 4022 1785 4081 haec
1826 4019 2163 4080 enunciatio
2207 4022 2285 4081 ad
2328 4023 2575 4082 verbum
2618 4020 2968 4099 accipienda
3008 4032 3128 4081 est:
3168 4016 3429 4079 identica
3464 4023 3551 4074 est

629 4099 860 4181 orati03
901 4100 950 4161 si
991 4100 1280 4175 identica,
1322 4118 1464 4192 ergo
1506 4100 1740 4161 termini
1779 4110 1916 4160 sunt
1955 4101 2405 4177 conuertibileS,
2448 4120 2520 4161 ac
2559 4102 2845 4179 proinde,
2884 4105 3067 4178 quam
3106 4100 3265 4159 reete
3306 4094 3551 4170 dixeriS,

627 4182 710 4239 II
712 4200 775 4240 oc
798 4190 886 4241 est
915 4191 1126 4259 corpus
1167 4200 1383 4257 meum,
1423 4180 1503 4241 ita
1543 4180 1670 4241 vice
1711 4199 1908 4253 versa,
1955 4184 2179 4256 Corpus
2218 4201 2401 4239 meum
2445 4190 2533 4241 est
2564 4182 2702 4259 lzoc,
2746 4198 2868 4259 quo
2908 4180 3053 4241 nihil
3092 4188 3183 4241 est
3220 4174 3549 4238 absurdius

631 4258 916 4339 Figurata
976 4274 1062 4323 est
1123 4226 1536 4339 ergo,1'dque
1597 4280 1671 4320 ex
1727 4278 1834 4320 vsu
1876 4260 2395 4321 Sacramentalium
2438 4260 2951 4337 enunciationum3
2993 4261 3197 4338 quales
3234 4267 3370 4317 sunt
3408 4255 3547 4314 hae:

635 4342 680 4399 Ι
693 4360 784 4403 uc.
837 4362 928 4401 22.
977 4362 1068 4402 20.
1131 4342 1420 4401 Poculum
1481 4351 1568 4400 est
1609 4342 1850 4401 Nouum
1893 4342 2343 4401 Testamentum
2382 4360 2489 4419 per
2526 4339 2871 4419 sanguinem
2912 4359 3129 4401 meum.
3169 4332 3553 4475 Circungttlisio

3184 4427 3275 4478 est
3338 4437 3377 4475 0
3454 4431 3547 4471 us·
