<?xml version="1.0" encoding="UTF-8"?>
<!DOCTYPE html PUBLIC "-//W3C//DTD XHTML 1.0 Transitional//EN"
    "http://www.w3.org/TR/xhtml1/DTD/xhtml1-transitional.dtd">
<html xmlns="http://www.w3.org/1999/xhtml" xml:lang="en" lang="en">
 <head>
  <title>
</title>
<meta http-equiv="Content-Type" content="text/html;charset=utf-8" />
  <meta name='ocr-system' content='tesseract 3.04.00' />
  <meta name='ocr-capabilities' content='ocr_page ocr_carea ocr_par ocr_line ocrx_word'/>
</head>
<body>
  <div class='ocr_page' id='page_1' title='image "./dfranciscijunii00junigoog_0136.png"; bbox 0 0 3923 4875; ppageno 0'>
   <div class='ocr_carea' id='block_1_1' title="bbox 1344 371 3324 440">
    <p class='ocr_par' dir='ltr' id='par_1_1' title="bbox 1344 371 3324 440">
     <span class='ocr_line' id='line_1_1' title="bbox 1344 371 3324 440; baseline 0.004 -24"><span class='ocrx_word' id='word_1_1' title='bbox 1344 371 1671 417; x_wconf 72' lang='lat' dir='ltr'><strong>‘russas</strong></span> <span class='ocrx_word' id='word_1_2' title='bbox 1732 371 2390 418; x_wconf 64' lang='lat' dir='ltr'><strong>Tnnonoclcass.</strong></span> <span class='ocrx_word' id='word_1_3' title='bbox 3211 383 3324 440; x_wconf 87' lang='lat'><strong>109</strong></span> 
     </span>
    </p>
   </div>
   <div class='ocr_carea' id='block_1_2' title="bbox 400 533 3336 4459">
    <p class='ocr_par' dir='ltr' id='par_1_2' title="bbox 400 533 3328 1175">
     <span class='ocr_line' id='line_1_2' title="bbox 490 533 3322 620; baseline 0.003 -25"><span class='ocrx_word' id='word_1_4' title='bbox 490 555 582 610; x_wconf 88' lang='lat'><strong>14.</strong></span> <span class='ocrx_word' id='word_1_5' title='bbox 663 535 829 596; x_wconf 88' lang='lat' dir='ltr'>Libri</span> <span class='ocrx_word' id='word_1_6' title='bbox 871 536 1015 596; x_wconf 90' lang='lat' dir='ltr'><strong>noui</strong></span> <span class='ocrx_word' id='word_1_7' title='bbox 1055 533 1424 595; x_wconf 83' lang='lat' dir='ltr'><strong>Testamenti</strong></span> <span class='ocrx_word' id='word_1_8' title='bbox 1456 535 1701 596; x_wconf 90' lang='lat' dir='ltr'><strong>canonis</strong></span> <span class='ocrx_word' id='word_1_9' title='bbox 1721 533 1906 596; x_wconf 89' lang='lat' dir='ltr'><strong>diuini</strong></span> <span class='ocrx_word' id='word_1_10' title='bbox 1928 544 2063 595; x_wconf 91' lang='lat' dir='ltr'><strong>sunt</strong></span> <span class='ocrx_word' id='word_1_11' title='bbox 2081 534 2172 614; x_wconf 81' lang='lat' dir='ltr'><strong>hi,</strong></span> <span class='ocrx_word' id='word_1_12' title='bbox 2207 535 2481 612; x_wconf 89' lang='lat' dir='ltr'><strong>Quatuor</strong></span> <span class='ocrx_word' id='word_1_13' title='bbox 2497 537 2850 616; x_wconf 87' lang='lat' dir='ltr'><strong>Euangelia:</strong></span> <span class='ocrx_word' id='word_1_14' title='bbox 2892 542 3047 600; x_wconf 85' lang='lat' dir='ltr'><strong>Acta</strong></span> <span class='ocrx_word' id='word_1_15' title='bbox 3065 541 3322 620; x_wconf 88' lang='lat' dir='ltr'><strong>Aposto-</strong></span> 
     </span>
     <span class='ocr_line' id='line_1_3' title="bbox 400 615 3324 696; baseline 0.002 -19"><span class='ocrx_word' id='word_1_16' title='bbox 400 621 629 678; x_wconf 84' lang='lat' dir='ltr'>lorum:</span> <span class='ocrx_word' id='word_1_17' title='bbox 695 616 999 694; x_wconf 88' lang='lat' dir='ltr'><strong>Epistolae</strong></span> <span class='ocrx_word' id='word_1_18' title='bbox 1056 615 1224 676; x_wconf 90' lang='lat' dir='ltr'><strong>Pauli</strong></span> <span class='ocrx_word' id='word_1_19' title='bbox 1280 632 1531 676; x_wconf 90' lang='lat' dir='ltr'><strong>numero</strong></span> <span class='ocrx_word' id='word_1_20' title='bbox 1591 615 2040 694; x_wconf 86' lang='lat' dir='ltr'><strong>quatuordecim</strong></span> <span class='ocrx_word' id='word_1_21' title='bbox 2053 661 2072 694; x_wconf 78' lang='lat'>,</span> <span class='ocrx_word' id='word_1_22' title='bbox 2123 635 2261 676; x_wconf 89' lang='lat' dir='ltr'><strong>nam</strong></span> <span class='ocrx_word' id='word_1_23' title='bbox 2303 617 2478 677; x_wconf 89' lang='lat' dir='ltr'><strong>etiam</strong></span> <span class='ocrx_word' id='word_1_24' title='bbox 2520 618 2851 696; x_wconf 87' lang='lat' dir='ltr'><strong>Epistolam</strong></span> <span class='ocrx_word' id='word_1_25' title='bbox 2892 621 2970 680; x_wconf 89' lang='lat' dir='ltr'><strong>ad</strong></span> <span class='ocrx_word' id='word_1_26' title='bbox 3009 623 3324 685; x_wconf 90' lang='lat' dir='ltr'><strong>Hebraeos</strong></span> 
     </span>
     <span class='ocr_line' id='line_1_4' title="bbox 401 694 3324 780; baseline 0.002 -22"><span class='ocrx_word' id='word_1_27' title='bbox 401 697 991 774; x_wconf 87' lang='lat' dir='ltr'><strong>comprehendimus:</strong></span> <span class='ocrx_word' id='word_1_28' title='bbox 1050 696 1259 756; x_wconf 90' lang='lat' dir='ltr'><strong>Iacobi</strong></span> <span class='ocrx_word' id='word_1_29' title='bbox 1306 695 1573 774; x_wconf 81' lang='lat' dir='ltr'><strong>Epistola</strong></span> <span class='ocrx_word' id='word_1_30' title='bbox 1615 715 1731 756; x_wconf 86' lang='lat' dir='ltr'><strong>vna</strong></span> <span class='ocrx_word' id='word_1_31' title='bbox 1748 742 1764 774; x_wconf 80' lang='lat'>‚</span> <span class='ocrx_word' id='word_1_32' title='bbox 1804 694 1959 756; x_wconf 91' lang='lat' dir='ltr'><strong>Petri</strong></span> <span class='ocrx_word' id='word_1_33' title='bbox 2001 697 2154 756; x_wconf 89' lang='lat' dir='ltr'>duae</span> <span class='ocrx_word' id='word_1_34' title='bbox 2169 742 2187 774; x_wconf 79' lang='lat'><strong>‚</strong></span> <span class='ocrx_word' id='word_1_35' title='bbox 2227 697 2466 758; x_wconf 87' lang='lat' dir='ltr'><strong>Ioannis</strong></span> <span class='ocrx_word' id='word_1_36' title='bbox 2507 707 2657 777; x_wconf 79' lang='lat' dir='ltr'><strong>tres,</strong></span> <span class='ocrx_word' id='word_1_37' title='bbox 2699 697 2883 761; x_wconf 89' lang='lat' dir='ltr'><strong>Iudae</strong></span> <span class='ocrx_word' id='word_1_38' title='bbox 2919 719 3066 762; x_wconf 84' lang='lat' dir='ltr'><strong>vna:</strong></span> <span class='ocrx_word' id='word_1_39' title='bbox 3110 701 3324 780; x_wconf 87' lang='lat' dir='ltr'><strong>quibus</strong></span> 
     </span>
     <span class='ocr_line' id='line_1_5' title="bbox 400 775 3323 858; baseline 0.002 -21"><span class='ocrx_word' id='word_1_40' title='bbox 400 777 635 837; x_wconf 88' lang='lat' dir='ltr'><strong>accedit</strong></span> <span class='ocrx_word' id='word_1_41' title='bbox 677 775 1068 854; x_wconf 81' lang='lat' dir='ltr'><strong>Apocalypsis</strong></span> <span class='ocrx_word' id='word_1_42' title='bbox 1107 775 1374 847; x_wconf 80' lang='lat' dir='ltr'><strong>IoanniS,</strong></span> <span class='ocrx_word' id='word_1_43' title='bbox 1416 785 1695 852; x_wconf 88' lang='lat' dir='ltr'><strong>tanquam</strong></span> <span class='ocrx_word' id='word_1_44' title='bbox 1738 777 2000 836; x_wconf 84' lang='lat' dir='ltr'><strong>clausula</strong></span> <span class='ocrx_word' id='word_1_45' title='bbox 2038 775 2150 836; x_wconf 90' lang='lat' dir='ltr'><strong>toti</strong></span> <span class='ocrx_word' id='word_1_46' title='bbox 2188 775 2393 837; x_wconf 89' lang='lat' dir='ltr'><strong>diuino</strong></span> <span class='ocrx_word' id='word_1_47' title='bbox 2415 777 2631 838; x_wconf 90' lang='lat' dir='ltr'><strong>canoni</strong></span> <span class='ocrx_word' id='word_1_48' title='bbox 2652 777 2880 858; x_wconf 83' lang='lat' dir='ltr'><strong>addita,</strong></span> <span class='ocrx_word' id='word_1_49' title='bbox 2913 779 2976 840; x_wconf 90' lang='lat' dir='ltr'><strong>in</strong></span> <span class='ocrx_word' id='word_1_50' title='bbox 2994 783 3111 842; x_wconf 88' lang='lat' dir='ltr'><strong>fine</strong></span> <span class='ocrx_word' id='word_1_51' title='bbox 3130 789 3323 843; x_wconf 90' lang='lat' dir='ltr'><strong>totum</strong></span> 
     </span>
     <span class='ocr_line' id='line_1_6' title="bbox 400 855 3328 936; baseline 0.002 -19"><span class='ocrx_word' id='word_1_52' title='bbox 400 858 583 936; x_wconf 89' lang='lat' dir='ltr'><strong>ipsius</strong></span> <span class='ocrx_word' id='word_1_53' title='bbox 624 875 841 934; x_wconf 88' lang='lat' dir='ltr'><strong>corpus</strong></span> <span class='ocrx_word' id='word_1_54' title='bbox 882 855 1223 934; x_wconf 89' lang='lat' dir='ltr'><strong>grauissima</strong></span> <span class='ocrx_word' id='word_1_55' title='bbox 1262 856 1693 917; x_wconf 86' lang='lat' dir='ltr'><strong>contestatione</strong></span> <span class='ocrx_word' id='word_1_56' title='bbox 1732 857 2000 916; x_wconf 83' lang='lat' dir='ltr'><strong>muniens</strong></span> <span class='ocrx_word' id='word_1_57' title='bbox 2015 901 2033 934; x_wconf 72' lang='lat'>‚</span> <span class='ocrx_word' id='word_1_58' title='bbox 2074 874 2211 916; x_wconf 91' lang='lat' dir='ltr'><strong>cum</strong></span> <span class='ocrx_word' id='word_1_59' title='bbox 2248 856 2466 936; x_wconf 83' lang='lat' dir='ltr'><strong>inquit,</strong></span> <span class='ocrx_word' id='word_1_60' title='bbox 2511 858 2812 918; x_wconf 86' lang='lat' dir='ltr'><strong>Contestor</strong></span> <span class='ocrx_word' id='word_1_61' title='bbox 2850 863 3036 921; x_wconf 84' lang='lat' dir='ltr'><strong>cuiuis</strong></span> <span class='ocrx_word' id='word_1_62' title='bbox 3067 865 3328 924; x_wconf 83' lang='lat' dir='ltr'><strong>audienti</strong></span> 
     </span>
     <span class='ocr_line' id='line_1_7' title="bbox 403 933 3322 1020; baseline 0.001 -21"><span class='ocrx_word' id='word_1_63' title='bbox 403 939 584 1000; x_wconf 78' lang='lat' dir='ltr'><strong>verba</strong></span> <span class='ocrx_word' id='word_1_64' title='bbox 611 937 963 1017; x_wconf 80' lang='lat' dir='ltr'><strong>prophetiae</strong></span> <span class='ocrx_word' id='word_1_65' title='bbox 1002 937 1149 996; x_wconf 80' lang='lat' dir='ltr'><em>libri</em></span> <span class='ocrx_word' id='word_1_66' title='bbox 1181 937 1355 996; x_wconf 76' lang='lat' dir='ltr'><strong>huius</strong></span> <span class='ocrx_word' id='word_1_67' title='bbox 1370 981 1386 1011; x_wconf 84' lang='lat'><strong>‚</strong></span> <span class='ocrx_word' id='word_1_68' title='bbox 1427 938 1484 995; x_wconf 89' lang='lat' dir='ltr'><strong>si</strong></span> <span class='ocrx_word' id='word_1_69' title='bbox 1518 938 1647 1012; x_wconf 86' lang='lat' dir='ltr'><strong>quis</strong></span> <span class='ocrx_word' id='word_1_70' title='bbox 1688 937 1965 996; x_wconf 83' lang='lat' dir='ltr'><strong>adiecerit</strong></span> <span class='ocrx_word' id='word_1_71' title='bbox 1998 933 2085 995; x_wconf 79' lang='lat' dir='ltr'><strong>ad</strong></span> <span class='ocrx_word' id='word_1_72' title='bbox 2114 937 2255 995; x_wconf 80' lang='lat' dir='ltr'><strong>haec</strong></span> <span class='ocrx_word' id='word_1_73' title='bbox 2294 940 2547 1016; x_wconf 81' lang='lat' dir='ltr'><strong>imponet</strong></span> <span class='ocrx_word' id='word_1_74' title='bbox 2581 941 2637 998; x_wconf 90' lang='lat' dir='ltr'><strong>ei</strong></span> <span class='ocrx_word' id='word_1_75' title='bbox 2651 941 2820 998; x_wconf 88' lang='lat' dir='ltr'><strong>Deus</strong></span> <span class='ocrx_word' id='word_1_76' title='bbox 2822 945 3050 1018; x_wconf 84' lang='lat' dir='ltr'><strong>plagas</strong></span> <span class='ocrx_word' id='word_1_77' title='bbox 3070 945 3322 1020; x_wconf 68' lang='lat' dir='ltr'><strong>scriptas</strong></span> 
     </span>
     <span class='ocr_line' id='line_1_8' title="bbox 403 1017 3324 1101; baseline 0.002 -23"><span class='ocrx_word' id='word_1_78' title='bbox 403 1021 466 1078; x_wconf 87' lang='lat' dir='ltr'><strong>in</strong></span> <span class='ocrx_word' id='word_1_79' title='bbox 527 1019 681 1076; x_wconf 86' lang='lat' dir='ltr'><strong>libro</strong></span> <span class='ocrx_word' id='word_1_80' title='bbox 739 1019 847 1077; x_wconf 77' lang='lat' dir='ltr'><strong>isto</strong></span> <span class='ocrx_word' id='word_1_81' title='bbox 860 1036 881 1077; x_wconf 92' lang='lat'><strong>.·</strong></span> <span class='ocrx_word' id='word_1_82' title='bbox 944 1017 1034 1076; x_wconf 88' lang='lat' dir='ltr'><strong>Et</strong></span> <span class='ocrx_word' id='word_1_83' title='bbox 1087 1018 1268 1092; x_wconf 86' lang='lat' dir='ltr'><strong>siquis</strong></span> <span class='ocrx_word' id='word_1_84' title='bbox 1330 1017 1637 1076; x_wconf 81' lang='lat' dir='ltr'><strong>abstulerit</strong></span> <span class='ocrx_word' id='word_1_85' title='bbox 1684 1018 1913 1094; x_wconf 83' lang='lat' dir='ltr'><strong>aliquid</strong></span> <span class='ocrx_word' id='word_1_86' title='bbox 1945 1035 2020 1075; x_wconf 88' lang='lat' dir='ltr'><strong>ex</strong></span> <span class='ocrx_word' id='word_1_87' title='bbox 2057 1017 2249 1078; x_wconf 80' lang='lat' dir='ltr'><strong>verbis</strong></span> <span class='ocrx_word' id='word_1_88' title='bbox 2289 1018 2434 1078; x_wconf 80' lang='lat' dir='ltr'><em>libri</em></span> <span class='ocrx_word' id='word_1_89' title='bbox 2453 1019 2804 1097; x_wconf 72' lang='lat' dir='ltr'><strong>prophetiae</strong></span> <span class='ocrx_word' id='word_1_90' title='bbox 2841 1021 3014 1081; x_wconf 77' lang='lat' dir='ltr'><strong>huius</strong></span> <span class='ocrx_word' id='word_1_91' title='bbox 3029 1066 3047 1101; x_wconf 79' lang='lat'>,</span> <span class='ocrx_word' id='word_1_92' title='bbox 3088 1023 3324 1100; x_wconf 84' lang='lat' dir='ltr'><strong>auferet</strong></span> 
     </span>
     <span class='ocr_line' id='line_1_9' title="bbox 406 1097 2185 1175; baseline -0.001 -18"><span class='ocrx_word' id='word_1_93' title='bbox 406 1100 577 1157; x_wconf 89' lang='lat' dir='ltr'><strong>Deus</strong></span> <span class='ocrx_word' id='word_1_94' title='bbox 600 1106 839 1175; x_wconf 88' lang='lat' dir='ltr'><strong>partem</strong></span> <span class='ocrx_word' id='word_1_95' title='bbox 880 1099 999 1156; x_wconf 82' lang='lat' dir='ltr'><strong>eius</strong></span> <span class='ocrx_word' id='word_1_96' title='bbox 1042 1098 1070 1154; x_wconf 77' lang='grc' dir='ltr'><em>ὲ</em></span> <span class='ocrx_word' id='word_1_97' title='bbox 1108 1098 1261 1156; x_wconf 86' lang='lat' dir='ltr'><strong>libro</strong></span> <span class='ocrx_word' id='word_1_98' title='bbox 1298 1097 1481 1175; x_wconf 79' lang='lat' dir='ltr'><strong>vitae,</strong></span> <span class='ocrx_word' id='word_1_99' title='bbox 1523 1098 1578 1156; x_wconf 87' lang='lat'>&amp;</span> <span class='ocrx_word' id='word_1_100' title='bbox 1618 1116 1673 1156; x_wconf 93' lang='lat' dir='ltr'><strong>c.</strong></span> <span class='ocrx_word' id='word_1_101' title='bbox 1712 1099 1908 1174; x_wconf 89' lang='lat' dir='ltr'><strong>Apoc.</strong></span> <span class='ocrx_word' id='word_1_102' title='bbox 1952 1115 2046 1157; x_wconf 85' lang='lat'><strong>22.</strong></span> <span class='ocrx_word' id='word_1_103' title='bbox 2095 1099 2185 1156; x_wconf 88' lang='lat'><strong>18.</strong></span> 
     </span>
    </p>

    <p class='ocr_par' dir='ltr' id='par_1_3' title="bbox 400 1175 3321 1818">
     <span class='ocr_line' id='line_1_10' title="bbox 492 1175 3320 1262; baseline 0.002 -25"><span class='ocrx_word' id='word_1_104' title='bbox 492 1193 586 1254; x_wconf 84' lang='lat'><strong>15.</strong></span> <span class='ocrx_word' id='word_1_105' title='bbox 664 1175 901 1236; x_wconf 90' lang='lat' dir='ltr'><strong>Etenim</strong></span> <span class='ocrx_word' id='word_1_106' title='bbox 938 1178 1263 1254; x_wconf 87' lang='lat' dir='ltr'><strong>Apostolus</strong></span> <span class='ocrx_word' id='word_1_107' title='bbox 1282 1178 1537 1236; x_wconf 91' lang='lat' dir='ltr'><strong>Ioannes</strong></span> <span class='ocrx_word' id='word_1_108' title='bbox 1554 1176 1793 1254; x_wconf 90' lang='lat' dir='ltr'><strong>reliquis</strong></span> <span class='ocrx_word' id='word_1_109' title='bbox 1814 1176 2092 1237; x_wconf 88' lang='lat' dir='ltr'><strong>omnibus</strong></span> <span class='ocrx_word' id='word_1_110' title='bbox 2112 1187 2402 1254; x_wconf 90' lang='lat' dir='ltr'><strong>superstes</strong></span> <span class='ocrx_word' id='word_1_111' title='bbox 2415 1224 2433 1251; x_wconf 92' lang='lat'>‚</span> <span class='ocrx_word' id='word_1_112' title='bbox 2462 1187 2674 1256; x_wconf 86' lang='lat' dir='ltr'><strong>rogatu</strong></span> <span class='ocrx_word' id='word_1_113' title='bbox 2694 1179 3088 1242; x_wconf 89' lang='lat' dir='ltr'><strong>Ecclesiarum</strong></span> <span class='ocrx_word' id='word_1_114' title='bbox 3109 1181 3287 1242; x_wconf 84' lang='lat' dir='ltr'><strong>Asiae</strong></span> <span class='ocrx_word' id='word_1_115' title='bbox 3301 1227 3320 1262; x_wconf 84' lang='lat'>‚</span> 
     </span>
     <span class='ocr_line' id='line_1_11' title="bbox 402 1255 3319 1339; baseline 0.001 -21"><span class='ocrx_word' id='word_1_116' title='bbox 402 1259 551 1318; x_wconf 58' lang='lat' dir='ltr'><strong>fines</strong></span> <span class='ocrx_word' id='word_1_117' title='bbox 591 1256 925 1334; x_wconf 85' lang='lat' dir='ltr'><strong>Scripturae</strong></span> <span class='ocrx_word' id='word_1_118' title='bbox 964 1255 1289 1317; x_wconf 86' lang='lat' dir='ltr'><strong>canonicae</strong></span> <span class='ocrx_word' id='word_1_119' title='bbox 1329 1255 1643 1334; x_wconf 86' lang='lat' dir='ltr'><strong>diligenter</strong></span> <span class='ocrx_word' id='word_1_120' title='bbox 1680 1255 2136 1335; x_wconf 86' lang='lat' dir='ltr'><strong>circumscripsit</strong></span> <span class='ocrx_word' id='word_1_121' title='bbox 2174 1274 2461 1318; x_wconf 89' lang='lat' dir='ltr'><strong>mucrone</strong></span> <span class='ocrx_word' id='word_1_122' title='bbox 2497 1259 2849 1336; x_wconf 89' lang='lat' dir='ltr'><strong>Apostolico</strong></span> <span class='ocrx_word' id='word_1_123' title='bbox 2882 1260 2996 1320; x_wconf 89' lang='lat' dir='ltr'><strong>alia</strong></span> <span class='ocrx_word' id='word_1_124' title='bbox 3017 1263 3319 1339; x_wconf 87' lang='lat' dir='ltr'><strong>configens</strong></span> 
     </span>
     <span class='ocr_line' id='line_1_12' title="bbox 405 1336 3318 1418; baseline 0.001 -20"><span class='ocrx_word' id='word_1_125' title='bbox 405 1336 640 1415; x_wconf 78' lang='lat' dir='ltr'><strong>omnia,</strong></span> <span class='ocrx_word' id='word_1_126' title='bbox 680 1336 901 1414; x_wconf 87' lang='lat' dir='ltr'><strong>nequid</strong></span> <span class='ocrx_word' id='word_1_127' title='bbox 942 1337 1252 1396; x_wconf 89' lang='lat' dir='ltr'><strong>credentes</strong></span> <span class='ocrx_word' id='word_1_128' title='bbox 1294 1337 1523 1396; x_wconf 80' lang='lat' dir='ltr'><strong>falleret</strong></span> <span class='ocrx_word' id='word_1_129' title='bbox 1561 1341 1981 1415; x_wconf 71' lang='grc' dir='ltr'><strong>παρεισακτον,</strong></span> <span class='ocrx_word' id='word_1_130' title='bbox 2023 1348 2089 1397; x_wconf 82' lang='lat' dir='ltr'><strong>vt</strong></span> <span class='ocrx_word' id='word_1_131' title='bbox 2113 1346 2356 1398; x_wconf 88' lang='lat' dir='ltr'><strong>testatur</strong></span> <span class='ocrx_word' id='word_1_132' title='bbox 2394 1337 2744 1416; x_wconf 86' lang='lat' dir='ltr'><strong>Hieronym.</strong></span> <span class='ocrx_word' id='word_1_133' title='bbox 2766 1339 2826 1400; x_wconf 90' lang='lat' dir='ltr'><strong>in</strong></span> <span class='ocrx_word' id='word_1_134' title='bbox 2847 1359 3117 1418; x_wconf 89' lang='lat' dir='ltr'><strong>prooem.</strong></span> <span class='ocrx_word' id='word_1_135' title='bbox 3157 1359 3318 1402; x_wconf 88' lang='lat' dir='ltr'><strong>com-</strong></span> 
     </span>
     <span class='ocr_line' id='line_1_13' title="bbox 404 1415 3318 1498; baseline 0.001 -20"><span class='ocrx_word' id='word_1_136' title='bbox 404 1429 585 1478; x_wconf 88' lang='lat' dir='ltr'><strong>ment.</strong></span> <span class='ocrx_word' id='word_1_137' title='bbox 650 1416 712 1476; x_wconf 88' lang='lat' dir='ltr'><strong>in</strong></span> <span class='ocrx_word' id='word_1_138' title='bbox 774 1419 945 1476; x_wconf 86' lang='lat' dir='ltr'><strong>Matt.</strong></span> <span class='ocrx_word' id='word_1_139' title='bbox 988 1419 1043 1476; x_wconf 75' lang='grc' dir='ltr'><strong>δι</strong></span> <span class='ocrx_word' id='word_1_140' title='bbox 1085 1416 1201 1492; x_wconf 89' lang='lat' dir='ltr'><strong>alij.</strong></span> <span class='ocrx_word' id='word_1_141' title='bbox 1246 1417 1301 1474; x_wconf 77' lang='grc' dir='ltr'><strong>δι</strong></span> <span class='ocrx_word' id='word_1_142' title='bbox 1342 1416 1684 1493; x_wconf 85' lang='lat' dir='ltr'><strong>exemplum</strong></span> <span class='ocrx_word' id='word_1_143' title='bbox 1724 1415 1901 1475; x_wconf 90' lang='lat' dir='ltr'><strong>nobis</strong></span> <span class='ocrx_word' id='word_1_144' title='bbox 1943 1417 2178 1494; x_wconf 91' lang='lat' dir='ltr'><strong>reliquit</strong></span> <span class='ocrx_word' id='word_1_145' title='bbox 2217 1416 2612 1478; x_wconf 74' lang='lat' dir='ltr'><strong>Tertullianus</strong></span> <span class='ocrx_word' id='word_1_146' title='bbox 2627 1464 2644 1498; x_wconf 79' lang='lat'>,</span> <span class='ocrx_word' id='word_1_147' title='bbox 2685 1419 2787 1498; x_wconf 91' lang='lat' dir='ltr'><strong>qui</strong></span> <span class='ocrx_word' id='word_1_148' title='bbox 2827 1420 2903 1481; x_wconf 87' lang='lat' dir='ltr'><strong>de</strong></span> <span class='ocrx_word' id='word_1_149' title='bbox 2943 1419 3318 1496; x_wconf 88' lang='lat' dir='ltr'><strong>Quintillanis</strong></span> 
     </span>
     <span class='ocr_line' id='line_1_14' title="bbox 403 1497 3316 1578; baseline 0.002 -22"><span class='ocrx_word' id='word_1_150' title='bbox 403 1497 488 1558; x_wconf 89' lang='lat' dir='ltr'><strong>ita</strong></span> <span class='ocrx_word' id='word_1_151' title='bbox 545 1497 655 1556; x_wconf 88' lang='lat' dir='ltr'><strong>ait:</strong></span> <span class='ocrx_word' id='word_1_152' title='bbox 707 1497 887 1572; x_wconf 83' lang='lat' dir='ltr'><strong>Quod</strong></span> <span class='ocrx_word' id='word_1_153' title='bbox 917 1499 975 1556; x_wconf 90' lang='lat' dir='ltr'><strong>si</strong></span> <span class='ocrx_word' id='word_1_154' title='bbox 1010 1516 1159 1575; x_wconf 87' lang='lat' dir='ltr'><strong>quae</strong></span> <span class='ocrx_word' id='word_1_155' title='bbox 1200 1498 1385 1556; x_wconf 87' lang='lat' dir='ltr'><strong>Pauli</strong></span> <span class='ocrx_word' id='word_1_156' title='bbox 1407 1506 1732 1576; x_wconf 83' lang='lat' dir='ltr'><strong>perperam</strong></span> <span class='ocrx_word' id='word_1_157' title='bbox 1775 1497 1999 1574; x_wconf 72' lang='lat' dir='ltr'><strong>scripta</strong></span> <span class='ocrx_word' id='word_1_158' title='bbox 2040 1500 2268 1576; x_wconf 77' lang='lat' dir='ltr'><strong>legunt,</strong></span> <span class='ocrx_word' id='word_1_159' title='bbox 2311 1502 2625 1578; x_wconf 73' lang='lat' dir='ltr'><strong>exemplum</strong></span> <span class='ocrx_word' id='word_1_160' title='bbox 2676 1501 2878 1559; x_wconf 86' lang='lat' dir='ltr'><strong>Teclae</strong></span> <span class='ocrx_word' id='word_1_161' title='bbox 2915 1503 3004 1560; x_wconf 82' lang='lat' dir='ltr'><strong>ad</strong></span> <span class='ocrx_word' id='word_1_162' title='bbox 3033 1503 3316 1562; x_wconf 87' lang='lat' dir='ltr'><strong>licentiam</strong></span> 
     </span>
     <span class='ocr_line' id='line_1_15' title="bbox 400 1577 3318 1661; baseline 0.001 -24"><span class='ocrx_word' id='word_1_163' title='bbox 400 1579 709 1637; x_wconf 83' lang='lat' dir='ltr'><strong>mulierum</strong></span> <span class='ocrx_word' id='word_1_164' title='bbox 751 1579 989 1636; x_wconf 84' lang='lat' dir='ltr'><strong>docendi</strong></span> <span class='ocrx_word' id='word_1_165' title='bbox 1032 1577 1438 1653; x_wconf 78' lang='lat' dir='ltr'><strong>tinguendique</strong></span> <span class='ocrx_word' id='word_1_166' title='bbox 1477 1577 1831 1651; x_wconf 84' lang='lat' dir='ltr'><strong>defendunt:</strong></span> <span class='ocrx_word' id='word_1_167' title='bbox 1870 1578 2063 1637; x_wconf 84' lang='lat' dir='ltr'><strong>sciant</strong></span> <span class='ocrx_word' id='word_1_168' title='bbox 2093 1580 2156 1636; x_wconf 85' lang='lat' dir='ltr'><strong>in</strong></span> <span class='ocrx_word' id='word_1_169' title='bbox 2197 1579 2349 1638; x_wconf 87' lang='lat' dir='ltr'><strong>Asia</strong></span> <span class='ocrx_word' id='word_1_170' title='bbox 2387 1581 2787 1655; x_wconf 72' lang='lat' dir='ltr'><strong>Presbyterum</strong></span> <span class='ocrx_word' id='word_1_171' title='bbox 2802 1625 2819 1659; x_wconf 76' lang='lat'>‚</span> <span class='ocrx_word' id='word_1_172' title='bbox 2859 1583 2965 1657; x_wconf 86' lang='lat' dir='ltr'><strong>qui</strong></span> <span class='ocrx_word' id='word_1_173' title='bbox 2992 1601 3115 1640; x_wconf 90' lang='lat' dir='ltr'><strong>eam</strong></span> <span class='ocrx_word' id='word_1_174' title='bbox 3136 1583 3318 1661; x_wconf 70' lang='lat' dir='ltr'><strong>scrip-</strong></span> 
     </span>
     <span class='ocr_line' id='line_1_16' title="bbox 404 1657 3321 1740; baseline 0.001 -22"><span class='ocrx_word' id='word_1_175' title='bbox 404 1668 602 1718; x_wconf 88' lang='lat' dir='ltr'><strong>turam</strong></span> <span class='ocrx_word' id='word_1_176' title='bbox 642 1659 974 1717; x_wconf 79' lang='lat' dir='ltr'><strong>construxit</strong></span> <span class='ocrx_word' id='word_1_177' title='bbox 1008 1660 1183 1734; x_wconf 85' lang='lat' dir='ltr'><strong>quasi</strong></span> <span class='ocrx_word' id='word_1_178' title='bbox 1218 1658 1381 1716; x_wconf 75' lang='lat' dir='ltr'><strong>titulo</strong></span> <span class='ocrx_word' id='word_1_179' title='bbox 1424 1657 1608 1716; x_wconf 86' lang='lat' dir='ltr'><strong>Pauli</strong></span> <span class='ocrx_word' id='word_1_180' title='bbox 1643 1657 1713 1714; x_wconf 85' lang='lat' dir='ltr'><strong>de</strong></span> <span class='ocrx_word' id='word_1_181' title='bbox 1752 1674 1859 1714; x_wconf 86' lang='lat' dir='ltr'><strong>suo</strong></span> <span class='ocrx_word' id='word_1_182' title='bbox 1899 1659 2200 1717; x_wconf 86' lang='lat' dir='ltr'><strong>cumulans</strong></span> <span class='ocrx_word' id='word_1_183' title='bbox 2213 1701 2228 1729; x_wconf 89' lang='lat'>,</span> <span class='ocrx_word' id='word_1_184' title='bbox 2270 1661 2586 1734; x_wconf 80' lang='lat' dir='ltr'><strong>conuictum</strong></span> <span class='ocrx_word' id='word_1_185' title='bbox 2629 1661 2798 1738; x_wconf 83' lang='lat' dir='ltr'><strong>apud</strong></span> <span class='ocrx_word' id='word_1_186' title='bbox 2828 1661 3110 1721; x_wconf 81' lang='lat' dir='ltr'><strong>Ioannem</strong></span> <span class='ocrx_word' id='word_1_187' title='bbox 3150 1669 3321 1740; x_wconf 84' lang='lat' dir='ltr'><strong>atque</strong></span> 
     </span>
     <span class='ocr_line' id='line_1_17' title="bbox 405 1736 2995 1818; baseline 0.002 -21"><span class='ocrx_word' id='word_1_188' title='bbox 405 1738 729 1815; x_wconf 88' lang='lat' dir='ltr'><strong>confessum</strong></span> <span class='ocrx_word' id='word_1_189' title='bbox 771 1739 841 1795; x_wconf 89' lang='lat' dir='ltr'><strong>id</strong></span> <span class='ocrx_word' id='word_1_190' title='bbox 870 1755 933 1796; x_wconf 89' lang='lat' dir='ltr'><strong>se</strong></span> <span class='ocrx_word' id='word_1_191' title='bbox 970 1755 1171 1796; x_wconf 86' lang='lat' dir='ltr'><strong>amore</strong></span> <span class='ocrx_word' id='word_1_192' title='bbox 1209 1737 1395 1796; x_wconf 86' lang='lat' dir='ltr'><strong>Pauli</strong></span> <span class='ocrx_word' id='word_1_193' title='bbox 1418 1737 1638 1812; x_wconf 89' lang='lat' dir='ltr'><strong>secisse</strong></span> <span class='ocrx_word' id='word_1_194' title='bbox 1675 1737 1798 1793; x_wconf 86' lang='lat' dir='ltr'><strong>loco</strong></span> <span class='ocrx_word' id='word_1_195' title='bbox 1843 1736 2162 1797; x_wconf 86' lang='lat' dir='ltr'><strong>decessisse.</strong></span> <span class='ocrx_word' id='word_1_196' title='bbox 2201 1737 2305 1798; x_wconf 91' lang='lat' dir='ltr'><strong>lib.</strong></span> <span class='ocrx_word' id='word_1_197' title='bbox 2349 1739 2425 1799; x_wconf 91' lang='lat' dir='ltr'><strong>de</strong></span> <span class='ocrx_word' id='word_1_198' title='bbox 2461 1738 2682 1818; x_wconf 84' lang='lat' dir='ltr'><strong>Baptis.</strong></span> <span class='ocrx_word' id='word_1_199' title='bbox 2724 1759 2856 1818; x_wconf 88' lang='lat' dir='ltr'><strong>cap.</strong></span> <span class='ocrx_word' id='word_1_200' title='bbox 2904 1757 2995 1816; x_wconf 86' lang='lat'><strong>17.</strong></span> 
     </span>
    </p>

    <p class='ocr_par' dir='ltr' id='par_1_4' title="bbox 406 1813 3334 2455">
     <span class='ocr_line' id='line_1_18' title="bbox 496 1813 3326 1905; baseline 0.002 -29"><span class='ocrx_word' id='word_1_201' title='bbox 496 1819 586 1876; x_wconf 91' lang='lat'><strong>16.</strong></span> <span class='ocrx_word' id='word_1_202' title='bbox 668 1818 980 1876; x_wconf 86' lang='lat' dir='ltr'><strong>Hactenus</strong></span> <span class='ocrx_word' id='word_1_203' title='bbox 1043 1818 1121 1877; x_wconf 90' lang='lat' dir='ltr'><strong>de</strong></span> <span class='ocrx_word' id='word_1_204' title='bbox 1179 1815 1479 1893; x_wconf 86' lang='lat' dir='ltr'><strong>Scriptura</strong></span> <span class='ocrx_word' id='word_1_205' title='bbox 1536 1815 1599 1875; x_wconf 89' lang='lat' dir='ltr'><strong>in</strong></span> <span class='ocrx_word' id='word_1_206' title='bbox 1657 1834 1720 1875; x_wconf 90' lang='lat' dir='ltr'><strong>se</strong></span> <span class='ocrx_word' id='word_1_207' title='bbox 1780 1813 2035 1876; x_wconf 87' lang='lat' dir='ltr'><strong>vidimus</strong></span> <span class='ocrx_word' id='word_1_208' title='bbox 2050 1861 2067 1894; x_wconf 81' lang='lat'>,</span> <span class='ocrx_word' id='word_1_209' title='bbox 2125 1835 2287 1878; x_wconf 90' lang='lat' dir='ltr'><strong>nunc</strong></span> <span class='ocrx_word' id='word_1_210' title='bbox 2339 1819 2416 1880; x_wconf 91' lang='lat' dir='ltr'><strong>de</strong></span> <span class='ocrx_word' id='word_1_211' title='bbox 2456 1819 2667 1879; x_wconf 80' lang='lat' dir='ltr'><strong>eadem</strong></span> <span class='ocrx_word' id='word_1_212' title='bbox 2706 1819 2999 1898; x_wconf 89' lang='lat' dir='ltr'><strong>applicata</strong></span> <span class='ocrx_word' id='word_1_213' title='bbox 3039 1821 3130 1905; x_wconf 55' lang='lat' dir='ltr'><strong>aci</strong></span> <span class='ocrx_word' id='word_1_214' title='bbox 3157 1839 3326 1880; x_wconf 88' lang='lat' dir='ltr'><strong>vsum</strong></span> 
     </span>
     <span class='ocr_line' id='line_1_19' title="bbox 406 1894 3330 1980; baseline 0.001 -22"><span class='ocrx_word' id='word_1_215' title='bbox 406 1909 675 1958; x_wconf 77' lang='lat' dir='ltr'><strong>nostium</strong></span> <span class='ocrx_word' id='word_1_216' title='bbox 736 1895 1067 1974; x_wconf 83' lang='lat' dir='ltr'><strong>videamus3</strong></span> <span class='ocrx_word' id='word_1_217' title='bbox 1130 1897 1231 1956; x_wconf 88' lang='lat' dir='ltr'><strong>vbi</strong></span> <span class='ocrx_word' id='word_1_218' title='bbox 1271 1897 1393 1956; x_wconf 91' lang='lat' dir='ltr'><strong>duo</strong></span> <span class='ocrx_word' id='word_1_219' title='bbox 1436 1894 1871 1955; x_wconf 90' lang='lat' dir='ltr'><strong>consideranda</strong></span> <span class='ocrx_word' id='word_1_220' title='bbox 1910 1897 2152 1957; x_wconf 85' lang='lat' dir='ltr'><strong>veniunt</strong></span> <span class='ocrx_word' id='word_1_221' title='bbox 2166 1943 2182 1975; x_wconf 78' lang='lat'>,</span> <span class='ocrx_word' id='word_1_222' title='bbox 2223 1898 2609 1976; x_wconf 87' lang='lat' dir='ltr'><strong>perspicuitas</strong></span> <span class='ocrx_word' id='word_1_223' title='bbox 2649 1899 2705 1959; x_wconf 76' lang='grc' dir='ltr'><strong>δι</strong></span> <span class='ocrx_word' id='word_1_224' title='bbox 2742 1899 3168 1980; x_wconf 86' lang='lat' dir='ltr'><strong>interpretatio.</strong></span> <span class='ocrx_word' id='word_1_225' title='bbox 3227 1901 3330 1960; x_wconf 88' lang='lat' dir='ltr'><strong>Ad</strong></span> 
     </span>
     <span class='ocr_line' id='line_1_20' title="bbox 406 1973 3326 2061; baseline 0.001 -24"><span class='ocrx_word' id='word_1_226' title='bbox 406 1975 880 2056; x_wconf 88' lang='lat' dir='ltr'><strong>perspicuitatem</strong></span> <span class='ocrx_word' id='word_1_227' title='bbox 943 1976 1108 2052; x_wconf 91' lang='lat' dir='ltr'><strong>quod</strong></span> <span class='ocrx_word' id='word_1_228' title='bbox 1170 1975 1378 2036; x_wconf 87' lang='lat' dir='ltr'><strong>attinet</strong></span> <span class='ocrx_word' id='word_1_229' title='bbox 1438 1976 1679 2035; x_wconf 87' lang='lat' dir='ltr'><strong>Sacram</strong></span> <span class='ocrx_word' id='word_1_230' title='bbox 1724 1973 2088 2051; x_wconf 86' lang='lat' dir='ltr'><strong>Scripturam</strong></span> <span class='ocrx_word' id='word_1_231' title='bbox 2127 1977 2308 2038; x_wconf 87' lang='lat' dir='ltr'><strong>veluti</strong></span> <span class='ocrx_word' id='word_1_232' title='bbox 2348 1979 2550 2039; x_wconf 89' lang='lat' dir='ltr'><strong>Solem</strong></span> <span class='ocrx_word' id='word_1_233' title='bbox 2591 1981 2891 2055; x_wconf 87' lang='lat' dir='ltr'><strong>quendam</strong></span> <span class='ocrx_word' id='word_1_234' title='bbox 2932 1978 3326 2061; x_wconf 70' lang='lat' dir='ltr'><strong>spiritualem5</strong></span> 
     </span>
     <span class='ocr_line' id='line_1_21' title="bbox 410 2053 3328 2138; baseline 0.001 -20"><span class='ocrx_word' id='word_1_235' title='bbox 410 2060 627 2118; x_wconf 88' lang='lat' dir='ltr'><strong>claram</strong></span> <span class='ocrx_word' id='word_1_236' title='bbox 679 2074 806 2116; x_wconf 88' lang='lat' dir='ltr'><strong>esse</strong></span> <span class='ocrx_word' id='word_1_237' title='bbox 845 2075 953 2133; x_wconf 90' lang='lat' dir='ltr'><strong>per</strong></span> <span class='ocrx_word' id='word_1_238' title='bbox 991 2075 1055 2116; x_wconf 85' lang='lat' dir='ltr'><strong>se</strong></span> <span class='ocrx_word' id='word_1_239' title='bbox 1092 2073 1271 2116; x_wconf 88' lang='lat' dir='ltr'><strong>nemo</strong></span> <span class='ocrx_word' id='word_1_240' title='bbox 1312 2056 1509 2116; x_wconf 90' lang='lat' dir='ltr'><strong>bonus</strong></span> <span class='ocrx_word' id='word_1_241' title='bbox 1547 2053 1781 2114; x_wconf 86' lang='lat' dir='ltr'><strong>infitiari</strong></span> <span class='ocrx_word' id='word_1_242' title='bbox 1822 2065 2047 2132; x_wconf 90' lang='lat' dir='ltr'><strong>potest:</strong></span> <span class='ocrx_word' id='word_1_243' title='bbox 2107 2058 2274 2129; x_wconf 78' lang='lat' dir='ltr'><strong>Psal.</strong></span> <span class='ocrx_word' id='word_1_244' title='bbox 2325 2077 2416 2136; x_wconf 91' lang='lat'><strong>19.</strong></span> <span class='ocrx_word' id='word_1_245' title='bbox 2459 2077 2514 2136; x_wconf 92' lang='lat'><strong>9.</strong></span> <span class='ocrx_word' id='word_1_246' title='bbox 2575 2061 2758 2121; x_wconf 88' lang='lat' dir='ltr'><strong>Deut.</strong></span> <span class='ocrx_word' id='word_1_247' title='bbox 2797 2080 2898 2138; x_wconf 83' lang='lat'><strong>30.</strong></span> <span class='ocrx_word' id='word_1_248' title='bbox 2945 2081 3032 2122; x_wconf 93' lang='lat'><strong>11.</strong></span> <span class='ocrx_word' id='word_1_249' title='bbox 3096 2061 3214 2122; x_wconf 88' lang='lat' dir='ltr'><strong>Sed</strong></span> <span class='ocrx_word' id='word_1_250' title='bbox 3256 2079 3328 2122; x_wconf 88' lang='lat' dir='ltr'><strong>ea</strong></span> 
     </span>
     <span class='ocr_line' id='line_1_22' title="bbox 411 2134 3328 2217; baseline 0 -19"><span class='ocrx_word' id='word_1_251' title='bbox 411 2136 643 2198; x_wconf 88' lang='lat' dir='ltr'><strong>claritas</strong></span> <span class='ocrx_word' id='word_1_252' title='bbox 676 2155 803 2196; x_wconf 90' lang='lat' dir='ltr'><strong>non</strong></span> <span class='ocrx_word' id='word_1_253' title='bbox 841 2134 1077 2196; x_wconf 85' lang='lat' dir='ltr'><strong>videtur</strong></span> <span class='ocrx_word' id='word_1_254' title='bbox 1114 2135 1227 2196; x_wconf 91' lang='lat' dir='ltr'><strong>nisi</strong></span> <span class='ocrx_word' id='word_1_255' title='bbox 1268 2137 1346 2196; x_wconf 89' lang='lat' dir='ltr'><strong>ab</strong></span> <span class='ocrx_word' id='word_1_256' title='bbox 1385 2134 1455 2195; x_wconf 90' lang='lat' dir='ltr'><strong>iis</strong></span> <span class='ocrx_word' id='word_1_257' title='bbox 1495 2151 1751 2212; x_wconf 88' lang='lat' dir='ltr'><strong>quorum</strong></span> <span class='ocrx_word' id='word_1_258' title='bbox 1792 2134 1949 2196; x_wconf 90' lang='lat' dir='ltr'><strong>oculi</strong></span> <span class='ocrx_word' id='word_1_259' title='bbox 1990 2134 2222 2197; x_wconf 90' lang='lat' dir='ltr'><strong>interna</strong></span> <span class='ocrx_word' id='word_1_260' title='bbox 2260 2139 2394 2199; x_wconf 89' lang='lat' dir='ltr'><strong>luce</strong></span> <span class='ocrx_word' id='word_1_261' title='bbox 2433 2137 2678 2217; x_wconf 86' lang='lat' dir='ltr'><strong>Spiritus</strong></span> <span class='ocrx_word' id='word_1_262' title='bbox 2720 2140 2781 2200; x_wconf 89' lang='lat' dir='ltr'><strong>S.</strong></span> <span class='ocrx_word' id='word_1_263' title='bbox 2821 2153 2957 2201; x_wconf 91' lang='lat' dir='ltr'><strong>sunt</strong></span> <span class='ocrx_word' id='word_1_264' title='bbox 2977 2139 3328 2202; x_wconf 84' lang='lat' dir='ltr'><strong>illuminati:</strong></span> 
     </span>
     <span class='ocr_line' id='line_1_23' title="bbox 409 2213 3330 2298; baseline 0.001 -20"><span class='ocrx_word' id='word_1_265' title='bbox 409 2219 581 2278; x_wconf 85' lang='lat' dir='ltr'><strong>Rom.</strong></span> <span class='ocrx_word' id='word_1_266' title='bbox 635 2237 726 2276; x_wconf 93' lang='lat' dir='ltr'><strong>1o.</strong></span> <span class='ocrx_word' id='word_1_267' title='bbox 758 2218 815 2276; x_wconf 88' lang='lat'><strong>6.</strong></span> <span class='ocrx_word' id='word_1_268' title='bbox 856 2216 1014 2277; x_wconf 86' lang='lat' dir='ltr'><strong>Heb.</strong></span> <span class='ocrx_word' id='word_1_269' title='bbox 1053 2219 1111 2276; x_wconf 93' lang='lat'><strong>8.</strong></span> <span class='ocrx_word' id='word_1_270' title='bbox 1160 2237 1251 2275; x_wconf 93' lang='lat'><strong>10.</strong></span> <span class='ocrx_word' id='word_1_271' title='bbox 1288 2235 1457 2292; x_wconf 79' lang='lat' dir='ltr'><strong>nam,</strong></span> <span class='ocrx_word' id='word_1_272' title='bbox 1496 2224 1563 2274; x_wconf 78' lang='lat' dir='ltr'><strong>vt</strong></span> <span class='ocrx_word' id='word_1_273' title='bbox 1590 2213 1781 2292; x_wconf 85' lang='lat' dir='ltr'><strong>inquit</strong></span> <span class='ocrx_word' id='word_1_274' title='bbox 1800 2217 2152 2296; x_wconf 85' lang='lat' dir='ltr'><strong>Apostolus3</strong></span> <span class='ocrx_word' id='word_1_275' title='bbox 2205 2219 2432 2278; x_wconf 79' lang='lat' dir='ltr'><strong>Tectum</strong></span> <span class='ocrx_word' id='word_1_276' title='bbox 2455 2228 2542 2278; x_wconf 91' lang='lat' dir='ltr'><strong>est</strong></span> <span class='ocrx_word' id='word_1_277' title='bbox 2555 2220 2950 2296; x_wconf 82' lang='lat' dir='ltr'><strong>Euangelium</strong></span> <span class='ocrx_word' id='word_1_278' title='bbox 2973 2229 3235 2282; x_wconf 86' lang='lat' dir='ltr'><strong>nostrum</strong></span> <span class='ocrx_word' id='word_1_279' title='bbox 3255 2223 3330 2298; x_wconf 80' lang='lat' dir='ltr'><strong>ijs</strong></span> 
     </span>
     <span class='ocr_line' id='line_1_24' title="bbox 409 2295 3334 2378; baseline 0.002 -22"><span class='ocrx_word' id='word_1_280' title='bbox 409 2299 475 2374; x_wconf 86' lang='lat' dir='ltr'><strong>(f.</strong></span> <span class='ocrx_word' id='word_1_281' title='bbox 525 2299 719 2374; x_wconf 87' lang='lat'><strong>1597.)</strong></span> <span class='ocrx_word' id='word_1_282' title='bbox 760 2297 865 2373; x_wconf 88' lang='lat' dir='ltr'><strong>qui</strong></span> <span class='ocrx_word' id='word_1_283' title='bbox 890 2304 1167 2374; x_wconf 78' lang='lat' dir='ltr'><strong>pereunt,</strong></span> <span class='ocrx_word' id='word_1_284' title='bbox 1208 2297 1271 2354; x_wconf 83' lang='lat' dir='ltr'><strong>in</strong></span> <span class='ocrx_word' id='word_1_285' title='bbox 1310 2296 1515 2373; x_wconf 84' lang='lat' dir='ltr'><strong>quibus</strong></span> <span class='ocrx_word' id='word_1_286' title='bbox 1564 2295 1729 2354; x_wconf 84' lang='lat' dir='ltr'><strong>Deus</strong></span> <span class='ocrx_word' id='word_1_287' title='bbox 1747 2296 1921 2356; x_wconf 76' lang='lat' dir='ltr'><strong>huius</strong></span> <span class='ocrx_word' id='word_1_288' title='bbox 1939 2299 2121 2356; x_wconf 90' lang='lat' dir='ltr'><strong>seculi</strong></span> <span class='ocrx_word' id='word_1_289' title='bbox 2133 2301 2469 2358; x_wconf 84' lang='lat' dir='ltr'><strong>excaecauit</strong></span> <span class='ocrx_word' id='word_1_290' title='bbox 2482 2305 2692 2358; x_wconf 84' lang='lat' dir='ltr'><strong>mentes</strong></span> <span class='ocrx_word' id='word_1_291' title='bbox 2710 2308 2968 2378; x_wconf 73' lang='lat' dir='ltr'><strong>tpsorum</strong></span> <span class='ocrx_word' id='word_1_292' title='bbox 2988 2321 3059 2360; x_wconf 84' lang='lat' dir='ltr'><strong>ne</strong></span> <span class='ocrx_word' id='word_1_293' title='bbox 3077 2303 3334 2362; x_wconf 88' lang='lat' dir='ltr'><strong>irradiet</strong></span> 
     </span>
     <span class='ocr_line' id='line_1_25' title="bbox 410 2375 2240 2455; baseline 0.003 -19"><span class='ocrx_word' id='word_1_294' title='bbox 410 2396 507 2436; x_wconf 87' lang='lat' dir='ltr'><strong>eos</strong></span> <span class='ocrx_word' id='word_1_295' title='bbox 545 2380 735 2436; x_wconf 85' lang='lat' dir='ltr'><strong>lumen</strong></span> <span class='ocrx_word' id='word_1_296' title='bbox 772 2377 1097 2454; x_wconf 83' lang='lat' dir='ltr'><strong>Euangelij</strong></span> <span class='ocrx_word' id='word_1_297' title='bbox 1115 2377 1354 2453; x_wconf 83' lang='lat' dir='ltr'><strong>gloriae</strong></span> <span class='ocrx_word' id='word_1_298' title='bbox 1400 2375 1638 2434; x_wconf 80' lang='lat' dir='ltr'><strong>Christi.</strong></span> <span class='ocrx_word' id='word_1_299' title='bbox 1683 2395 1737 2435; x_wconf 90' lang='lat'><strong>2.</strong></span> <span class='ocrx_word' id='word_1_300' title='bbox 1778 2375 2048 2437; x_wconf 89' lang='lat' dir='ltr'><strong>Corinth.</strong></span> <span class='ocrx_word' id='word_1_301' title='bbox 2091 2397 2150 2451; x_wconf 80' lang='grc'><strong>4.</strong></span> <span class='ocrx_word' id='word_1_302' title='bbox 2181 2396 2240 2455; x_wconf 85' lang='grc'><strong>3.</strong></span> 
     </span>
    </p>

    <p class='ocr_par' dir='ltr' id='par_1_5' title="bbox 411 2454 3334 3254">
     <span class='ocr_line' id='line_1_26' title="bbox 496 2454 3324 2537; baseline 0.002 -21"><span class='ocrx_word' id='word_1_303' title='bbox 496 2475 585 2534; x_wconf 86' lang='lat'><strong>17.</strong></span> <span class='ocrx_word' id='word_1_304' title='bbox 666 2456 966 2533; x_wconf 87' lang='lat' dir='ltr'><strong>Scriptura</strong></span> <span class='ocrx_word' id='word_1_305' title='bbox 1004 2456 1205 2535; x_wconf 89' lang='lat' dir='ltr'><strong>itaque</strong></span> <span class='ocrx_word' id='word_1_306' title='bbox 1243 2474 1477 2534; x_wconf 87' lang='lat' dir='ltr'><strong>semper</strong></span> <span class='ocrx_word' id='word_1_307' title='bbox 1515 2454 1577 2515; x_wconf 90' lang='lat' dir='ltr'><strong>in</strong></span> <span class='ocrx_word' id='word_1_308' title='bbox 1616 2474 1681 2517; x_wconf 90' lang='lat' dir='ltr'><strong>se</strong></span> <span class='ocrx_word' id='word_1_309' title='bbox 1719 2456 2034 2535; x_wconf 87' lang='lat' dir='ltr'><strong>perspicua</strong></span> <span class='ocrx_word' id='word_1_310' title='bbox 2073 2468 2162 2519; x_wconf 90' lang='lat' dir='ltr'><strong>est</strong></span> <span class='ocrx_word' id='word_1_311' title='bbox 2175 2503 2193 2537; x_wconf 84' lang='lat'>,</span> <span class='ocrx_word' id='word_1_312' title='bbox 2232 2460 2338 2519; x_wconf 87' lang='lat' dir='ltr'><strong>sed</strong></span> <span class='ocrx_word' id='word_1_313' title='bbox 2377 2456 2553 2521; x_wconf 86' lang='lat' dir='ltr'><strong>nobis</strong></span> <span class='ocrx_word' id='word_1_314' title='bbox 2589 2457 2842 2520; x_wconf 79' lang='lat' dir='ltr'><strong>difficilis</strong></span> <span class='ocrx_word' id='word_1_315' title='bbox 2884 2461 2940 2520; x_wconf 75' lang='grc' dir='ltr'><strong>δι</strong></span> <span class='ocrx_word' id='word_1_316' title='bbox 2963 2461 3217 2522; x_wconf 89' lang='lat' dir='ltr'><strong>obscura</strong></span> <span class='ocrx_word' id='word_1_317' title='bbox 3236 2470 3324 2521; x_wconf 90' lang='lat' dir='ltr'><strong>est</strong></span> 
     </span>
     <span class='ocr_line' id='line_1_27' title="bbox 412 2535 3323 2614; baseline 0.001 -17"><span class='ocrx_word' id='word_1_318' title='bbox 412 2538 643 2598; x_wconf 89' lang='lat' dir='ltr'><strong>duabus</strong></span> <span class='ocrx_word' id='word_1_319' title='bbox 703 2538 780 2597; x_wconf 92' lang='lat' dir='ltr'><strong>de</strong></span> <span class='ocrx_word' id='word_1_320' title='bbox 839 2535 1063 2597; x_wconf 79' lang='lat' dir='ltr'><strong>causist</strong></span> <span class='ocrx_word' id='word_1_321' title='bbox 1125 2545 1371 2614; x_wconf 89' lang='lat' dir='ltr'><strong>propter</strong></span> <span class='ocrx_word' id='word_1_322' title='bbox 1430 2552 1633 2596; x_wconf 87' lang='lat' dir='ltr'><strong>earum</strong></span> <span class='ocrx_word' id='word_1_323' title='bbox 1685 2553 1882 2597; x_wconf 89' lang='lat' dir='ltr'><strong>rerum</strong></span> <span class='ocrx_word' id='word_1_324' title='bbox 1936 2554 2091 2614; x_wconf 91' lang='lat' dir='ltr'><strong>quae</strong></span> <span class='ocrx_word' id='word_1_325' title='bbox 2138 2539 2450 2600; x_wconf 88' lang='lat' dir='ltr'><strong>traduntur</strong></span> <span class='ocrx_word' id='word_1_326' title='bbox 2488 2540 2922 2614; x_wconf 74' lang='lat' dir='ltr'><strong>difficultatem,</strong></span> <span class='ocrx_word' id='word_1_327' title='bbox 2967 2540 3024 2599; x_wconf 75' lang='grc' dir='ltr'><strong>δι</strong></span> <span class='ocrx_word' id='word_1_328' title='bbox 3061 2550 3323 2600; x_wconf 88' lang='lat' dir='ltr'><strong>nostram</strong></span> 
     </span>
     <span class='ocr_line' id='line_1_28' title="bbox 411 2616 3330 2697; baseline 0.001 -20"><span class='ocrx_word' id='word_1_329' title='bbox 411 2616 875 2695; x_wconf 89' lang='lat' dir='ltr'><strong>corruptionem.</strong></span> <span class='ocrx_word' id='word_1_330' title='bbox 934 2618 1059 2676; x_wconf 90' lang='lat' dir='ltr'><strong>Res</strong></span> <span class='ocrx_word' id='word_1_331' title='bbox 1127 2634 1280 2693; x_wconf 90' lang='lat' dir='ltr'><strong>quae</strong></span> <span class='ocrx_word' id='word_1_332' title='bbox 1340 2617 1651 2675; x_wconf 87' lang='lat' dir='ltr'><strong>traduntur</strong></span> <span class='ocrx_word' id='word_1_333' title='bbox 1702 2616 1970 2678; x_wconf 85' lang='lat' dir='ltr'><strong>difficiles</strong></span> <span class='ocrx_word' id='word_1_334' title='bbox 2019 2628 2154 2679; x_wconf 89' lang='lat' dir='ltr'><strong>sunt</strong></span> <span class='ocrx_word' id='word_1_335' title='bbox 2167 2663 2184 2697; x_wconf 81' lang='lat'>,</span> <span class='ocrx_word' id='word_1_336' title='bbox 2222 2628 2350 2679; x_wconf 87' lang='lat' dir='ltr'><strong>tum</strong></span> <span class='ocrx_word' id='word_1_337' title='bbox 2390 2628 2632 2697; x_wconf 90' lang='lat' dir='ltr'><strong>propter</strong></span> <span class='ocrx_word' id='word_1_338' title='bbox 2671 2618 3091 2680; x_wconf 88' lang='lat' dir='ltr'><strong>obscuritatem</strong></span> <span class='ocrx_word' id='word_1_339' title='bbox 3131 2630 3197 2679; x_wconf 83' lang='lat' dir='ltr'><strong>vt</strong></span> <span class='ocrx_word' id='word_1_340' title='bbox 3237 2640 3330 2680; x_wconf 89' lang='lat' dir='ltr'><strong>res</strong></span> 
     </span>
     <span class='ocr_line' id='line_1_29' title="bbox 412 2695 3329 2777; baseline 0.001 -20"><span class='ocrx_word' id='word_1_341' title='bbox 412 2700 671 2757; x_wconf 86' lang='lat' dir='ltr'><strong>futurae:</strong></span> <span class='ocrx_word' id='word_1_342' title='bbox 730 2706 857 2757; x_wconf 90' lang='lat' dir='ltr'><strong>tum</strong></span> <span class='ocrx_word' id='word_1_343' title='bbox 915 2707 1160 2774; x_wconf 89' lang='lat' dir='ltr'><strong>propter</strong></span> <span class='ocrx_word' id='word_1_344' title='bbox 1212 2695 1573 2757; x_wconf 88' lang='lat' dir='ltr'><strong>maiestatem</strong></span> <span class='ocrx_word' id='word_1_345' title='bbox 1623 2714 1824 2757; x_wconf 89' lang='lat' dir='ltr'><strong>earum</strong></span> <span class='ocrx_word' id='word_1_346' title='bbox 1864 2706 1966 2757; x_wconf 90' lang='lat' dir='ltr'><strong>aut</strong></span> <span class='ocrx_word' id='word_1_347' title='bbox 2003 2697 2348 2775; x_wconf 86' lang='lat' dir='ltr'><strong>mysterium</strong></span> <span class='ocrx_word' id='word_1_348' title='bbox 2389 2698 2710 2761; x_wconf 81' lang='lat' dir='ltr'><strong>Trinitatis,</strong></span> <span class='ocrx_word' id='word_1_349' title='bbox 2771 2702 2866 2760; x_wconf 95' lang='lat' dir='ltr'><strong>De</strong></span> <span class='ocrx_word' id='word_1_350' title='bbox 2904 2698 3167 2777; x_wconf 89' lang='lat' dir='ltr'><strong>vtrisque</strong></span> <span class='ocrx_word' id='word_1_351' title='bbox 3207 2697 3329 2777; x_wconf 89' lang='lat' dir='ltr'><strong>agit</strong></span> 
     </span>
     <span class='ocr_line' id='line_1_30' title="bbox 413 2775 3334 2857; baseline 0 -19"><span class='ocrx_word' id='word_1_352' title='bbox 413 2776 715 2855; x_wconf 86' lang='lat' dir='ltr'><strong>Scriptura</strong></span> <span class='ocrx_word' id='word_1_353' title='bbox 772 2776 959 2837; x_wconf 89' lang='lat' dir='ltr'><strong>modo</strong></span> <span class='ocrx_word' id='word_1_354' title='bbox 1020 2786 1410 2854; x_wconf 81' lang='lat' dir='ltr'><strong>attemperate</strong></span> <span class='ocrx_word' id='word_1_355' title='bbox 1426 2822 1443 2854; x_wconf 84' lang='lat'><strong>.,</strong></span> <span class='ocrx_word' id='word_1_356' title='bbox 1498 2777 1553 2835; x_wconf 86' lang='lat'>&amp;</span> <span class='ocrx_word' id='word_1_357' title='bbox 1606 2775 1655 2837; x_wconf 90' lang='lat' dir='ltr'><strong>si</strong></span> <span class='ocrx_word' id='word_1_358' title='bbox 1698 2794 1877 2853; x_wconf 90' lang='lat' dir='ltr'><strong>quam</strong></span> <span class='ocrx_word' id='word_1_359' title='bbox 1916 2777 2099 2837; x_wconf 91' lang='lat' dir='ltr'><strong>habet</strong></span> <span class='ocrx_word' id='word_1_360' title='bbox 2137 2777 2564 2839; x_wconf 87' lang='lat' dir='ltr'><strong>obscuritatem</strong></span> <span class='ocrx_word' id='word_1_361' title='bbox 2605 2799 2734 2839; x_wconf 91' lang='lat' dir='ltr'><strong>eam</strong></span> <span class='ocrx_word' id='word_1_362' title='bbox 2775 2799 2900 2839; x_wconf 89' lang='lat' dir='ltr'><strong>non</strong></span> <span class='ocrx_word' id='word_1_363' title='bbox 2939 2780 3118 2840; x_wconf 91' lang='lat' dir='ltr'><strong>habet</strong></span> <span class='ocrx_word' id='word_1_364' title='bbox 3157 2782 3195 2838; x_wconf 78' lang='lat' dir='ltr'><strong>a</strong></span> <span class='ocrx_word' id='word_1_365' title='bbox 3239 2798 3334 2857; x_wconf 78' lang='lat' dir='ltr'><strong>se,</strong></span> 
     </span>
     <span class='ocr_line' id='line_1_31' title="bbox 412 2856 3332 2939; baseline 0.001 -23"><span class='ocrx_word' id='word_1_366' title='bbox 412 2858 521 2917; x_wconf 84' lang='lat' dir='ltr'><strong>sed</strong></span> <span class='ocrx_word' id='word_1_367' title='bbox 557 2860 595 2916; x_wconf 79' lang='lat' dir='ltr'><strong>a</strong></span> <span class='ocrx_word' id='word_1_368' title='bbox 634 2874 829 2917; x_wconf 86' lang='lat' dir='ltr'><strong>rerum</strong></span> <span class='ocrx_word' id='word_1_369' title='bbox 869 2874 1016 2933; x_wconf 91' lang='lat' dir='ltr'><strong>quas</strong></span> <span class='ocrx_word' id='word_1_370' title='bbox 1056 2866 1273 2917; x_wconf 89' lang='lat' dir='ltr'><strong>tractat</strong></span> <span class='ocrx_word' id='word_1_371' title='bbox 1311 2856 1657 2916; x_wconf 86' lang='lat' dir='ltr'><strong>excellentia</strong></span> <span class='ocrx_word' id='word_1_372' title='bbox 1694 2858 1750 2917; x_wconf 75' lang='grc' dir='ltr'><strong>δι</strong></span> <span class='ocrx_word' id='word_1_373' title='bbox 1788 2856 2167 2918; x_wconf 89' lang='lat' dir='ltr'><strong>sublimitate.</strong></span> <span class='ocrx_word' id='word_1_374' title='bbox 2207 2859 2442 2919; x_wconf 91' lang='lat' dir='ltr'><strong>Deinde</strong></span> <span class='ocrx_word' id='word_1_375' title='bbox 2481 2858 2713 2920; x_wconf 86' lang='lat' dir='ltr'><strong>claritas</strong></span> <span class='ocrx_word' id='word_1_376' title='bbox 2743 2859 2844 2919; x_wconf 91' lang='lat' dir='ltr'><strong>illa</strong></span> <span class='ocrx_word' id='word_1_377' title='bbox 2877 2859 3212 2939; x_wconf 88' lang='lat' dir='ltr'><strong>Scripturae</strong></span> <span class='ocrx_word' id='word_1_378' title='bbox 3231 2878 3332 2920; x_wconf 89' lang='lat' dir='ltr'><strong>ne-</strong></span> 
     </span>
     <span class='ocr_line' id='line_1_32' title="bbox 414 2935 3328 3017; baseline 0.001 -20"><span class='ocrx_word' id='word_1_379' title='bbox 414 2954 715 3015; x_wconf 88' lang='lat' dir='ltr'><strong>quaquam</strong></span> <span class='ocrx_word' id='word_1_380' title='bbox 770 2945 1015 3014; x_wconf 90' lang='lat' dir='ltr'><strong>apparet</strong></span> <span class='ocrx_word' id='word_1_381' title='bbox 1071 2936 1439 3013; x_wconf 77' lang='lat' dir='ltr'><strong>hominibus,</strong></span> <span class='ocrx_word' id='word_1_382' title='bbox 1481 2936 1745 3013; x_wconf 87' lang='lat' dir='ltr'><strong>quandiu</strong></span> <span class='ocrx_word' id='word_1_383' title='bbox 1784 2935 1843 2997; x_wconf 92' lang='lat' dir='ltr'><strong>in</strong></span> <span class='ocrx_word' id='word_1_384' title='bbox 1884 2936 2143 3015; x_wconf 79' lang='lat' dir='ltr'><strong>peccatis</strong></span> <span class='ocrx_word' id='word_1_385' title='bbox 2183 2938 2301 2999; x_wconf 92' lang='lat' dir='ltr'><strong>suis</strong></span> <span class='ocrx_word' id='word_1_386' title='bbox 2343 2943 2398 3001; x_wconf 75' lang='grc' dir='ltr'><strong>δι</strong></span> <span class='ocrx_word' id='word_1_387' title='bbox 2439 2938 2817 3017; x_wconf 89' lang='lat' dir='ltr'><strong>corruptione</strong></span> <span class='ocrx_word' id='word_1_388' title='bbox 2855 2938 3068 3017; x_wconf 88' lang='lat' dir='ltr'><strong>sepulti</strong></span> <span class='ocrx_word' id='word_1_389' title='bbox 3105 2938 3328 3017; x_wconf 81' lang='lat' dir='ltr'><strong>iacent,</strong></span> 
     </span>
     <span class='ocr_line' id='line_1_33' title="bbox 412 3014 3330 3100; baseline 0.001 -24"><span class='ocrx_word' id='word_1_390' title='bbox 412 3027 537 3076; x_wconf 89' lang='lat' dir='ltr'><strong>tum</strong></span> <span class='ocrx_word' id='word_1_391' title='bbox 577 3024 821 3094; x_wconf 91' lang='lat' dir='ltr'><strong>propter</strong></span> <span class='ocrx_word' id='word_1_392' title='bbox 858 3014 1313 3076; x_wconf 88' lang='lat' dir='ltr'><strong>intercurrentes</strong></span> <span class='ocrx_word' id='word_1_393' title='bbox 1353 3018 1626 3077; x_wconf 85' lang='lat' dir='ltr'><strong>tenebras</strong></span> <span class='ocrx_word' id='word_1_394' title='bbox 1667 3017 1879 3077; x_wconf 89' lang='lat' dir='ltr'><strong>mentis</strong></span> <span class='ocrx_word' id='word_1_395' title='bbox 1919 3028 2189 3100; x_wconf 81' lang='lat' dir='ltr'><strong>nostrae3</strong></span> <span class='ocrx_word' id='word_1_396' title='bbox 2231 3028 2360 3079; x_wconf 90' lang='lat' dir='ltr'><strong>tum</strong></span> <span class='ocrx_word' id='word_1_397' title='bbox 2398 3030 2640 3097; x_wconf 91' lang='lat' dir='ltr'><strong>propter</strong></span> <span class='ocrx_word' id='word_1_398' title='bbox 2680 3029 2949 3079; x_wconf 84' lang='lat' dir='ltr'><strong>externas</strong></span> <span class='ocrx_word' id='word_1_399' title='bbox 2969 3022 3026 3081; x_wconf 73' lang='grc' dir='ltr'><strong>ὅτ</strong></span> <span class='ocrx_word' id='word_1_400' title='bbox 3066 3018 3330 3080; x_wconf 87' lang='lat' dir='ltr'><strong>aduenti-</strong></span> 
     </span>
     <span class='ocr_line' id='line_1_34' title="bbox 414 3094 3330 3179; baseline 0.001 -23"><span class='ocrx_word' id='word_1_401' title='bbox 414 3096 525 3156; x_wconf 89' lang='lat' dir='ltr'><strong>tias</strong></span> <span class='ocrx_word' id='word_1_402' title='bbox 574 3098 627 3155; x_wconf 77' lang='lat' dir='ltr'><strong>a.</strong></span> <span class='ocrx_word' id='word_1_403' title='bbox 661 3094 934 3172; x_wconf 87' lang='lat' dir='ltr'><strong>Principe</strong></span> <span class='ocrx_word' id='word_1_404' title='bbox 990 3099 1369 3158; x_wconf 89' lang='lat' dir='ltr'><strong>tenebrarum</strong></span> <span class='ocrx_word' id='word_1_405' title='bbox 1429 3096 1679 3157; x_wconf 87' lang='lat' dir='ltr'><strong>offusas:</strong></span> <span class='ocrx_word' id='word_1_406' title='bbox 1739 3115 1853 3157; x_wconf 94' lang='lat' dir='ltr'><strong>nos</strong></span> <span class='ocrx_word' id='word_1_407' title='bbox 1911 3096 2167 3175; x_wconf 91' lang='lat' dir='ltr'><strong>denique</strong></span> <span class='ocrx_word' id='word_1_408' title='bbox 2227 3097 2289 3158; x_wconf 89' lang='lat' dir='ltr'><strong>in</strong></span> <span class='ocrx_word' id='word_1_409' title='bbox 2341 3098 2484 3159; x_wconf 89' lang='lat' dir='ltr'><strong>vitio</strong></span> <span class='ocrx_word' id='word_1_410' title='bbox 2537 3115 2770 3177; x_wconf 80' lang='lat' dir='ltr'><strong>sumus,</strong></span> <span class='ocrx_word' id='word_1_411' title='bbox 2822 3100 2990 3177; x_wconf 89' lang='lat' dir='ltr'><strong>quod</strong></span> <span class='ocrx_word' id='word_1_412' title='bbox 3031 3099 3330 3179; x_wconf 86' lang='lat' dir='ltr'><strong>Scriptura</strong></span> 
     </span>
     <span class='ocr_line' id='line_1_35' title="bbox 418 3168 1841 3254; baseline 0.001 -18"><span class='ocrx_word' id='word_1_413' title='bbox 418 3176 673 3236; x_wconf 90' lang='lat' dir='ltr'><strong>obscura</strong></span> <span class='ocrx_word' id='word_1_414' title='bbox 711 3174 893 3235; x_wconf 90' lang='lat' dir='ltr'><strong>audit.</strong></span> <span class='ocrx_word' id='word_1_415' title='bbox 933 3168 1151 3254; x_wconf 74' lang='lat' dir='ltr'><strong>Eplies.</strong></span> <span class='ocrx_word' id='word_1_416' title='bbox 1197 3192 1252 3254; x_wconf 86' lang='lat'><strong>5.</strong></span> <span class='ocrx_word' id='word_1_417' title='bbox 1293 3180 1349 3236; x_wconf 93' lang='lat'><strong>8.</strong></span> <span class='ocrx_word' id='word_1_418' title='bbox 1398 3197 1449 3236; x_wconf 85' lang='lat'><strong>2.</strong></span> <span class='ocrx_word' id='word_1_419' title='bbox 1498 3177 1638 3237; x_wconf 82' lang='lat' dir='ltr'><strong>Gor.</strong></span> <span class='ocrx_word' id='word_1_420' title='bbox 1685 3197 1741 3250; x_wconf 90' lang='lat'><strong>4.</strong></span> <span class='ocrx_word' id='word_1_421' title='bbox 1785 3196 1841 3249; x_wconf 87' lang='lat'><strong>4.</strong></span> 
     </span>
    </p>

    <p class='ocr_par' dir='ltr' id='par_1_6' title="bbox 417 3254 3334 4112">
     <span class='ocr_line' id='line_1_36' title="bbox 506 3254 3333 3339; baseline 0.002 -26"><span class='ocrx_word' id='word_1_422' title='bbox 506 3260 597 3316; x_wconf 91' lang='lat'><strong>18.</strong></span> <span class='ocrx_word' id='word_1_423' title='bbox 677 3256 851 3315; x_wconf 90' lang='lat' dir='ltr'><strong>Haec</strong></span> <span class='ocrx_word' id='word_1_424' title='bbox 910 3255 1245 3333; x_wconf 87' lang='lat' dir='ltr'><strong>Scripturae</strong></span> <span class='ocrx_word' id='word_1_425' title='bbox 1304 3254 1684 3333; x_wconf 87' lang='lat' dir='ltr'><strong>perspicuitas</strong></span> <span class='ocrx_word' id='word_1_426' title='bbox 1736 3256 1805 3316; x_wconf 90' lang='lat' dir='ltr'><strong>iis</strong></span> <span class='ocrx_word' id='word_1_427' title='bbox 1859 3257 2100 3317; x_wconf 89' lang='lat' dir='ltr'><strong>demum</strong></span> <span class='ocrx_word' id='word_1_428' title='bbox 2141 3257 2430 3319; x_wconf 89' lang='lat' dir='ltr'><strong>illucescit</strong></span> <span class='ocrx_word' id='word_1_429' title='bbox 2468 3257 2571 3336; x_wconf 91' lang='lat' dir='ltr'><strong>qui</strong></span> <span class='ocrx_word' id='word_1_430' title='bbox 2608 3261 2647 3318; x_wconf 77' lang='lat' dir='ltr'><strong>a</strong></span> <span class='ocrx_word' id='word_1_431' title='bbox 2687 3260 2822 3319; x_wconf 88' lang='lat' dir='ltr'><strong>Deo</strong></span> <span class='ocrx_word' id='word_1_432' title='bbox 2863 3258 3190 3339; x_wconf 86' lang='lat' dir='ltr'><strong>regenerati</strong></span> <span class='ocrx_word' id='word_1_433' title='bbox 3226 3278 3333 3339; x_wconf 89' lang='lat' dir='ltr'><strong>per</strong></span> 
     </span>
     <span class='ocr_line' id='line_1_37' title="bbox 419 3334 3332 3418; baseline 0.002 -24"><span class='ocrx_word' id='word_1_434' title='bbox 419 3334 701 3413; x_wconf 90' lang='lat' dir='ltr'><strong>Spiritum</strong></span> <span class='ocrx_word' id='word_1_435' title='bbox 714 3380 731 3412; x_wconf 84' lang='lat'><strong>.,</strong></span> <span class='ocrx_word' id='word_1_436' title='bbox 773 3335 980 3395; x_wconf 90' lang='lat' dir='ltr'><strong>oculos</strong></span> <span class='ocrx_word' id='word_1_437' title='bbox 1017 3335 1229 3396; x_wconf 90' lang='lat' dir='ltr'><strong>mentis</strong></span> <span class='ocrx_word' id='word_1_438' title='bbox 1268 3336 1491 3395; x_wconf 89' lang='lat' dir='ltr'><strong>habent</strong></span> <span class='ocrx_word' id='word_1_439' title='bbox 1530 3334 1887 3397; x_wconf 87' lang='lat' dir='ltr'><strong>illuminatos</strong></span> <span class='ocrx_word' id='word_1_440' title='bbox 1903 3382 1921 3414; x_wconf 79' lang='lat'><strong>‚</strong></span> <span class='ocrx_word' id='word_1_441' title='bbox 1966 3339 2104 3396; x_wconf 77' lang='lat' dir='ltr'><strong>cum</strong></span> <span class='ocrx_word' id='word_1_442' title='bbox 2144 3340 2310 3399; x_wconf 91' lang='lat' dir='ltr'><strong>Deus</strong></span> <span class='ocrx_word' id='word_1_443' title='bbox 2350 3337 2668 3417; x_wconf 88' lang='lat' dir='ltr'><strong>dispellens</strong></span> <span class='ocrx_word' id='word_1_444' title='bbox 2707 3341 2978 3400; x_wconf 90' lang='lat' dir='ltr'><strong>tenebras</strong></span> <span class='ocrx_word' id='word_1_445' title='bbox 3016 3338 3332 3418; x_wconf 90' lang='lat' dir='ltr'><strong>superioris</strong></span> 
     </span>
     <span class='ocr_line' id='line_1_38' title="bbox 417 3414 3332 3497; baseline 0.002 -23"><span class='ocrx_word' id='word_1_446' title='bbox 417 3417 549 3474; x_wconf 87' lang='lat' dir='ltr'><strong>luce</strong></span> <span class='ocrx_word' id='word_1_447' title='bbox 611 3414 863 3491; x_wconf 71' lang='lat' dir='ltr'><strong>gratiae,</strong></span> <span class='ocrx_word' id='word_1_448' title='bbox 924 3414 1099 3476; x_wconf 90' lang='lat' dir='ltr'><strong>nobis</strong></span> <span class='ocrx_word' id='word_1_449' title='bbox 1160 3435 1290 3476; x_wconf 89' lang='lat' dir='ltr'><strong>eam</strong></span> <span class='ocrx_word' id='word_1_450' title='bbox 1345 3418 1596 3493; x_wconf 83' lang='lat' dir='ltr'><strong>reuelat3</strong></span> <span class='ocrx_word' id='word_1_451' title='bbox 1636 3414 1894 3491; x_wconf 89' lang='lat' dir='ltr'><strong>primum</strong></span> <span class='ocrx_word' id='word_1_452' title='bbox 1932 3414 2122 3492; x_wconf 69' lang='lat' dir='ltr'><strong>intuS,</strong></span> <span class='ocrx_word' id='word_1_453' title='bbox 2161 3419 2294 3479; x_wconf 90' lang='lat' dir='ltr'><strong>luce</strong></span> <span class='ocrx_word' id='word_1_454' title='bbox 2331 3417 2560 3480; x_wconf 88' lang='lat' dir='ltr'><strong>interna</strong></span> <span class='ocrx_word' id='word_1_455' title='bbox 2599 3421 2700 3497; x_wconf 87' lang='lat' dir='ltr'><strong>Sp.</strong></span> <span class='ocrx_word' id='word_1_456' title='bbox 2743 3420 2804 3479; x_wconf 93' lang='lat' dir='ltr'><strong>S.</strong></span> <span class='ocrx_word' id='word_1_457' title='bbox 2849 3440 2903 3479; x_wconf 87' lang='lat'><strong>2.</strong></span> <span class='ocrx_word' id='word_1_458' title='bbox 2952 3420 3090 3481; x_wconf 90' lang='lat' dir='ltr'><strong>Cor.</strong></span> <span class='ocrx_word' id='word_1_459' title='bbox 3140 3440 3230 3481; x_wconf 89' lang='lat'><strong>12.</strong></span> <span class='ocrx_word' id='word_1_460' title='bbox 3277 3438 3332 3495; x_wconf 90' lang='lat'><strong>7.</strong></span> 
     </span>
     <span class='ocr_line' id='line_1_39' title="bbox 418 3494 3334 3577; baseline 0.001 -22"><span class='ocrx_word' id='word_1_461' title='bbox 418 3496 712 3573; x_wconf 81' lang='lat' dir='ltr'><strong>secundo3</strong></span> <span class='ocrx_word' id='word_1_462' title='bbox 752 3494 894 3555; x_wconf 86' lang='lat' dir='ltr'><strong>foris</strong></span> <span class='ocrx_word' id='word_1_463' title='bbox 934 3496 1068 3556; x_wconf 92' lang='lat' dir='ltr'><strong>luce</strong></span> <span class='ocrx_word' id='word_1_464' title='bbox 1108 3505 1349 3556; x_wconf 84' lang='lat' dir='ltr'><strong>externa</strong></span> <span class='ocrx_word' id='word_1_465' title='bbox 1384 3495 1549 3555; x_wconf 85' lang='lat' dir='ltr'><strong>verbi</strong></span> <span class='ocrx_word' id='word_1_466' title='bbox 1589 3495 1677 3556; x_wconf 90' lang='lat' dir='ltr'><strong>sui</strong></span> <span class='ocrx_word' id='word_1_467' title='bbox 1719 3496 1775 3555; x_wconf 77' lang='grc' dir='ltr'><strong>δι</strong></span> <span class='ocrx_word' id='word_1_468' title='bbox 1815 3496 2151 3574; x_wconf 88' lang='lat' dir='ltr'><strong>Scripturae</strong></span> <span class='ocrx_word' id='word_1_469' title='bbox 2191 3517 2394 3559; x_wconf 86' lang='lat' dir='ltr'><strong>sacrae</strong></span> <span class='ocrx_word' id='word_1_470' title='bbox 2410 3546 2427 3576; x_wconf 85' lang='lat'><strong>.‚</strong></span> <span class='ocrx_word' id='word_1_471' title='bbox 2465 3501 2667 3560; x_wconf 90' lang='lat' dir='ltr'><strong>locum</strong></span> <span class='ocrx_word' id='word_1_472' title='bbox 2706 3516 2888 3559; x_wconf 84' lang='lat' dir='ltr'><strong>vnum</strong></span> <span class='ocrx_word' id='word_1_473' title='bbox 2930 3502 3114 3561; x_wconf 89' lang='lat' dir='ltr'><strong>altero</strong></span> <span class='ocrx_word' id='word_1_474' title='bbox 3156 3499 3334 3577; x_wconf 86' lang='lat' dir='ltr'><strong>expli-</strong></span> 
     </span>
     <span class='ocr_line' id='line_1_40' title="bbox 420 3574 3334 3658; baseline 0.002 -25"><span class='ocrx_word' id='word_1_475' title='bbox 420 3574 633 3651; x_wconf 71' lang='lat' dir='ltr'><strong>cantiS‚</strong></span> <span class='ocrx_word' id='word_1_476' title='bbox 674 3576 729 3634; x_wconf 86' lang='lat'>&amp;</span> <span class='ocrx_word' id='word_1_477' title='bbox 768 3576 1041 3635; x_wconf 89' lang='lat' dir='ltr'><strong>tenebras</strong></span> <span class='ocrx_word' id='word_1_478' title='bbox 1080 3574 1435 3635; x_wconf 87' lang='lat' dir='ltr'><strong>illustrantis.</strong></span> <span class='ocrx_word' id='word_1_479' title='bbox 1487 3578 1820 3653; x_wconf 88' lang='lat' dir='ltr'><strong>Vtrumque</strong></span> <span class='ocrx_word' id='word_1_480' title='bbox 1854 3576 2015 3637; x_wconf 89' lang='lat' dir='ltr'><strong>enim</strong></span> <span class='ocrx_word' id='word_1_481' title='bbox 2055 3578 2451 3640; x_wconf 77' lang='lat' dir='ltr'><strong>necessarlum</strong></span> <span class='ocrx_word' id='word_1_482' title='bbox 2493 3578 2800 3639; x_wconf 86' lang='lat' dir='ltr'><strong>illustratio</strong></span> <span class='ocrx_word' id='word_1_483' title='bbox 2834 3579 3064 3640; x_wconf 89' lang='lat' dir='ltr'><strong>interna</strong></span> <span class='ocrx_word' id='word_1_484' title='bbox 3087 3578 3334 3658; x_wconf 88' lang='lat' dir='ltr'><strong>Spiritus</strong></span> 
     </span>
     <span class='ocr_line' id='line_1_41' title="bbox 419 3653 3334 3738; baseline 0.002 -24"><span class='ocrx_word' id='word_1_485' title='bbox 419 3656 477 3714; x_wconf 72' lang='grc' dir='ltr'><strong>ὅτ.</strong></span> <span class='ocrx_word' id='word_1_486' title='bbox 516 3653 851 3732; x_wconf 89' lang='lat' dir='ltr'><strong>Scripturae</strong></span> <span class='ocrx_word' id='word_1_487' title='bbox 890 3656 987 3714; x_wconf 86' lang='lat' dir='ltr'><strong>fax</strong></span> <span class='ocrx_word' id='word_1_488' title='bbox 1027 3656 1198 3731; x_wconf 79' lang='lat' dir='ltr'><strong>foris,</strong></span> <span class='ocrx_word' id='word_1_489' title='bbox 1237 3667 1416 3733; x_wconf 91' lang='lat' dir='ltr'><strong>prout</strong></span> <span class='ocrx_word' id='word_1_490' title='bbox 1455 3655 1516 3715; x_wconf 89' lang='lat' dir='ltr'><strong>in</strong></span> <span class='ocrx_word' id='word_1_491' title='bbox 1559 3655 1815 3716; x_wconf 90' lang='lat' dir='ltr'><strong>tenebris</strong></span> <span class='ocrx_word' id='word_1_492' title='bbox 1846 3657 2091 3717; x_wconf 89' lang='lat' dir='ltr'><strong>lucerna</strong></span> <span class='ocrx_word' id='word_1_493' title='bbox 2130 3658 2272 3718; x_wconf 86' lang='lat' dir='ltr'><strong>foris</strong></span> <span class='ocrx_word' id='word_1_494' title='bbox 2311 3676 2464 3737; x_wconf 90' lang='lat' dir='ltr'><strong>opus</strong></span> <span class='ocrx_word' id='word_1_495' title='bbox 2504 3668 2625 3738; x_wconf 82' lang='lat' dir='ltr'><strong>est,</strong></span> <span class='ocrx_word' id='word_1_496' title='bbox 2663 3658 2819 3719; x_wconf 90' lang='lat' dir='ltr'><strong>intus</strong></span> <span class='ocrx_word' id='word_1_497' title='bbox 2848 3662 3160 3720; x_wconf 87' lang='lat' dir='ltr'><strong>oculorum</strong></span> <span class='ocrx_word' id='word_1_498' title='bbox 3180 3661 3334 3719; x_wconf 86' lang='lat' dir='ltr'><strong>luce.</strong></span> 
     </span>
     <span class='ocr_line' id='line_1_42' title="bbox 420 3734 3334 3816; baseline 0.002 -23"><span class='ocrx_word' id='word_1_499' title='bbox 420 3735 591 3809; x_wconf 88' lang='lat' dir='ltr'><strong>Quae</strong></span> <span class='ocrx_word' id='word_1_500' title='bbox 633 3735 755 3795; x_wconf 89' lang='lat' dir='ltr'><strong>duo</strong></span> <span class='ocrx_word' id='word_1_501' title='bbox 797 3734 1130 3812; x_wconf 89' lang='lat' dir='ltr'><strong>Scripturae</strong></span> <span class='ocrx_word' id='word_1_502' title='bbox 1170 3734 1583 3814; x_wconf 90' lang='lat' dir='ltr'><strong>intelligendae</strong></span> <span class='ocrx_word' id='word_1_503' title='bbox 1623 3735 1887 3796; x_wconf 91' lang='lat' dir='ltr'><strong>subsidia</strong></span> <span class='ocrx_word' id='word_1_504' title='bbox 1900 3782 1916 3812; x_wconf 71' lang='grc'><em>,</em></span> <span class='ocrx_word' id='word_1_505' title='bbox 1968 3736 2266 3799; x_wconf 88' lang='lat' dir='ltr'><strong>Dominus</strong></span> <span class='ocrx_word' id='word_1_506' title='bbox 2320 3749 2522 3801; x_wconf 90' lang='lat' dir='ltr'><strong>noster</strong></span> <span class='ocrx_word' id='word_1_507' title='bbox 2559 3742 2614 3799; x_wconf 86' lang='lat'>&amp;</span> <span class='ocrx_word' id='word_1_508' title='bbox 2658 3738 2934 3816; x_wconf 92' lang='lat' dir='ltr'><strong>Apostoli</strong></span> <span class='ocrx_word' id='word_1_509' title='bbox 2973 3740 3096 3800; x_wconf 91' lang='lat' dir='ltr'><strong>eius</strong></span> <span class='ocrx_word' id='word_1_510' title='bbox 3135 3738 3334 3800; x_wconf 88' lang='lat' dir='ltr'><strong>multis</strong></span> 
     </span>
     <span class='ocr_line' id='line_1_43' title="bbox 418 3813 3332 3898; baseline 0.001 -23"><span class='ocrx_word' id='word_1_511' title='bbox 418 3814 566 3875; x_wconf 87' lang='lat' dir='ltr'><strong>locis</strong></span> <span class='ocrx_word' id='word_1_512' title='bbox 600 3813 929 3874; x_wconf 85' lang='lat' dir='ltr'><strong>inculcant:</strong></span> <span class='ocrx_word' id='word_1_513' title='bbox 971 3818 1026 3876; x_wconf 74' lang='grc' dir='ltr'><strong>δι</strong></span> <span class='ocrx_word' id='word_1_514' title='bbox 1066 3816 1181 3875; x_wconf 91' lang='lat' dir='ltr'><strong>hac</strong></span> <span class='ocrx_word' id='word_1_515' title='bbox 1221 3817 1297 3876; x_wconf 82' lang='lat' dir='ltr'><strong>de</strong></span> <span class='ocrx_word' id='word_1_516' title='bbox 1339 3832 1515 3877; x_wconf 88' lang='lat' dir='ltr'><strong>causa</strong></span> <span class='ocrx_word' id='word_1_517' title='bbox 1552 3814 1819 3877; x_wconf 90' lang='lat' dir='ltr'><strong>Christus</strong></span> <span class='ocrx_word' id='word_1_518' title='bbox 1862 3816 2145 3895; x_wconf 90' lang='lat' dir='ltr'><strong>Spiritum</strong></span> <span class='ocrx_word' id='word_1_519' title='bbox 2185 3829 2452 3879; x_wconf 89' lang='lat' dir='ltr'><strong>sanctum</strong></span> <span class='ocrx_word' id='word_1_520' title='bbox 2495 3818 2614 3880; x_wconf 88' lang='lat' dir='ltr'><strong>suis</strong></span> <span class='ocrx_word' id='word_1_521' title='bbox 2655 3819 2999 3898; x_wconf 86' lang='lat' dir='ltr'><strong>pollicetur:</strong></span> <span class='ocrx_word' id='word_1_522' title='bbox 3043 3823 3098 3881; x_wconf 74' lang='grc' dir='ltr'><strong>δι</strong></span> <span class='ocrx_word' id='word_1_523' title='bbox 3141 3822 3332 3897; x_wconf 89' lang='lat' dir='ltr'><strong>Apos-</strong></span> 
     </span>
     <span class='ocr_line' id='line_1_44' title="bbox 420 3894 3334 3974; baseline 0.002 -21"><span class='ocrx_word' id='word_1_524' title='bbox 420 3895 575 3953; x_wconf 87' lang='lat' dir='ltr'><strong>tolus</strong></span> <span class='ocrx_word' id='word_1_525' title='bbox 614 3896 816 3954; x_wconf 89' lang='lat' dir='ltr'><strong>Petrus</strong></span> <span class='ocrx_word' id='word_1_526' title='bbox 858 3904 979 3954; x_wconf 87' lang='lat' dir='ltr'><strong>tam</strong></span> <span class='ocrx_word' id='word_1_527' title='bbox 1020 3895 1281 3955; x_wconf 90' lang='lat' dir='ltr'><strong>studiose</strong></span> <span class='ocrx_word' id='word_1_528' title='bbox 1320 3894 1735 3974; x_wconf 90' lang='lat' dir='ltr'><strong>propheticum</strong></span> <span class='ocrx_word' id='word_1_529' title='bbox 1774 3899 2023 3958; x_wconf 90' lang='lat' dir='ltr'><strong>verbum</strong></span> <span class='ocrx_word' id='word_1_530' title='bbox 2056 3899 2457 3959; x_wconf 88' lang='lat' dir='ltr'><strong>commendat.</strong></span> <span class='ocrx_word' id='word_1_531' title='bbox 2497 3902 2666 3959; x_wconf 87' lang='lat' dir='ltr'><strong>Ioan.</strong></span> <span class='ocrx_word' id='word_1_532' title='bbox 2707 3902 2797 3961; x_wconf 88' lang='lat'><strong>16.</strong></span> <span class='ocrx_word' id='word_1_533' title='bbox 2832 3919 2887 3959; x_wconf 85' lang='lat'><strong>2.</strong></span> <span class='ocrx_word' id='word_1_534' title='bbox 2926 3902 3053 3961; x_wconf 90' lang='lat' dir='ltr'><strong>Pet.</strong></span> <span class='ocrx_word' id='word_1_535' title='bbox 3079 3920 3128 3960; x_wconf 92' lang='lat'><strong>1.</strong></span> <span class='ocrx_word' id='word_1_536' title='bbox 3171 3898 3334 3959; x_wconf 91' lang='lat' dir='ltr'><strong>Nihil</strong></span> 
     </span>
     <span class='ocr_line' id='line_1_45' title="bbox 420 3972 3334 4112; baseline 0.003 -79"><span class='ocrx_word' id='word_1_537' title='bbox 420 3972 578 4112; x_wconf 57' lang='lat' dir='ltr'><strong>{nim</strong></span> <span class='ocrx_word' id='word_1_538' title='bbox 635 3974 713 4035; x_wconf 91' lang='lat' dir='ltr'><strong>ad</strong></span> <span class='ocrx_word' id='word_1_539' title='bbox 770 3975 950 4035; x_wconf 89' lang='lat' dir='ltr'><strong>fidem</strong></span> <span class='ocrx_word' id='word_1_540' title='bbox 1001 3976 1316 4036; x_wconf 87' lang='lat' dir='ltr'><strong>salutarem</strong></span> <span class='ocrx_word' id='word_1_541' title='bbox 1372 3975 1626 4053; x_wconf 91' lang='lat' dir='ltr'><strong>pertinet</strong></span> <span class='ocrx_word' id='word_1_542' title='bbox 1640 4022 1657 4055; x_wconf 85' lang='lat'>,</span> <span class='ocrx_word' id='word_1_543' title='bbox 1698 3977 1865 4053; x_wconf 90' lang='lat' dir='ltr'><strong>quod</strong></span> <span class='ocrx_word' id='word_1_544' title='bbox 1905 3996 2030 4037; x_wconf 92' lang='lat' dir='ltr'><strong>non</strong></span> <span class='ocrx_word' id='word_1_545' title='bbox 2069 3978 2224 4039; x_wconf 80' lang='lat' dir='ltr'><strong>clare</strong></span> <span class='ocrx_word' id='word_1_546' title='bbox 2263 3978 2326 4038; x_wconf 87' lang='lat' dir='ltr'><strong>in</strong></span> <span class='ocrx_word' id='word_1_547' title='bbox 2367 3979 2668 4058; x_wconf 88' lang='lat' dir='ltr'><strong>Scriptura</strong></span> <span class='ocrx_word' id='word_1_548' title='bbox 2706 3977 3029 4057; x_wconf 88' lang='lat' dir='ltr'><strong>reperiatur</strong></span> <span class='ocrx_word' id='word_1_549' title='bbox 3067 3998 3334 4059; x_wconf 89' lang='lat' dir='ltr'><strong>compre-</strong></span> 
     </span>
    </p>

    <p class='ocr_par' dir='ltr' id='par_1_7' title="bbox 466 4071 695 4115">
     <span class='ocr_line' id='line_1_46' title="bbox 466 4071 695 4115; baseline 0.009 -2"><span class='ocrx_word' id='word_1_550' title='bbox 466 4071 695 4115; x_wconf 90' lang='lat' dir='ltr'><strong>ensum.</strong></span> 
     </span>
    </p>

    <p class='ocr_par' dir='ltr' id='par_1_8' title="bbox 418 4133 3336 4459">
     <span class='ocr_line' id='line_1_47' title="bbox 507 4133 3336 4216; baseline 0.003 -24"><span class='ocrx_word' id='word_1_551' title='bbox 507 4155 595 4211; x_wconf 93' lang='lat'><strong>19.</strong></span> <span class='ocrx_word' id='word_1_552' title='bbox 680 4134 1042 4212; x_wconf 88' lang='lat' dir='ltr'><strong>Scripturam</strong></span> <span class='ocrx_word' id='word_1_553' title='bbox 1084 4137 1324 4195; x_wconf 85' lang='lat' dir='ltr'><strong>Sacram</strong></span> <span class='ocrx_word' id='word_1_554' title='bbox 1364 4133 1425 4194; x_wconf 91' lang='lat' dir='ltr'><strong>in</strong></span> <span class='ocrx_word' id='word_1_555' title='bbox 1463 4154 1528 4195; x_wconf 89' lang='lat' dir='ltr'><strong>se</strong></span> <span class='ocrx_word' id='word_1_556' title='bbox 1546 4135 1922 4214; x_wconf 89' lang='lat' dir='ltr'><strong>perspicuam</strong></span> <span class='ocrx_word' id='word_1_557' title='bbox 1944 4156 2072 4199; x_wconf 89' lang='lat' dir='ltr'><strong>esse</strong></span> <span class='ocrx_word' id='word_1_558' title='bbox 2092 4137 2482 4199; x_wconf 87' lang='lat' dir='ltr'><strong>ostendimus:</strong></span> <span class='ocrx_word' id='word_1_559' title='bbox 2504 4139 2610 4199; x_wconf 90' lang='lat' dir='ltr'><strong>sed</strong></span> <span class='ocrx_word' id='word_1_560' title='bbox 2631 4136 2772 4215; x_wconf 91' lang='lat' dir='ltr'><strong>quia</strong></span> <span class='ocrx_word' id='word_1_561' title='bbox 2791 4138 2967 4216; x_wconf 89' lang='lat' dir='ltr'><strong>pauci</strong></span> <span class='ocrx_word' id='word_1_562' title='bbox 2985 4140 3336 4201; x_wconf 89' lang='lat' dir='ltr'><strong>Hebraeum</strong></span> 
     </span>
     <span class='ocr_line' id='line_1_48' title="bbox 420 4214 3334 4299; baseline 0.002 -27"><span class='ocrx_word' id='word_1_563' title='bbox 420 4232 757 4273; x_wconf 87' lang='lat' dir='ltr'><strong>sermonem</strong></span> <span class='ocrx_word' id='word_1_564' title='bbox 797 4225 898 4274; x_wconf 90' lang='lat' dir='ltr'><strong>aut</strong></span> <span class='ocrx_word' id='word_1_565' title='bbox 938 4216 1235 4275; x_wconf 89' lang='lat' dir='ltr'><strong>Graecum</strong></span> <span class='ocrx_word' id='word_1_566' title='bbox 1274 4214 1635 4295; x_wconf 77' lang='lat' dir='ltr'><strong>intelligunt,</strong></span> <span class='ocrx_word' id='word_1_567' title='bbox 1676 4234 1931 4295; x_wconf 91' lang='lat' dir='ltr'><strong>quorum</strong></span> <span class='ocrx_word' id='word_1_568' title='bbox 1970 4217 2068 4277; x_wconf 92' lang='lat' dir='ltr'><strong>ille</strong></span> <span class='ocrx_word' id='word_1_569' title='bbox 2103 4234 2426 4295; x_wconf 86' lang='lat' dir='ltr'><strong>numquam</strong></span> <span class='ocrx_word' id='word_1_570' title='bbox 2458 4218 2790 4280; x_wconf 86' lang='lat' dir='ltr'><strong>communis</strong></span> <span class='ocrx_word' id='word_1_571' title='bbox 2811 4218 2918 4279; x_wconf 88' lang='lat' dir='ltr'><strong>fuit</strong></span> <span class='ocrx_word' id='word_1_572' title='bbox 2938 4218 3050 4280; x_wconf 90' lang='lat' dir='ltr'><strong>nisi</strong></span> <span class='ocrx_word' id='word_1_573' title='bbox 3069 4218 3334 4299; x_wconf 85' lang='lat' dir='ltr'><strong>Iudaeis,</strong></span> 
     </span>
     <span class='ocr_line' id='line_1_49' title="bbox 418 4292 3334 4369; baseline 0.002 -17"><span class='ocrx_word' id='word_1_574' title='bbox 418 4292 518 4352; x_wconf 85' lang='lat' dir='ltr'><strong>hic</strong></span> <span class='ocrx_word' id='word_1_575' title='bbox 566 4294 913 4354; x_wconf 88' lang='lat' dir='ltr'><strong>iamdudum</strong></span> <span class='ocrx_word' id='word_1_576' title='bbox 960 4294 1293 4355; x_wconf 89' lang='lat' dir='ltr'><strong>communis</strong></span> <span class='ocrx_word' id='word_1_577' title='bbox 1334 4314 1461 4355; x_wconf 87' lang='lat' dir='ltr'><strong>esse</strong></span> <span class='ocrx_word' id='word_1_578' title='bbox 1501 4296 1703 4369; x_wconf 87' lang='lat' dir='ltr'><strong>desiit,</strong></span> <span class='ocrx_word' id='word_1_579' title='bbox 1746 4297 2143 4358; x_wconf 89' lang='lat' dir='ltr'><strong>necessarium</strong></span> <span class='ocrx_word' id='word_1_580' title='bbox 2181 4297 2290 4358; x_wconf 87' lang='lat' dir='ltr'><strong>fuit</strong></span> <span class='ocrx_word' id='word_1_581' title='bbox 2329 4299 2408 4358; x_wconf 90' lang='lat' dir='ltr'><strong>ad</strong></span> <span class='ocrx_word' id='word_1_582' title='bbox 2450 4298 2714 4359; x_wconf 82' lang='lat' dir='ltr'><strong>fidelium</strong></span> <span class='ocrx_word' id='word_1_583' title='bbox 2757 4299 3224 4361; x_wconf 84' lang='lat' dir='ltr'><strong>aedificationem</strong></span> <span class='ocrx_word' id='word_1_584' title='bbox 3271 4306 3334 4357; x_wconf 82' lang='lat' dir='ltr'><strong>vt</strong></span> 
     </span>
     <span class='ocr_line' id='line_1_50' title="bbox 419 4372 3330 4459; baseline 0.002 -28"><span class='ocrx_word' id='word_1_585' title='bbox 419 4372 719 4451; x_wconf 89' lang='lat' dir='ltr'><strong>Scriptura</strong></span> <span class='ocrx_word' id='word_1_586' title='bbox 762 4374 821 4433; x_wconf 89' lang='lat' dir='ltr'><strong>in</strong></span> <span class='ocrx_word' id='word_1_587' title='bbox 866 4392 1215 4435; x_wconf 89' lang='lat' dir='ltr'><strong>communes</strong></span> <span class='ocrx_word' id='word_1_588' title='bbox 1256 4373 1483 4453; x_wconf 88' lang='lat' dir='ltr'><strong>linguas</strong></span> <span class='ocrx_word' id='word_1_589' title='bbox 1522 4389 1621 4436; x_wconf 89' lang='lat' dir='ltr'><strong>aut</strong></span> <span class='ocrx_word' id='word_1_590' title='bbox 1667 4380 1933 4455; x_wconf 87' lang='lat' dir='ltr'><strong>vulgares</strong></span> <span class='ocrx_word' id='word_1_591' title='bbox 1973 4376 2425 4456; x_wconf 81' lang='lat' dir='ltr'><strong>vniuscuiusque</strong></span> <span class='ocrx_word' id='word_1_592' title='bbox 2465 4378 2656 4459; x_wconf 87' lang='lat' dir='ltr'><strong>gentis</strong></span> <span class='ocrx_word' id='word_1_593' title='bbox 2696 4378 2946 4441; x_wconf 87' lang='lat' dir='ltr'><strong>fideliter</strong></span> <span class='ocrx_word' id='word_1_594' title='bbox 2965 4379 3330 4440; x_wconf 88' lang='lat' dir='ltr'><strong>transfunde-</strong></span> 
     </span>
    </p>
   </div>
   <div class='ocr_carea' id='block_1_3' title="bbox 3135 4468 3333 4537">
    <p class='ocr_par' dir='ltr' id='par_1_9' title="bbox 3135 4468 3333 4537">
     <span class='ocr_line' id='line_1_51' title="bbox 3135 4468 3333 4537; baseline 0.01 -20"><span class='ocrx_word' id='word_1_595' title='bbox 3135 4468 3296 4519; x_wconf 86' lang='lat' dir='ltr'><strong>retur</strong></span> <span class='ocrx_word' id='word_1_596' title='bbox 3314 4503 3333 4537; x_wconf 82' lang='lat'>,</span> 
     </span>
    </p>
   </div>
  </div>
 </body>
</html>
