3923 4875
1372 397 1694 442 ‘rursu
1756 396 2418 442 rntonoorcan.
3259 383 3362 454 167

464 555 685 614 Natura
725 558 866 615 vero
908 567 1034 616 tota
1074 557 1338 638 superior
1377 561 1431 618 δι
1476 557 1743 638 inferior,
1784 557 1843 618 in
1924 559 2022 633 e(f.
2071 555 2572 630 1646.)neratione
2613 553 2868 615 hominis
2901 574 3155 633 operans
3170 601 3188 636 ,
3206 567 3370 617 natu·

464 634 655 694 raliter
696 633 817 712 agit
855 635 1021 714 quod
1062 656 1135 697 ex
1176 647 1383 698 natura
1424 647 1537 715 θεὶς
1578 655 1757 716 quam
1796 579 2142 716 Phiglosophi
2181 637 2334 698 Solis
2373 636 2616 696 nomine
2651 633 3055 713 designanmt,
3075 636 3338 698 dicentes
3357 683 3376 718 ,

464 714 567 774 Sol
606 717 659 774 δι
700 715 885 776 homo
923 715 1109 794 gignit
1146 717 1467 779 hominem.
1511 720 1721 779 Homo
1763 717 2016 796 denique
2053 727 2212 790 totus
2227 763 2246 797 ,
2281 734 2465 794 quum
2505 716 2612 776 fuit
2648 715 2790 776 vitio
2820 731 2929 775 suo
2958 719 2996 774 a
3022 715 3138 776 Dei
3155 714 3289 777 iusti
3317 717 3330 729 '

464 797 519 853 δι
558 793 807 870 puritate
847 805 1091 856 naturae
1134 797 1495 858 abalienatus
1535 798 1781 877 (primus
1818 799 2058 875 inquam
2099 799 2285 858 homo
2326 797 2546 871 Adam)
2586 796 2746 856 velut
2765 806 3105 886 corruptum
3124 807 3367 858 naturae

460 874 933 954 instrumentum,
975 875 1157 938 edidit
1174 878 1478 939 hominem
1498 878 1808 957 vitiosum;
1829 897 1941 938 nec
1960 887 2158 956 potest
2176 879 2364 938 homo
2383 875 2725 937 naturaliter
2743 874 2855 935 nisi
2873 875 3150 936 vitiosum
3171 876 3366 938 edere.

538 957 595 1013 8.
676 953 1055 1032 Quapropter
1094 955 1197 1034 qui
1235 967 1547 1036 peccatum
1588 957 1744 1019 istud
1782 977 1911 1018 esse
1947 957 2408 1019 inuoluntarium
2447 955 2788 1034 simpliciter
2819 957 3244 1034 pronunciant,
3266 959 3367 1017 fal·

463 1035 659 1092 luntur
696 1034 1011 1110 plurimum
1026 1081 1043 1114 ,
1084 1053 1268 1114 quum
1309 1038 1469 1098 idem
1508 1038 1671 1098 vario
1712 1047 1985 1114 respectu
2025 1036 2422 1097 voluntarium
2463 1039 2516 1096 δι
2557 1033 3015 1096 inuoluntarium
3055 1035 3174 1096 dici
3193 1055 3366 1114 opor-

456 1122 603 1191 teat3
642 1113 767 1173 siue
806 1115 1275 1196 generationem,
1316 1118 1441 1178 siue
1480 1119 1961 1180 constitutionem
2001 1117 2126 1178 eius
2163 1115 2502 1194 respexeris.
2545 1117 2698 1176 Nam
2741 1117 2798 1175 δι
2839 1116 3232 1176 voluntarium
3259 1115 3368 1176 fuit

458 1193 633 1252 totius
673 1195 903 1271 generis
940 1195 1001 1255 in
1039 1197 1274 1257 Adamo
1320 1209 1631 1276 peccante,
1672 1217 1745 1258 ex
1784 1197 2090 1258 communi
2128 1207 2260 1258 ortu
2293 1195 2588 1274 (quamuis
2623 1196 2683 1254 in
2705 1194 2982 1274 singulari
3000 1205 3138 1256 ortu
3157 1205 3363 1257 nostro

456 1290 578 1331 non
620 1271 695 1332 sit
731 1275 1147 1352 voluntarium)
1190 1280 1244 1337 &
1283 1277 1344 1337 in
1383 1276 1557 1338 nobis
1596 1279 1865 1356 singuIiS,
1906 1297 1980 1338 ex
2019 1295 2140 1354 quo
2177 1292 2408 1355 sumuS,
2447 1286 2538 1336 est
2577 1276 3000 1354 voluntarium,
3044 1275 3312 1352 quamuis
3330 1279 3367 1334 a

458 1351 601 1490 vitio
638 1363 878 1444 naturae
916 1355 1154 1432 oblat03
1194 1360 1251 1418 δι
1290 1376 1415 1417 non
1454 1362 1491 1418 a
1529 1360 1833 1420 voluntate
1872 1367 2096 1436 ormm,
2137 1354 2201 1417 id
2241 1367 2356 1432 est,
2398 1354 2704 1434 singularis
2741 1365 2984 1416 naturae
3022 1365 3191 1434 actu,
3230 1374 3359 1415 non

460 1449 539 1491 vo
560 1442 777 1494 untatis
816 1444 999 1494 motu.
2395 1476 2402 1485 ·

532 1531 589 1588 9.
670 1515 881 1590 Neque
939 1515 1038 1576 hic
1098 1533 1249 1594 opus
1310 1525 1426 1595 est,
1466 1527 1531 1576 vt
1583 1518 1659 1578 de
1713 1517 1955 1578 traduce
2007 1515 2260 1578 Animae
2303 1515 2492 1593 (quod
2529 1515 2696 1576 multi
2735 1513 2986 1595 faciunt)
3027 1517 3356 1576 laboretur:

458 1592 595 1650 cum
643 1604 952 1670 peccatum
988 1614 1112 1656 non
1153 1597 1229 1657 sit
1266 1598 1542 1658 materiae
1579 1607 1681 1658 aut
1718 1597 1898 1676 partis
1912 1642 1928 1675 ,
1969 1597 2074 1657 sed
2113 1597 2290 1657 totius
2325 1594 2630 1674 suppositi.
2691 1596 2846 1654 Nam
2886 1597 2942 1654 δι
2985 1597 3148 1654 Deus
3167 1605 3356 1655 totum

457 1671 777 1732 humanum
823 1691 1011 1751 genus
1060 1675 1121 1735 in
1168 1687 1373 1736 natura
1413 1677 1731 1742 collocauit
1768 1677 2186 1756 deposuitque,
2227 1678 2390 1737 velut
2426 1676 2487 1734 in
2527 1675 2727 1736 radice
2771 1676 2825 1733 δι
2866 1674 3156 1752 principio
3195 1693 3356 1735 com-

457 1751 623 1810 muni
658 1751 869 1830 ipsius:
913 1756 969 1813 δι
1019 1766 1226 1816 natura
1280 1775 1353 1817 ex
1405 1757 1719 1818 creationis
1756 1760 1885 1836 lege
1926 1757 2194 1818 ordinate
2232 1766 2424 1816 totum
2457 1774 2644 1834 genus
2675 1753 2986 1815 hominum
3023 1753 3357 1831 depositum

460 1849 639 1906 penes
692 1851 755 1892 se
795 1833 1019 1894 fundit:
1059 1845 1251 1896 totum
1291 1836 1622 1915 hominem,
1662 1837 1903 1914 inquam
1918 1883 1936 1915 ,
1978 1841 2034 1897 δι
2073 1847 2266 1896 totum
2304 1835 2561 1897 hominis
2581 1881 2599 1913 ,
2641 1834 2925 1912 quicquid
2965 1844 3208 1896 naturae
3249 1845 3361 1894 est:

456 1929 671 1988 nempe
730 1913 895 1989 quod
952 1917 1252 1976 materiale
1304 1927 1393 1977 est
1446 1917 1821 1978 materialiter
1836 1963 1853 1995 ,
1891 1917 2056 1994 quod
2097 1915 2549 1976 immateriatum
2589 1925 2677 1976 est
2709 1913 3044 1974 causaliter:
3087 1918 3141 1974 δι
3179 1916 3364 1975 homo

457 1989 789 2073 singularis,
830 1995 992 2054 velut
1027 2006 1271 2058 naturae
1309 1995 1757 2058 instrumentum
1798 1999 1877 2058 ab
1916 2016 1988 2056 ea
2027 2006 2258 2056 motum
2272 2041 2289 2075 ,
2332 1997 2636 2056 hominem
2667 1992 2882 2072 fundit,
2917 1993 3019 2072 qui
3039 1995 3365 2055 secundum

458 2081 729 2130 naturam
786 2074 973 2134 homo
1032 2074 1137 2135 sit:
1192 2077 1519 2137 secundum
1572 2077 1862 2138 rationem
1917 2081 2062 2137 vero
2114 2075 2478 2154 particularis
2526 2075 2925 2152 instrumenti,
2965 2085 3275 2152 corruptus
3313 2077 3368 2133 &

458 2147 699 2211 vitiosus
720 2153 921 2213 -homo
936 2197 953 2230 ,
994 2154 1268 2216 videlicet
1306 2176 1431 2216 non
1470 2158 1721 2234 amplius
1760 2161 1937 2234 quam
1981 2175 2118 2217 suas
2157 2165 2352 2233 partes
2386 2166 2688 2233 praestans
2717 2155 2796 2215 ad
2829 2154 3046 2230 speciei
3077 2154 3138 2214 in
3157 2165 3366 2215 natura

458 2229 759 2306 depositae
818 2236 855 2291 a
914 2235 1047 2294 Deo
1102 2235 1627 2315 propagationem:
1686 2237 2194 2313 quemadmodum
2237 2235 2297 2294 in
2335 2233 2702 2295 coordinatis
2741 2234 3018 2294 omnibus
3033 2279 3052 2312 ,
3092 2253 3186 2294 res
3223 2235 3366 2294 infe-

458 2307 641 2370 riores
678 2328 979 2389 nunquam
1021 2315 1133 2375 nisi
1172 2316 1293 2376 suis
1334 2316 1597 2394 partibus
1612 2363 1631 2394 ,
1670 2320 1727 2376 &
1765 2315 2124 2395 superiores,
2167 2316 2584 2394 defunguntur.

544 2409 633 2452 10.
710 2393 805 2453 De
854 2395 1001 2453 Fine
1032 2392 1196 2457 istius
1236 2396 1468 2458 habitus
1508 2396 1568 2458 in
1607 2397 1989 2475 corruptione
2029 2400 2083 2457 δι
2123 2394 2401 2457 iniustitia
2441 2393 2646 2473 positi,
2697 2391 2834 2471 quia
2873 2392 3239 2455 inordinatus
3278 2405 3366 2456 est

458 2470 691 2530 habitus
706 2516 724 2550 ,
776 2472 921 2533 nihil
963 2476 1201 2553 proprie
1240 2476 1361 2537 dici
1397 2486 1619 2555 potest:
1660 2478 1765 2538 sed
1807 2479 2019 2538 effecta
2061 2496 2167 2555 pro
2209 2478 2326 2537 fine
2357 2475 2508 2536 illius
2548 2473 2919 2552 exponenda.
2981 2474 3130 2533 Sunt
3167 2486 3367 2534 autem

459 2550 669 2639 effecta
729 2552 867 2611 tria:
924 2557 1111 2615 Actus
1166 2557 1423 2635 peceati,
1460 2560 1683 2618 Reatus
1700 2602 1715 2633 ,
1756 2561 1813 2618 δι
1854 2560 2080 2635 Poena,
2120 2555 2180 2616 vi
2221 2554 2613 2634 corruptionis
2654 2557 2708 2614 δι
2747 2552 3055 2614 iniustitiae
3096 2553 3366 2614 homines

461 2632 723 2707 singulos
764 2632 890 2693 sine
930 2636 1048 2693 fine
1087 2638 1533 2715 prosequentia,
1574 2637 1683 2697 nisi
1724 2657 1828 2714 per
1867 2638 1980 2698 Dei
2019 2637 2268 2715 gratiam
2307 2637 2646 2697 liberentur.

548 2730 572 2768 1
586 2729 611 2768 1
624 2754 639 2771 .
718 2714 812 2771 De
874 2716 1031 2774 Actu
1090 2714 1319 2793 peccati
1373 2719 1531 2794 apud
1582 2736 1790 2777 omnes
1831 2728 2093 2796 constat,
2136 2720 2190 2777 &
2229 2726 2358 2776 tota
2395 2715 2693 2793 Scriptura
2733 2715 2908 2792 plena
2947 2723 3052 2773 est.
3112 2716 3367 2774 Reatum

460 2790 824 2867 appellamus
876 2794 1073 2854 labem
1114 2816 1189 2855 ex
1226 2807 1475 2873 peccato
1516 2800 1570 2857 δι
1618 2796 1790 2857 simul
1828 2816 1966 2858 cum
2006 2807 2257 2875 peccato
2296 2806 2523 2874 natam,
2565 2795 2733 2873 quasi
2770 2793 3072 2854 vinculum
3111 2794 3188 2853 ad
3229 2812 3368 2871 poe-

462 2887 599 2929 nam
664 2871 968 2951 obliganS,
1026 2876 1083 2933 δι
1140 2875 1201 2933 in
1260 2894 1457 2953 poena
1506 2878 1633 2954 ipsa
1684 2878 2091 2955 constringens
2129 2894 2294 2937 reum
2335 2877 2580 2953 peccati.
2634 2877 2805 2951 Quae
2845 2892 2937 2934 res
2976 2875 3054 2934 ab
3091 2876 3366 2951 exemplo

460 2950 690 3025 peccati
746 2952 989 3013 acnmlis
1050 2955 1235 3033 magis
1294 2956 1567 3017 illustrari
1620 2967 1831 3033 potest.
1892 2960 2046 3017 Nam
2102 2968 2414 3034 peccatum
2456 2958 2686 3015 acmale
2726 2953 2970 3032 transit,
2998 2953 3102 3013 sed
3141 2963 3366 3013 reatum

458 3026 643 3105 gignit
688 3030 747 3090 vi
788 3050 893 3093 sua
929 3045 1399 3116 permanentem,
1440 3055 1563 3113 quo
1600 3056 1733 3097 reus
1766 3039 1845 3098 ad
1887 3056 2146 3115 poenam
2185 3040 2242 3097 δι
2282 3035 2342 3095 in
2383 3056 2579 3113 poena
2599 3037 2756 3113 ipsa,
2776 3036 2972 3094 donec
2991 3033 3364 3111 satisfecerit,

461 3107 770 3187 obligatur.
826 3114 1025 3173 Poena
1039 3160 1057 3193 ,
1098 3114 1221 3176 siue
1261 3120 1349 3192 (vt
1387 3119 1711 3195 Apostolus
1749 3121 1950 3193 vocat)
1991 3117 2344 3195 stipendium
2385 3116 2614 3193 peccati
2627 3160 2645 3195 ,
2685 3126 2773 3175 est
2811 3133 3004 3191 morS,
3045 3113 3142 3172 cui
3178 3115 3363 3174 homo

460 3188 693 3265 peccati
731 3192 1095 3271 mancipatus
1136 3205 1225 3255 est
1267 3194 1484 3257 iudicio
1527 3195 1659 3256 Dei.

471 3270 491 3297 ⁸
546 3287 633 3328 12.
716 3273 857 3331 Hoc
917 3285 1113 3333 autem
1166 3288 1475 3352 peecatum
1514 3277 1575 3336 in
1616 3276 1955 3354 Scripturis,
1997 3279 2054 3335 δι
2093 3286 2404 3355 peccatum
2443 3294 2729 3353 peccam,
2770 3277 2825 3335 δι
2868 3275 3060 3334 fomes
3102 3274 3362 3351 peccati,

458 3346 515 3405 δι
572 3350 669 3408 lex
728 3352 947 3431 carniS,
1006 3357 1060 3413 &
1120 3355 1602 3433 concupiscentia
1650 3356 1879 3417 dicitur.
1943 3359 2141 3433 Quam
2197 3375 2321 3416 rem
2371 3354 2594 3432 optime
2649 3354 3012 3433 Augustinus
3055 3354 3130 3415 de
3169 3354 3364 3415 verbis

458 3428 735 3503 Apostoli
773 3430 1252 3512 circumscripsit,
1292 3436 1527 3513 dicenS,
1569 3438 1812 3514 Semper
1850 3454 2048 3515 pugna
2087 3446 2177 3497 est
2210 3436 2268 3495 in
2305 3452 2556 3511 corpore
2585 3436 2790 3495 mortis
2820 3434 3018 3513 huius,
3051 3433 3215 3511 quod
3235 3432 3363 3511 ipsa

456 3511 963 3591 concupiscentia,
1022 3532 1159 3573 cum
1212 3534 1329 3591 qua
1380 3515 1501 3576 nati
1550 3534 1779 3593 sumus,
1820 3517 1971 3576 finiri
2013 3536 2136 3576 non
2179 3525 2371 3593 potest
2411 3532 2590 3591 quam
2631 3514 2734 3575 diu
2771 3514 3053 3575 viuimus:
3097 3512 3360 3590 quotidie

460 3587 641 3647 minui
687 3600 909 3669 potest,
950 3592 1101 3653 finiri
1137 3613 1261 3653 non
1300 3604 1512 3671 potest.
1578 3598 1748 3671 Quae
1788 3606 1984 3656 autem
2028 3608 2116 3656 est
2153 3594 2637 3672 concupiscentia
2673 3612 2810 3655 cum
2849 3610 2966 3671 qua
2983 3592 3106 3653 nati
3125 3589 3361 3653 sumus?

460 3666 681 3729 Vitium
736 3670 939 3748 vtique
998 3683 1113 3732 est:
1166 3674 1330 3749 quod
1370 3678 1677 3751 paruulum
1720 3676 1978 3735 habilem
2020 3674 2442 3752 concupiscere
2483 3676 2653 3751 facit,
2694 3675 2962 3735 adultum
3004 3672 3180 3733 etiam
3222 3690 3364 3732 con·

457 3747 857 3823 cupiscentcm
916 3752 1126 3812 reddit.
1188 3754 1349 3814 Sicut
1408 3754 1565 3815 enim
1626 3755 1685 3815 in
1739 3758 1917 3816 oculo
1971 3756 2134 3815 caeci
2173 3754 2232 3814 in
2284 3764 2462 3815 nocte
2501 3753 2706 3813 vitium
2749 3753 3050 3815 caecitatis
3087 3761 3176 3812 est
3189 3796 3204 3825 ,
3251 3750 3358 3811 etsi

459 3844 581 3887 non
642 3840 919 3909 apparet,
972 3850 1085 3891 nec
1135 3832 1485 3894 discernitur
1532 3835 1685 3895 inter
1720 3836 2020 3895 videntem
2059 3838 2114 3896 δι
2157 3853 2401 3895 caecum
2419 3878 2436 3911 ,
2477 3832 2586 3893 nisi
2625 3836 2757 3894 luce
2793 3832 3096 3893 veniente:
3157 3830 3255 3891 Sic
3297 3830 3358 3891 in

456 3922 641 3981 puero
682 3910 887 3971 uitium
926 3931 1053 3971 esse
1092 3931 1213 3973 non
1254 3925 1496 3991 apparet
1509 3960 1527 3991 ,
1566 3915 1763 3974 donec
1802 3917 2008 3976 aetatis
2052 3914 2436 3994 prouectioris
2455 3923 2686 3990 tempus
2707 3923 2998 3973 occurrat.
3051 3912 3356 3987 Quamob-

457 4003 581 4046 rem
632 3988 760 4066 pius
808 3990 1055 4067 quisque
1116 3991 1324 4052 merito
1386 3996 1675 4054 exclamat
1715 4012 1851 4054 cum
1892 3997 2192 4072 Apostolo
2235 3992 2528 4071 quotidie,
2584 3994 2732 4069 Quis
2771 4012 2857 4051 mc
2897 3994 3105 4071 ertjpiet
3138 4009 3214 4051 ex
3248 3994 3358 4051 isto

454 4076 700 4145 corpore
738 4070 988 4130 mortisae³
1037 4074 1287 4131 Gratias
1326 4094 1441 4148 ago
1479 4075 1613 4133 Deo
1641 4086 1759 4154 per
1800 4077 1995 4134 Iesum
2041 4076 2338 4134 Christum
2383 4074 2701 4132 Dominum
2743 4082 3028 4133 nostrum.

1688 4330 2072 4341 ——-——————
