3923 4875
576 337 690 396 130
1476 331 1811 378 ‘rntsts
1870 329 2518 376 Tuzonocicat.

568 495 727 574 ipso,
787 493 955 553 cuius
1014 503 1100 554 est
1159 493 1309 554 scire
1371 495 1599 572 omnia,
1660 513 1814 573 quae
1874 511 2010 554 sunt
2067 510 2425 571 quocunque
2477 494 2679 554 modo.
2743 494 2940 584 Atque
2979 511 3056 552 ex
3095 491 3325 570 duplici
3363 493 3488 556 hoc

568 573 807 636 obiecto
847 573 1067 650 duplex
1105 589 1289 663 quoq.
1350 573 1463 635 Dei
1503 575 1748 636 scientia
1786 584 1904 634 est:
1946 573 2236 651 Visionis,
2276 576 2333 634 δι
2371 571 2652 651 simplicis
2691 570 3126 650 intelligentiae.
3191 573 3381 649 Quae.
3422 592 3482 632 n.

570 672 694 714 non
754 651 1007 714 existunt
1055 671 1276 732 reipsa,
1328 654 1707 724 solummodo
1744 652 2172 732 intelliguntur:
2233 652 2410 714 Entia
2448 663 2647 713 autem
2687 651 2890 712 omnia
2925 651 3062 716 Deo
3101 652 3486 729 aspectabilia

570 743 736 808 sunt:
778 733 903 793 sine
942 730 1259 810 praeterito
1292 743 1395 794 aut
1430 735 1627 796 futuro
1640 780 1659 807 ,
1700 733 1927 794 ratione
1970 733 2350 794 aeternitatis:
2393 731 2520 793 sine
2550 729 2952 809 contingentia
2971 742 3240 808 respectu
3258 731 3486 810 primae

495 876 504 885 ,
572 831 814 889 causae,
864 811 973 872 etsi
1026 811 1253 872 ratione
1269 831 1277 839 ·
1292 815 1587 875 secundae
1626 815 1682 874 &
1722 813 1847 874 fieri
1883 813 2113 890 possint
2151 814 2205 872 δι
2245 830 2369 872 non
2407 811 2550 874 fieri.
2609 811 2876 871 Medium
2915 821 3114 870 autem
3154 810 3484 872 intellectus

571 891 782 967 diuini,
842 891 911 970 (si
972 892 1230 951 medium
1296 892 1415 953 dici
1474 893 1767 974 ἀναλόγως
1824 897 2046 971 potest)
2103 901 2247 952 non·
2286 892 2513 970 species
2575 889 2996 968 intelligibiles,
3045 891 3152 950 sed
3191 890 3320 968 ipsa
3357 891 3482 950 eius

570 972 819 1034 essentia
856 983 968 1031 est:
1008 971 1069 1030 in
1110 970 1229 1049 qua
1266 973 1663 1050 praeexistunt
1703 972 1903 1032 omnia
1943 971 2469 1049 supereminenter:
2511 982 2572 1032 vt
2612 972 2776 1030 Deus
2814 973 2870 1030 δι
2909 968 3170 1047 seipsum
3190 981 3398 1030 noscat
3417 971 3480 1030 in

568 1053 794 1132 seipse,
833 1053 889 1110 δε
930 1061 1163 1111 caetera
1202 1050 1399 1112 omnia
1438 1051 1497 1112 in
1538 1052 1766 1129 seipso:
1806 1053 2042 1112 Bonum
2083 1051 2325 1128 quidem
2368 1051 2682 1129 primarie,
2723 1052 2949 1110 Malum
2991 1059 3134 1110 vero
3177 1050 3482 1110 reductiue

568 1153 673 1212 per
732 1131 1071 1208 oppositum
1111 1133 1361 1191 Bonum.
1392 1132 1591 1207 Quod
1634 1131 1791 1192 enim
1832 1132 1978 1191 sciat
2015 1132 2209 1209 DeuS,
2251 1149 2374 1190 non
2415 1141 2504 1191 est
2541 1134 2578 1190 a
2617 1129 2928 1208 speciebus
2965 1147 3194 1207 rerum,
3235 1130 3344 1190 sed
3389 1147 3482 1189 res

566 1212 729 1292 qued
766 1211 885 1270 sint
921 1215 959 1270 a
998 1209 1238 1270 scientia
1279 1211 1393 1272 Dei
1436 1211 1824 1272 determinata
1862 1229 1972 1288 per
2011 1211 2397 1271 voluntatem.

647 1308 700 1370 5.
781 1293 859 1351 Et
910 1293 1057 1350 haec
1100 1289 1337 1366 quidem
1379 1292 1453 1350 de
1494 1291 1813 1351 intellectu.
1873 1292 2257 1350 Voluntatem
2297 1289 2600 1350 videamus
2615 1335 2633 1368 ,
2677 1307 2830 1366 quae
2870 1287 3233 1349 intellectum
3275 1307 3481 1349 conse-

566 1373 782 1448 quitur.
845 1379 909 1430 vt
966 1369 1123 1430 enim
1186 1371 1471 1430 naturalia
1528 1369 1853 1447 appetitum
1917 1371 2244 1429 naturalem
2303 1370 2557 1448 habent,
2609 1369 2882 1430 animalia
2919 1368 3261 1429 animalem:
3305 1368 3385 1428 ita
3425 1371 3482 1428 δι

566 1450 942 1528 intelligentia
983 1451 1365 1510 voluntatem.
1424 1452 1701 1510 Voluntas
1742 1461 1935 1510 autem
1979 1451 2071 1510 vel
2111 1450 2190 1509 de
2229 1451 2362 1510 Deo
2397 1449 2610 1509 dicitur
2644 1449 3050 1509 essentialiter:
3072 1466 3224 1525 quae
3245 1448 3481 1526 proprie

566 1531 690 1590 eius
729 1533 1001 1590 voluntas
1041 1540 1155 1602 est,
1196 1533 1251 1589 δι
1291 1531 1455 1589 cuius
1494 1540 1659 1589 actus
1698 1545 2000 1606 nunquam
2034 1548 2158 1589 non
2202 1531 2470 1606 expletur
2497 1529 2842 1608 efficaciter;
2877 1529 2971 1589 vel
2993 1529 3268 1605 figurate,
3299 1545 3480 1604 quarn

568 1612 933 1671 voluntatem
994 1608 1173 1686 signi,
1223 1611 1280 1668 &
1320 1609 1684 1669 inefficacem
1725 1610 2056 1686 appellant,
2099 1619 2160 1668 vt
2201 1619 2516 1687 praecepta
2553 1619 2732 1686 atque
2770 1607 3110 1685 interdicta3
3149 1625 3304 1684 quae
3347 1609 3484 1666 cum

566 1709 682 1750 nec
718 1691 862 1749 fiant
898 1706 1163 1765 semper,
1203 1707 1315 1747 nec
1354 1689 1478 1748 fieri
1515 1689 1755 1765 quidem
1795 1690 1933 1748 velit
1973 1690 2169 1766 DeuS,
2209 1689 2366 1748 iuxta
2399 1689 2701 1748 decretum
2734 1687 3047 1749 voluntatis
3069 1705 3240 1764 suae:
3277 1685 3483 1746 referri

573 1773 731 1830 certe
792 1769 869 1828 ad
906 1769 1067 1827 illam
1106 1768 1345 1844 proprie
1384 1786 1508 1828 non
1548 1779 1809 1845 possunt.
1852 1771 1908 1828 &
1947 1769 2024 1829 de
2064 1771 2174 1828 liac
2215 1768 2452 1845 quidem
2495 1768 2636 1828 nihil
2679 1770 2796 1828 hoc
2835 1769 2994 1828 loco,
3053 1769 3235 1826 Matt.
3263 1768 3338 1826 .6.
3387 1787 3478 1825 10.

574 1847 914 1910 Essentialis
952 1858 1040 1906 est
1078 1856 1243 1905 actus
1282 1848 1342 1906 in
1386 1850 1517 1907 Deo
1558 1847 1918 1924 liberrimuS,
1958 1860 2080 1925 atq.
2121 1848 2260 1908 inde
2299 1847 2596 1925 pendens:
2638 1867 2761 1924 quo
2793 1849 2921 1907 vult
2936 1849 3165 1908 bonum
3189 1847 3445 1906 vtfinem
3464 1893 3482 1923 e

574 1931 629 1988 &
688 1926 765 1986 ad
828 1927 1055 1985 bonum
1102 1925 1321 1986 omnia.
1380 1927 1699 1987 Obiectum
1740 1927 1863 1988 eius
1902 1930 2130 1988 bonum
2173 1937 2292 2006 est,
2333 1938 2395 1988 vt
2432 1929 2655 1986 Verum
2698 1927 3055 2004 intellectus,
3097 1937 3181 1986 vt.
3221 1945 3280 1986 n.
3319 1925 3484 1985 intel-

577 2007 705 2084 ligit
741 2004 971 2083 omnia,
1011 2006 1092 2064 ita
1131 2005 1279 2064 haec
1318 2025 1389 2066 ea
1426 2007 1801 2072 determinat..
1844 2007 1986 2067 nihil
2029 2011 2232 2068 volens
2269 2006 2381 2067 nisi
2417 2008 2675 2067 bonum:
2719 2007 2946 2067 Malum
2985 2017 3184 2066 autem
3221 2023 3345 2066 non
3370 2004 3482 2064 nisi

576 2087 802 2145 ratione
860 2083 1026 2144 boni.
1086 2085 1319 2144 Bonum
1358 2096 1555 2146 autem
1598 2087 1818 2164 duplex
1855 2097 1971 2147 est:
2011 2089 2349 2166 Summum,
2388 2100 2452 2147 vt
2492 2087 2618 2164 ipse
2661 2089 2848 2164 Deus3
2890 2089 2946 2146 δε
2986 2084 3482 2161 Subordinatum,

574 2175 637 2226 vt
698 2165 919 2241 reliqua
978 2175 1209 2241 praeter
1245 2166 1443 2226 Deum
1484 2166 1711 2244 omnia,
1752 2166 2022 2227 ordinata
2062 2168 2141 2226 ad
2183 2167 2374 2245 ipsum
2411 2176 2475 2226 vt
2513 2166 2706 2226 media
2743 2166 2824 2226 ad
2861 2182 3030 2225 suum
3071 2166 3271 2224 finem.
3329 2164 3484 2224 Illud

496 2261 501 2274 ·
574 2244 914 2322 primarium
930 2289 947 2322 ,
987 2244 1107 2304 hoc
1146 2245 1556 2306 secundarium
1596 2246 1914 2307 voluntatis
1954 2245 2256 2308 obiectum
2295 2255 2413 2307 est:
2455 2249 2511 2306 &
2549 2247 2781 2323 vtrique
2819 2263 2924 2306 sua
2955 2245 3276 2322 respondet
3292 2243 3480 2322 acii03

574 2326 711 2384 cum
775 2323 909 2384 finis
948 2335 1283 2402 appetatur,
1326 2325 1522 2387 media
1562 2328 1705 2386 vere
1742 2324 2057 2404 eligantur:
2101 2325 2398 2387 liberrime
2437 2325 2675 2402 quidem
2717 2338 3028 2402 virumque
3069 2325 3130 2383 in
3170 2325 3336 2393 Deo:
3379 2323 3484 2382 sed

574 2405 808 2465 diuerso
868 2415 1066 2465 tamen
1129 2404 1334 2468 mode.
1394 2406 1537 2467 Vult
1592 2406 1750 2466 enim
1804 2407 1970 2468 Deus
2030 2405 2282 2486 seipsum
2299 2452 2316 2485 ,
2377 2409 2432 2467 &
2488 2405 2737 2485 gloriam
2791 2423 2989 2485 suam,
3027 2423 3100 2465 ex
3139 2403 3484 2464 necessitate

574 2495 844 2545 naturae:
906 2484 1099 2545 media
1156 2495 1353 2546 autem
1392 2486 1553 2561 iuxta
1591 2486 1897 2547 arbitrium
1940 2486 2257 2547 voluntatis
2273 2532 2290 2563 ,
2329 2487 2454 2547 sine
2497 2488 2612 2546 vlla
2652 2485 3001 2546 necessitate
3015 2529 3033 2561 ,
3073 2497 3483 2562 praeterquam

571 2566 1003 2643 hypotheseos.
1062 2582 1215 2641 quae
1266 2566 1506 2643 propria
1542 2566 2027 2628 immutabilitatis
2067 2577 2175 2627 est.
2215 2568 2278 2641 (f.
2328 2568 2521 2643 1615.)
2564 2566 2717 2626 Cum
2758 2578 2955 2626 autem
2997 2564 3333 2625 Mediorum
3369 2562 3484 2623 alia

571 2647 840 2706 absolute
890 2647 1053 2704 bona
1092 2644 1235 2723 siut,
1274 2645 1389 2705 alia
1428 2646 1581 2705 male
1623 2648 1950 2706 secundum
1983 2646 2158 2723 quid:
2201 2647 2300 2707 illa
2339 2646 2579 2723 quidem
2618 2647 2782 2706 Deus
2821 2648 2966 2705 vult*
2987 2642 3287 2718 effectiue,
3326 2660 3479 2719 quae

573 2726 844 2785 voluntas
903 2724 1257 2801 beneplaciti
1314 2737 1431 2785 est:
1488 2728 1636 2786 haec
1674 2730 1818 2787 vere
1858 2724 2199 2803 permissiue
2241 2727 2502 2802 tantum,
2542 2727 2832 2787 substrata
2871 2723 3230 2785 ordinationi
3268 2722 3476 2801 ipsius,

572 2822 752 2897 quam
814 2804 1009 2882 placiti
1068 2814 1496 2881 nuncuparunt.
1560 2806 1659 2865 Ad
1720 2805 2046 2883 potentiam
2096 2804 2426 2882 veniamuS,
2479 2823 2631 2884 quae
2671 2804 2990 2866 voluntatis
3027 2802 3476 2881 quodammodo

573 2894 1021 2944 instrumentum
1056 2894 1161 2944 est.

651 2966 707 3024 6.
789 2966 1055 3025 Potentia
1107 2975 1303 3029 autem
1342 2963 1457 3024 alia
1495 2963 1727 3042 passiua
1765 2975 1885 3040 est,
1925 2967 1982 3024 δι
2021 2964 2344 3039 ἀδυναμίας
2383 2964 2576 3041 potius
2617 2968 2796 3041 quam
2831 2964 3126 3039 δυνάμεως
3140 3006 3158 3040 ,
3189 2966 3216 3000 ¹¹*
3247 2961 3325 3022 de
3363 2980 3481 3039 qua

574 3042 718 3102 nihil
760 3045 878 3104 hoc
918 3046 1086 3102 loco:
1126 3043 1241 3101 alia
1278 3042 1499 3113 actiua,
1539 3061 1690 3122 quae
1729 3042 1791 3104 in
1830 3046 1966 3105 Deo
2007 3042 2494 3104 eminentissima:
2534 3046 2591 3104 δε
2629 3045 2870 3120 quidem
2911 3043 3182 3103 absoluta
3209 3044 3304 3101 vel
3323 3040 3478 3103 ordi·

572 3122 755 3181 naria.
798 3124 1020 3183 Mami.
1068 3142 1161 3199 19.
1207 3124 1297 3183 26.
1344 3144 1394 3182 2.
1448 3124 1594 3183 Tim.
1644 3144 1694 3183 2.
1747 3142 1835 3199 13.
1897 3124 2190 3185 Absoluta
2228 3134 2316 3183 est
2351 3133 2516 3184 actus
2545 3122 2896 3199 essentialiS,
2918 3140 3040 3200 quo
3059 3132 3255 3199 potest
3275 3122 3479 3181 omnia

574 3201 911 3278 simpliciter
970 3200 1297 3281 possibilia,
1343 3221 1497 3279 quae
1550 3202 2113 3264 contradictionem.
2139 3220 2263 3263 non
2315 3202 2649 3281 implicant:
2705 3202 2984 3281 pauciora
3021 3202 3264 3279 quidem
3303 3204 3481 3278 quam

572 3280 874 3357 intelligit,
937 3280 1089 3340 inter
1140 3299 1293 3359 quae
1344 3286 1400 3343 δι
1442 3284 1597 3343 mala
1636 3293 1802 3356 sunt,
1841 3284 2010 3359 plura
2049 3291 2246 3342 tamen
2285 3287 2466 3359 quain
2506 3295 2606 3343 aut
2645 3284 2770 3345 vult
2809 3294 2912 3343 aut
2951 3282 3106 3342 facit.
3167 3279 3476 3342 Ordinaria

571 3372 771 3419 autem
810 3370 976 3421 actus
1017 3360 1129 3420 Dei
1168 3360 1532 3423 successiuus
1570 3372 1689 3439 est,
1732 3362 2037 3423 efficientis
2076 3378 2184 3421 suo
2225 3372 2494 3441 tempore
2533 3382 2603 3425 ea
2631 3363 2832 3423 omnia
2851 3366 2906 3422 &
2929 3364 3056 3423 sola
3074 3364 3254 3439 quam
3272 3371 3477 3438 poten-

572 3440 826 3517 tissime,
865 3456 1016 3516 quae
1054 3442 1357 3502 voluntate
1399 3460 1504 3502 sua
1542 3440 1956 3502 determinauit
1994 3444 2072 3503 ab
2113 3452 2372 3501 aeterno·
2416 3446 2524 3503 Illa
2559 3442 2909 3521 essentialiS,
2927 3442 3079 3501 haec
3099 3440 3342 3500 actualis
3361 3451 3478 3499 est:

576 3522 631 3579 81
687 3520 1013 3579 secundum
1055 3529 1365 3596 vtrumque
1405 3520 1783 3612 omnipotens
1824 3522 2014 3600 Deus,
2055 3520 2162 3581 sed
2201 3523 2526 3583 secundum
2565 3524 2726 3583 illam
2788 3520 3041 3582 maxime
3081 3538 3233 3599 quae
3271 3520 3476 3580 volun·

572 3598 707 3658 tatis
746 3599 988 3659 decreto
1030 3616 1151 3657 non
1194 3598 1705 3661 circumscribitur.
1770 3602 1847 3661 Et
1885 3603 2034 3662 haec
2074 3599 2314 3678 quidem
2356 3603 2433 3663 de
2471 3604 2648 3681 Esse,
2690 3602 2952 3679 sequitur
3000 3603 3201 3665 Vnum.
3367 3666 3377 3675 ,

657 3696 709 3753 7.
792 3680 901 3739 Est
956 3689 1153 3737 autem
1211 3680 1376 3739 Deus
1429 3681 1680 3740 maxime
1733 3696 1908 3754 vnus,
1965 3682 2144 3741 Deut.
2187 3682 2242 3739 6.
2281 3680 2566 3743 indiuisus
2605 3682 2665 3742 in
2706 3700 2800 3756 se,
2843 3684 2898 3742 δε
2938 3682 3160 3742 diuisus
3197 3680 3276 3739 ab
3315 3678 3480 3739 omni

573 3757 709 3818 alio.
773 3757 1081 3834 Quidquid
1134 3768 1333 3819 autem
1372 3759 1609 3821 vnitatis
1646 3769 1735 3820 est
1772 3760 1832 3820 in
1872 3760 2180 3837 creaturis»,
2221 3760 2284 3819 id
2323 3773 2412 3822 est
2449 3766 2527 3823 ab
2565 3764 2723 3841 ipso,
2766 3778 3015 3840 quarum
3055 3768 3250 3837 partes
3289 3758 3479 3817 diuer-

574 3836 833 3898 sissimae
872 3857 994 3899 non
1035 3838 1393 3898 conueniant
1432 3841 1494 3899 in
1534 3858 1716 3900 vnum
1732 3884 1749 3917 ,
1787 3840 1901 3901 nisi
1938 3843 2018 3901 ab
2056 3858 2176 3901 vno
2219 3838 2542 3902 ordinatae.
2581 3844 2750 3902 Vnus
2789 3853 2986 3901 autem
3026 3841 3189 3900 Deus
3227 3848 3316 3897 est
3353 3856 3476 3897 non

572 3916 871 3996 analogia,
931 3930 1033 3977 aut
1090 3936 1337 3996 genere,
1398 3922 1491 3979 vel
1546 3919 1772 3999 specie,
1826 3922 2041 3980 horum
2093 3917 2252 3980 enim
2301 3920 2443 3980 nihil
2495 3921 2556 3981 in
2610 3924 2804 3982 Deum
2857 3918 3045 3997 cadit,
3085 3919 3191 3978 sed
3229 3935 3478 3978 numero

572 4006 750 4071 atque
809 3995 1234 4057 indiuiduitate.
1298 4000 1451 4059 Cum·
1514 4000 1667 4059 enim
1720 4001 1881 4059 Deus
1930 4000 2003 4061 sit
2041 4000 2233 4077 ipsum
2274 4016 2443 4059 suum
2487 4020 2642 4081 esse,
2683 4000 2946 4079 sequitur
2984 4001 3143 4058 certe
3183 4009 3246 4058 vt
3284 3996 3476 4075 ipsum

572 4072 837 4134 diuinum
898 4096 1025 4137 esse
1076 4094 1259 4137 vnum
1297 4078 1371 4138 sit
1412 4085 1475 4138 τό
1518 4080 1583 4139 δε
1628 4084 1719 4158 tl,
1766 4090 1941 4157 atque
1980 4076 2372 4140 indiuiduam.
2432 4082 2632 4142 Vnum
2671 4091 2867 4142 autem
2908 4080 3126 4156 duplex
3164 4087 3278 4138 est:
3320 4076 3478 4137 aliud

572 4153 997 4233 Simplicitatis,
1040 4156 1205 4233 quod
1244 4160 1481 4236 proprie
1496 4204 1513 4235 ,
1554 4164 1609 4219 &
1650 4178 1755 4235 per
1792 4179 1855 4220 se
1897 4178 2080 4219 vnum
2119 4168 2232 4219 est:
2274 4160 2436 4219 aliud
2477 4160 2953 4241 compositioniS,
2993 4158 3160 4235 quod
3199 4176 3307 4235 per
3327 4156 3478 4217 acci·

572 4233 750 4309 denS,
792 4244 971 4309 atque
1010 4240 1088 4295 ab
1128 4236 1265 4296 alio.
1328 4238 1598 4312 Quorum
1640 4250 1702 4297 vt
1740 4238 1857 4298 hoc
1898 4250 2296 4299 creaturarum
2342 4249 2464 4317 est,
2504 4242 2586 4301 ita
2625 4240 2770 4301 illud
2803 4239 2980 4299 solius
3001 4237 3146 4298 Dei:
3166 4236 3333 4298 cuius
3351 4238 3478 4297 sola

572 4323 660 4372 est
700 4313 1129 4373 absolutissima
1166 4318 1535 4396 simplicitas,
1574 4336 1725 4395 quae
1764 4336 1877 4379 nec
1918 4318 2046 4397 ipsa
2083 4320 2141 4378 in
2181 4336 2312 4377 sese
2351 4322 2688 4398 composita
2727 4330 2814 4380 est
2854 4320 2978 4379 vllo
3017 4320 3202 4379 niodo
3217 4362 3248 4408 ,⁸
3275 4326 3377 4407 aut
3414 4315 3475 4375 in

2983 4410 3472 4475 compositionem
