3923 4875
550 367 658 423 14²
1470 363 1798 408 ‘russas
1853 358 2506 410 Tnsonocrcan.

628 540 683 601 5.
761 524 938 582 Nunc
999 521 1077 582 ad
1116 545 1242 586 rem
1280 525 1469 616 ipsam
1508 523 1919 618 explicandam
1958 523 2296 604 veniamus,
2335 523 2398 586 in
2436 543 2555 604 qua
2594 525 2706 586 tria
2744 525 2806 586 in
2843 523 3053 618 primis
3091 525 3453 586 declaranda

544 616 698 665 sunt.
738 601 939 664 Primo
953 647 971 679 ,
1010 604 1178 681 quod
1216 605 1470 666 essentia
1508 603 1711 665 diuina
1750 603 1811 663 in
1852 603 2118 679 pluribus
2131 647 2150 682 ,
2189 603 2253 664 id
2292 616 2381 666 est
2419 605 2604 668 tribus
2621 603 2890 686 personis
2911 604 3190 666 subsistat
3207 605 3454 666 demon-

543 684 867 744 strandum.
926 692 1055 743 tum
1114 703 1315 745 earum
1374 683 1525 745 inter
1582 703 1647 746 se
1709 686 1777 744 τὸ
1839 685 2155 759 όμοούσιον
2206 685 2660 748 ostendendum.
2722 688 2812 746 Ac
2853 684 3112 762 denique
3151 683 3455 746 distinctio

541 762 801 842 ipsarum
838 761 1164 854 personalis
1202 783 1276 825 ac
1314 781 1563 856 operum
1602 762 2000 842 personalium
2014 805 2032 840 ,
2070 761 2332 826 videnda
2370 776 2475 826 est.

625 845 683 904 6.
764 841 1093 903 Essentiam
1131 843 1445 904 diuinam·
1428 864 1490 904 ιιι
1531 843 1796 923 pluribus
1833 839 2102 923 personis
2133 843 2478 937 subsistere,
2511 845 2739 907 ratione
2770 863 2892 906 non
2928 846 3280 936 probamus,
3315 843 3454 921 quia

544 941 720 1000 supra
759 923 1048 984 rationem
1086 935 1205 985 est.
1246 926 1522 1000 exemplo
1558 943 1685 984 non
1724 937 2170 1015 comparamus,
2207 923 2346 1001 quia
2383 923 2679 1004 singulare
2717 935 2837 1004 est,
2882 923 3012 1000 (etsi
3051 921 3228 986 etiam
3261 922 3456 986 simili-

542 1006 654 1064 bus
693 1003 959 1082 animae,
999 1003 1323 1066 constantis
1364 1023 1439 1065 ex
1479 1019 1586 1064 sua
1623 1002 1876 1065 essentia
1914 1005 1972 1063 &
2011 1001 2240 1064 duabus
2281 1003 2402 1065 suis
2439 969 2843 1067 facultatibus·
2886 1003 3073 1084 Solis,
3109 1023 3181 1066 ex
3200 1022 3454 1082 corpore

546 1083 863 1162 splendore
912 1086 967 1144 δι
1006 1085 1230 1144 calore:
1272 1083 1555 1163 Arboris,
1594 1087 1629 1144 ὲ
1668 1083 1868 1145 radice
1881 1128 1898 1161 ,
1940 1093 2186 1158 trunco,
2227 1085 2285 1145 &
2323 1085 2500 1146 ramis
2539 1083 2876 1163 mysterium
2922 1085 3042 1146 hoc
3083 1087 3310 1162 crasse,
3329 1102 3452 1144 non

542 1163 927 1224 incommode
984 1174 1184 1225 tamen
1244 1128 1670 1234 adumbretur).
1728 1160 2113 1242 probationes
2169 1181 2244 1224 ex
2297 1165 2611 1243 Scripturis
2662 1165 2968 1244 generales
3016 1163 3260 1242 quidem
3291 1166 3456 1240 (nam

540 1243 823 1320 speciales
862 1241 1221 1320 singularum
1258 1263 1645 1322 personarum
1688 1182 1817 1304 aliis
1854 1240 2264 1334 relinquimus)
2305 1245 2418 1306 hae
2456 1255 2650 1306 sunto.
2693 1247 2785 1305 Ex
2825 1243 3010 1304 veteri
3048 1246 3454 1305 Testament0.

540 1323 739 1384 Primo
802 1321 1044 1383 nomina
1098 1341 1249 1402 quae
1296 1323 1597 1402 Scriptura
1633 1323 1813 1385 habet
1850 1322 1929 1384 ad
1969 1320 2420 1414 significandum
2460 1327 2686 1386 Deum.
2728 1340 2982 1416 quorum
3023 1326 3162 1384 cum
3201 1322 3458 1416 plurima

544 1403 658 1464 sint
696 1401 1002 1482 singularis
1041 1403 1300 1464 numeri.
1342 1404 1465 1464 duo
1508 1413 1707 1464 tamen
1720 1449 1739 1482 ,
1779 1420 1931 1480 quae
1971 1401 2318 1496 relationem
2356 1406 2662 1481 quandam
2699 1405 2756 1464 δι
2794 1403 3230 1464 ordinationem
3268 1399 3457 1464 nostri

540 1485 619 1544 ad
677 1485 877 1544 Deum
934 1483 1263 1562 significant
1320 1482 1531 1561 plurali
1588 1501 1838 1544 numero
1896 1481 2201 1542 enunciari
2261 1485 2482 1545 solent.
2543 1486 2782 1545 Elohim
2839 1493 2982 1562 puta
2995 1527 3013 1562 ,
3073 1485 3129 1544 δι
3187 1485 3430 1543 Adonai
3437 1527 3456 1562 ,

542 1581 797 1640 quorum
836 1565 955 1623 hoc
995 1563 1334 1642 dominum,
1376 1563 1523 1624 illud
1562 1566 1705 1625 vero
1744 1561 2080 1655 Principem
2095 1605 2114 1640 ,
2129 1562 2560 1656 ‘magistratum
2602 1581 2707 1626 seu
2749 1563 3004 1624 iudicem
3045 1561 3362 1654 sig-nificat,
3397 1572 3462 1623 vt

542 1645 755 1703 Paulus
814 1642 1249 1721 interpretatur.
1314 1645 1443 1703 Act.
1490 1663 1582 1720 23.
1580 1659 1683 1783 οά5.
1722 1641 2004 1704 nimirum
2041 1639 2182 1720 quia
2219 1640 2282 1702 in
2321 1643 2421 1705 illa
2461 1645 2746 1705 relatione
2787 1644 2842 1703 &
2881 1641 3254 1704 ordinatione
3293 1644 3458 1703 Deus

540 1743 667 1784 sese
706 1722 987 1783 creaturis
1027 1723 1243 1800 aperit
1283 1726 1463 1800 quam
1502 1741 1599 1783 eui
1642 1721 1959 1784 entissime.
1999 1721 2306 1800 Secundo,
2347 1722 2626 1787 attributa
2646 1722 2893 1803 pluralia
2909 1740 3065 1800 quae
3083 1741 3190 1800 per
3211 1722 3458 1783 modum

541 1803 834 1882 qualitatis
896 1804 971 1863 de
1027 1805 1162 1864 Deo
1204 1803 1621 1882 enunciantur,
1664 1800 2002 1863 cuiusmodi
2041 1811 2130 1862 est
2168 1819 2308 1863 cum
2346 1806 2512 1865 Deus
2552 1804 2818 1865 viuentes
2831 1847 2850 1881 ,
2889 1812 2989 1862 aut
3033 1801 3222 1862 sancti
3257 1804 3456 1893 appel·

544 1885 727 1960 latur,
789 1885 998 1944 serem.
1064 1903 1153 1943 ιο.
1222 1903 1313 1944 ιο.
1371 1883 1607 1962 Tertio,
1646 1885 1836 1945 multo
1876 1880 2054 1942 etiam
2095 1881 2457 1944 manifestius
2497 1883 2597 1945 vbi
2637 1882 2875 1945 diuinae
2911 1881 3217 1954 actiones,
3257 1881 3384 1944 siue
3421 1884 3458 1940 a

549 1966 685 2023 Deo
744 1960 874 2040 ipso
890 2007 907 2037 ,
968 1960 1093 2023 siue
1149 1963 1227 2022 ab
1285 1960 1413 2022 aliis
1472 1961 1550 2024 de
1601 1964 1766 2042 Dec,
1806 1979 2056 2024 numero
2095 1960 2307 2040 plurali
2335 1963 2790 2056 praedicantur,
2833 1973 2894 2023 vt
2933 1961 3194 2040 exempli
3231 1979 3458 2022 caussa.

554 2044 700 2102 Gen.
769 2062 821 2102 1.
886 2044 977 2101 26.
1038 2040 1183 2102 dixit
1230 2041 1503 2120 Elohim,
1547 2008 1830 2104 faciamus
1868 2040 2174 2103 hominem
2215 2041 2350 2104 ad
2331 2043 2651 2121 imaginem
2689 2052 2988 2117 nostram,
3029 2045 3141 2102 &c.
3201 2041 3280 2102 Et
3319 2043 3454 2102 Esa.

549 2139 644 2200 54.
709 2137 763 2198 5.
823 2141 963 2182 nam
1003 2121 1287 2200 coniuges
1327 2121 1413 2182 tui
1454 2123 1710 2184 factores
1751 2124 1845 2182 vel
1888 2122 2131 2213 opifices
2171 2121 2287 2200 tui,
2329 2123 2494 2184 cuius
2535 2142 2757 2185 nomen
2797 2125 3022 2184 Iehoua
3061 2119 3456 2212 exercituum,

546 2219 798 2294 quarum
838 2200 1057 2263 similes
1095 2203 1224 2279 lo(f.
1265 2205 1371 2262 162
1381 2219 1413 2294 5
1422 2203 1777 2280 .)quutiones
1808 2201 1869 2261 in
1890 2200 2205 2278 scripturis
2225 2222 2401 2282 saepe
2421 2213 2770 2283 occurrunt,
2793 2222 2868 2263 ex
2886 2202 3103 2293 quibus
3121 2219 3246 2262 non
3264 2200 3459 2279 potuit

544 2281 735 2360 prisca
772 2282 1127 2343 Iudaeorum
1172 2281 1441 2344 Ecclesia
1478 2300 1601 2344 non
1623 2301 1990 2374 cognoscere
2009 2299 2396 2360 personarum
2417 2248 2847 2376 pluralitatem
2831 2303 2892 2343 ιιι
2915 2279 3135 2342 vnitate
3153 2280 3460 2341 essentiae.

628 2380 681 2437 7.
760 2363 831 2421 In
870 2380 1033 2422 nouo
1072 2365 1455 2422 Testamento
1494 2361 1612 2423 loci
1652 2374 1787 2423 sunt
1827 2361 1887 2421 in
1928 2379 2034 2423 ore
2074 2361 2367 2423 οιιιιιὶιιιιι.
2411 2373 2529 2424 tres
2569 2362 2744 2424 nobis
2780 2361 2870 2424 his
2911 2359 3049 2422 satis
3087 2358 3267 2421 futuri
3299 2369 3456 2420 sunt.

545 2442 775 2503 Primus
816 2453 906 2504 est
942 2444 1019 2503 de
1058 2443 1360 2522 Baptismo
1405 2442 1655 2503 Christi.
1699 2442 1801 2505 vbi
1840 2452 1960 2503 tres
1998 2462 2286 2519 personae
2326 2442 2636 2505 distinctae
2671 2446 2906 2505 fuerunt
2945 2439 3172 2520 positae
3187 2486 3204 2517 ,
3245 2451 3372 2501 tum
3393 2440 3456 2500 in

547 2521 939 2601 promissione
977 2524 1192 2584 Ioann.
1236 2540 1277 2585 1.
1316 2533 1445 2584 tum
1485 2526 1627 2584 vero
1668 2522 1727 2583 in
1764 2521 2132 2584 exhibitione
2170 2526 2396 2584 Matth.
2436 2544 2494 2601 3.
2535 2526 2741 2585 Marc.
2781 2540 2822 2584 1.
2863 2526 2941 2583 ὁ*
2975 2524 3122 2582 Luc.
3144 2540 3202 2598 3.
3243 2523 3459 2582 Secun-

547 2604 659 2663 dus
697 2614 787 2663 est
825 2602 887 2663 in
927 2602 1417 2695 promissionibus
1452 2602 1688 2695 spiritus
1734 2601 1990 2663 veritatis
2025 2606 2063 2662 a
2102 2600 2340 2664 Christo
2381 2603 2554 2665 factis
2593 2602 3046 2695 Ioann.143&·
3063 2619 3180 2678 seq.
3223 2599 3456 2661 Tertius

543 2682 800 2760 denique
854 2680 915 2742 in
964 2683 1247 2761 Baptismi
1284 2682 1647 2744 institutione
1685 2682 1971 2761 solemni,
2011 2700 2131 2759 qua
2170 2682 2358 2761 Patri,
2396 2682 2580 2761 Fili0,
2622 2684 2678 2743 δι
2715 2681 2944 2761 spiritui
2983 2693 3194 2741 sancto
3234 2698 3458 2741 nomen

546 2763 836 2823 dedimus.
878 2762 999 2839 Qui
1038 2763 1158 2824 loci
1198 2782 1321 2823 non
1362 2763 1589 2823 tantum
1629 2774 1749 2824 tres
1786 2782 2070 2855 personas
2091 2760 2152 2821 in
2173 2728 2389 2824 deitate
2427 2782 2555 2824 esse
2575 2763 2824 2824 docent.
2846 2762 2950 2823 sed
2971 2762 3147 2821 etiam
3169 2777 3460 2837 quaenam

546 2842 681 2903 illae
719 2841 835 2902 sint
876 2861 1001 2937 per·
1020 2842 1409 2922 proprietates
1450 2846 1505 2904 &
1542 2842 1857 2905 relationes
1899 2840 2159 2920 ipsarum
2199 2844 2277 2903 ad
2319 2862 2382 2903 se
2428 2847 2633 2904 mutuo
2663 2841 2984 2922 explicant,
3015 2843 3186 2900 Pater
3204 2840 3460 2919 scilicet,

546 2922 725 2999 filius,
766 2924 821 2981 δι
861 2921 1099 3001 spiritus
1142 2932 1378 2983 sanctus
1392 2968 1409 2997 ,
1452 2940 1605 3000 quae
1644 2922 1705 2982 in
1745 2921 1927 2984 veteri
1966 2924 2349 2983 Testamento
2383 2925 2634 3001 Iehoua,
2667 2923 2934 2985 Verbum
2957 2922 3012 2981 δι
3032 2918 3299 2999 spirituS,
3317 2884 3460 2980 item

544 3004 768 3063 Iehoua
781 3047 797 3079 ,
844 3004 1110 3081 Angelus
1160 3002 1362 3078 faciei,
1403 3006 1461 3063 δι
1498 3002 1734 3082 spiritus
1774 3001 1992 3080 passim
2032 3004 2418 3095 appellantur.
2465 3024 2519 3063 2.
2561 3002 2722 3063 Sam.
2765 3020 2818 3077 7.
2860 3023 2892 3062 2
2905 3023 2952 3062 1.
2999 3018 3050 3060 2.
3100 2964 3322 3060 Chron.
3367 3017 3458 3090 17.

550 3102 642 3173 ,¹9·
682 3084 830 3143 Esa.
874 3085 971 3158 63.
1012 3104 1067 3161 9.
1118 3102 1209 3143 10.
1252 3084 1426 3159 Hag.
1470 3102 1524 3143 2.
1568 3099 1624 3160 5.
1686 3084 1869 3157 Quod
1911 3086 2052 3143 vero
2092 3094 2208 3142 tres
2251 3080 2312 3142 hi
2351 3102 2490 3143 vera
2509 3082 2623 3144 sint
2647 3084 3014 3158 ὕφιςάμενα,
3035 3089 3227 3157 patet,
3247 3078 3461 3157 &quia

546 3162 626 3221 ita
674 3161 736 3221 in
784 3161 1085 3239 Scriptura
1126 3162 1505 3223 nominantur
1544 3173 1606 3222 vt
1644 3165 1820 3240 supra
1858 3161 2224 3239 audiuimus,
2265 3166 2322 3223 δι
2361 3162 2508 3255 quia
2537 3160 2598 3221 in
2641 3163 2775 3222 Deo
2813 3159 2958 3221 nihil
2997 3170 3088 3219 est
3126 3158 3292 3250 quod
3331 3178 3454 3219 non

544 3240 619 3301 sit
656 3250 757 3300 aut
795 3242 1078 3332 essentia,
1118 3252 1222 3302 aut
1260 3260 1544 3320 persona:
1586 3241 1844 3319 denique
1884 3240 2024 3319 quia
2065 3250 2232 3302 actus
2272 3239 2540 3319 personis
2581 3239 2838 3320 proprii,
2877 3238 3116 3317 singulis
3149 3258 3218 3298 us
3239 3238 3458 3316 passim

548 3321 607 3380 in
650 3323 709 3381 S.
751 3320 1052 3399 Scriptura
1091 3322 1443 3383 tribuuntur.

626 3407 681 3461 8.
764 3402 947 3476 Quod
984 3406 1128 3463 vero
1167 3413 1286 3462 tres
1324 3403 1439 3462 hae
1476 3420 1767 3493 personae
1806 3420 1923 3461 vna
1954 3400 2260 3462 communi
2289 3402 2542 3463 essentia
2561 3401 3025 3477 concludantur,
3046 3398 3456 3459 demonstrant

546 3479 755 3541 infiniti
796 3484 917 3541 sere
957 3480 1291 3574 Scripturae
1330 3480 1483 3559 loci,
1522 3480 1625 3559 qui
1663 3483 1859 3541 Deum
1900 3483 2214 3558 Iehouam,
2253 3482 2310 3542 &
2351 3487 2422 3541 κι·
2425 3504 2549 3562 ⁰⁶⁰⁹
2586 3499 2770 3542 vnum
2801 3498 2928 3541 esse
2947 3488 3265 3557 testantur,
3285 3496 3454 3539 acce-

543 3562 692 3621 dunt
744 3560 1003 3639 expressi
1053 3560 1230 3623 etiam
1282 3560 1408 3621 eius
1460 3560 1545 3619 rei
1596 3560 1689 3636 alij
1706 3606 1723 3637 ,
1778 3560 1967 3637 qualis
2004 3578 2047 3621 1.
2086 3562 2253 3621 Ioan.
2297 3577 2350 3638 5.
2396 3577 2452 3634 7.
2491 3570 2611 3621 tres
2649 3568 2788 3620 sunt
2821 3562 2927 3636 qui
2961 3560 3346 3633 testificantur
3388 3558 3452 3616 in

546 3645 723 3719 coela,
762 3643 949 3702 Pater
964 3687 981 3721 ,
1022 3640 1254 3718 Serme,
1296 3641 1373 3700 &⁴
1411 3641 1653 3717 spiritus
1692 3650 1952 3717 sanctuS,
1995 3642 2072 3701 δι’
2108 3642 2178 3699 la·
2207 3648 2326 3699 tres
2353 3660 2526 3701 vnum
2548 3650 2700 3701 sunt.
2740 3642 2892 3700 Item
2911 3640 3076 3700 Ioan.
3106 3659 3197 3699 10.
3235 3638 3453 3727 Pater,

547 3724 625 3781 ὁ*
662 3741 770 3798 ego
808 3742 982 3784 vnum
1022 3740 1250 3798 sumus,
1290 3740 1429 3780 nam
1476 3720 1641 3797 quod
1680 3722 1758 3779 de
1798 3719 2085 3780 essentiae
2124 3719 2546 3780 communitate
2585 3722 2860 3811 loquatur
2880 3718 3176 3795 ChristuS,
3199 3714 3458 3777 ostendit

546 3802 802 3879 primum
861 3801 982 3862 loci
1040 3799 1221 3879 ipsius
1280 3818 1499 3877 scopus
1551 3804 1843 3892 (caussam
1892 3798 2052 3860 enim
2107 3798 2439 3860 communis
2477 3798 2772 3891 potentiae
2810 3797 2871 3857 in
2911 3796 3216 3859 seruandis
3255 3795 3456 3857 electis

548 3882 741 3941 reddit
774 3880 1067 3975 Christus)
1109 3880 1373 3942 secundo
1412 3879 1771 3940 Iudaeorum
1802 3879 2068 3957 ipsorum
2109 3879 2408 3971 acceptiO,
2449 3879 2505 3939 δι
2549 3877 2766 3939 Christi
2806 3878 2885 3940 ad
2923 3877 3084 3939 illam
3123 3874 3450 3937 silentium·

545 3960 851 4038 denique
835 3981 963 4040 ipsa
1002 3961 1221 4021 Christi
1256 3958 1439 4038 ipsius
1470 3957 1786 4037 explicatio
1826 3978 1977 4021 vers.
2023 3978 2114 4035 23.
2155 3926 2420 4020 eiusdem
2463 3958 2693 4037 capitiS.

628 4062 683 4118 9.
765 4042 893 4101 Nec
933 4043 1018 4103 ob
1058 4042 1177 4102 hoc
1215 4058 1391 4101 verae
1428 4042 1777 4132 hypostases
1815 4058 1946 4101 esse
1988 4038 2294 4119 desinunt,
2334 4038 2472 4131 quia
2507 4056 2626 4099 vna
2662 4055 2912 4099 numero
2953 4033 3206 4098 essentia
3247 4045 3372 4097 tota
3391 4034 3454 4097 in

548 4120 789 4211 singulis
829 4123 884 4182 &
926 4119 1203 4183 omnibus
1242 4121 1429 4181 tribus
1466 4120 1736 4197 personis
1776 4118 1951 4180 simul
1989 4118 2200 4179 eadem
2239 4084 2516 4195 subsistit.
2553 4114 3037 4195 quandoquidem
3077 4128 3142 4177 vt
3173 4126 3292 4176 tres
3324 4115 3458 4176 illae

550 4220 687 4261 vera
722 4199 839 4261 sint
878 4202 1240 4277 ὕφιςάμηι,
1284 4201 1433 4261 haec
1472 4198 1593 4261 duo
1633 4208 1861 4261 tantum
1900 4198 2302 4276 requiruntur.
2344 4198 2599 4275 primum
2638 4209 2702 4258 vt
2742 4196 2824 4259 ita
2863 4216 3001 4258 vere
3039 4217 3145 4289 per
3174 4214 3238 4257 se
3271 4194 3456 4256 subsi-

548 4290 732 4359 stant,
790 4291 855 4340 vt
904 4298 1024 4339 vna
1061 4296 1185 4340 non
1226 4279 1300 4341 sit
1340 4278 1399 4339 in
1440 4278 1555 4338 alia
1592 4288 1875 4371 tanquam
1914 4277 2248 4341 accidens
2229 4297 2292 4338 ιιι
2331 4277 2630 4339 subiecto:
2673 4275 2890 4338 deinde
2929 4275 3010 4338 ita
3049 4286 3201 4337 ιιιιει·
3239 4294 3304 4337 se
3343 4272 3456 4335 dis·

550 4360 769 4421 tinctae
810 4357 957 4436 sint,
997 4368 1062 4417 vt
1097 4375 1215 4416 vna
1258 4376 1383 4418 non
1420 4356 1793 4435 praedicetur
1830 4360 1910 4419 de
1946 4360 2150 4420 altera.
2190 4357 2354 4435 quod
2390 4360 2532 4419 vero
2571 4366 2800 4437 praeter
2837 4356 2990 4419 haec
3029 4358 3152 4420 duo
3189 4353 3253 4416 in
3281 4354 3458 4494 rebffi

3245 4452 3386 4496 cra
