<?xml version="1.0" encoding="UTF-8"?>
<!DOCTYPE html PUBLIC "-//W3C//DTD XHTML 1.0 Transitional//EN"
    "http://www.w3.org/TR/xhtml1/DTD/xhtml1-transitional.dtd">
<html xmlns="http://www.w3.org/1999/xhtml" xml:lang="en" lang="en">
 <head>
  <title>
</title>
<meta http-equiv="Content-Type" content="text/html;charset=utf-8" />
  <meta name='ocr-system' content='tesseract 3.04.00' />
  <meta name='ocr-capabilities' content='ocr_page ocr_carea ocr_par ocr_line ocrx_word'/>
</head>
<body>
  <div class='ocr_page' id='page_1' title='image "./dfranciscijunii00junigoog_0132.png"; bbox 0 0 3923 4875; ppageno 0'>
   <div class='ocr_carea' id='block_1_1' title="bbox 1308 357 3333 427">
    <p class='ocr_par' dir='ltr' id='par_1_1' title="bbox 1308 357 3333 427">
     <span class='ocr_line' id='line_1_1' title="bbox 1308 357 3333 427; baseline -0 -19"><span class='ocrx_word' id='word_1_1' title='bbox 1308 357 1636 413; x_wconf 72' lang='lat' dir='ltr'><strong>&#39;rnnsus</strong></span> <span class='ocrx_word' id='word_1_2' title='bbox 1697 362 2344 417; x_wconf 63' lang='lat' dir='ltr'><strong>Tnsonoolcan.</strong></span> <span class='ocrx_word' id='word_1_3' title='bbox 3221 359 3333 427; x_wconf 82' lang='lat'><strong>105</strong></span> 
     </span>
    </p>
   </div>
   <div class='ocr_carea' id='block_1_2' title="bbox 411 521 3342 4099">
    <p class='ocr_par' dir='ltr' id='par_1_2' title="bbox 412 521 3340 936">
     <span class='ocr_line' id='line_1_2' title="bbox 414 521 3336 605; baseline 0 -20"><span class='ocrx_word' id='word_1_4' title='bbox 414 525 643 586; x_wconf 89' lang='lat' dir='ltr'><strong>finitum</strong></span> <span class='ocrx_word' id='word_1_5' title='bbox 685 530 740 587; x_wconf 86' lang='lat'><strong>&amp;</strong></span> <span class='ocrx_word' id='word_1_6' title='bbox 780 525 1110 586; x_wconf 89' lang='lat' dir='ltr'><strong>habituale:</strong></span> <span class='ocrx_word' id='word_1_7' title='bbox 1155 523 1215 585; x_wconf 92' lang='lat' dir='ltr'><strong>in</strong></span> <span class='ocrx_word' id='word_1_8' title='bbox 1257 545 1321 587; x_wconf 93' lang='lat' dir='ltr'><strong>se</strong></span> <span class='ocrx_word' id='word_1_9' title='bbox 1361 535 1558 585; x_wconf 89' lang='lat' dir='ltr'><strong>tamen</strong></span> <span class='ocrx_word' id='word_1_10' title='bbox 1581 525 1985 605; x_wconf 88' lang='lat' dir='ltr'><strong>considerata,</strong></span> <span class='ocrx_word' id='word_1_11' title='bbox 2015 525 2350 603; x_wconf 89' lang='lat' dir='ltr'><strong>plenissima</strong></span> <span class='ocrx_word' id='word_1_12' title='bbox 2371 525 2427 582; x_wconf 88' lang='lat'>&amp;</span> <span class='ocrx_word' id='word_1_13' title='bbox 2445 521 2872 602; x_wconf 88' lang='lat' dir='ltr'><strong>perfectissima</strong></span> <span class='ocrx_word' id='word_1_14' title='bbox 2889 533 3012 601; x_wconf 90' lang='lat' dir='ltr'><strong>est,</strong></span> <span class='ocrx_word' id='word_1_15' title='bbox 3042 526 3097 583; x_wconf 87' lang='lat'>&amp;</span> <span class='ocrx_word' id='word_1_16' title='bbox 3117 534 3336 602; x_wconf 90' lang='lat' dir='ltr'><strong>quanta</strong></span> 
     </span>
     <span class='ocr_line' id='line_1_3' title="bbox 413 601 3340 684; baseline 0 -19"><span class='ocrx_word' id='word_1_17' title='bbox 413 609 453 665; x_wconf 78' lang='lat' dir='ltr'><strong>a</strong></span> <span class='ocrx_word' id='word_1_18' title='bbox 491 617 761 667; x_wconf 87' lang='lat' dir='ltr'><strong>creatura</strong></span> <span class='ocrx_word' id='word_1_19' title='bbox 800 605 1231 684; x_wconf 89' lang='lat' dir='ltr'><strong>comprehendi</strong></span> <span class='ocrx_word' id='word_1_20' title='bbox 1268 614 1491 683; x_wconf 92' lang='lat' dir='ltr'><strong>potest:</strong></span> <span class='ocrx_word' id='word_1_21' title='bbox 1533 623 1671 666; x_wconf 90' lang='lat' dir='ltr'><strong>cum</strong></span> <span class='ocrx_word' id='word_1_22' title='bbox 1709 605 1837 666; x_wconf 86' lang='lat' dir='ltr'><strong>aliis</strong></span> <span class='ocrx_word' id='word_1_23' title='bbox 1876 610 2022 667; x_wconf 83' lang='lat' dir='ltr'><strong>vero</strong></span> <span class='ocrx_word' id='word_1_24' title='bbox 2045 614 2390 683; x_wconf 88' lang='lat' dir='ltr'><strong>comparata</strong></span> <span class='ocrx_word' id='word_1_25' title='bbox 2409 602 2586 666; x_wconf 90' lang='lat' dir='ltr'><strong>etiam</strong></span> <span class='ocrx_word' id='word_1_26' title='bbox 2605 601 2830 662; x_wconf 85' lang='lat' dir='ltr'><strong>infinita</strong></span> <span class='ocrx_word' id='word_1_27' title='bbox 2851 605 3304 680; x_wconf 88' lang='lat' dir='ltr'><strong>quodammodo</strong></span> <span class='ocrx_word' id='word_1_28' title='bbox 3323 651 3340 684; x_wconf 90' lang='lat'><strong>,</strong></span> 
     </span>
     <span class='ocr_line' id='line_1_4' title="bbox 413 682 3338 764; baseline -0.001 -19"><span class='ocrx_word' id='word_1_29' title='bbox 413 688 668 764; x_wconf 87' lang='lat' dir='ltr'><strong>fonsque</strong></span> <span class='ocrx_word' id='word_1_30' title='bbox 706 706 780 747; x_wconf 89' lang='lat' dir='ltr'><strong>ac</strong></span> <span class='ocrx_word' id='word_1_31' title='bbox 818 686 1114 764; x_wconf 84' lang='lat' dir='ltr'>scaturigo</span> <span class='ocrx_word' id='word_1_32' title='bbox 1154 685 1500 746; x_wconf 84' lang='lat' dir='ltr'><strong>inexhausta</strong></span> <span class='ocrx_word' id='word_1_33' title='bbox 1541 685 1763 759; x_wconf 89' lang='lat' dir='ltr'><strong>omnis,</strong></span> <span class='ocrx_word' id='word_1_34' title='bbox 1805 703 1958 763; x_wconf 88' lang='lat' dir='ltr'><strong>quae</strong></span> <span class='ocrx_word' id='word_1_35' title='bbox 1998 687 2061 745; x_wconf 93' lang='lat' dir='ltr'><strong>in</strong></span> <span class='ocrx_word' id='word_1_36' title='bbox 2099 685 2242 746; x_wconf 88' lang='lat' dir='ltr'><strong>alias</strong></span> <span class='ocrx_word' id='word_1_37' title='bbox 2283 694 2580 745; x_wconf 88' lang='lat' dir='ltr'><strong>creaturas</strong></span> <span class='ocrx_word' id='word_1_38' title='bbox 2621 682 2920 744; x_wconf 89' lang='lat' dir='ltr'><strong>deriuatur</strong></span> <span class='ocrx_word' id='word_1_39' title='bbox 2933 729 2950 762; x_wconf 97' lang='lat'><strong>,</strong></span> <span class='ocrx_word' id='word_1_40' title='bbox 2984 683 3338 762; x_wconf 86' lang='lat' dir='ltr'><strong>sapientiae:</strong></span> 
     </span>
     <span class='ocr_line' id='line_1_5' title="bbox 414 763 3337 845; baseline -0 -19"><span class='ocrx_word' id='word_1_41' title='bbox 414 775 481 826; x_wconf 85' lang='lat' dir='ltr'><strong>vt</strong></span> <span class='ocrx_word' id='word_1_42' title='bbox 532 775 679 844; x_wconf 92' lang='lat' dir='ltr'><strong>pote</strong></span> <span class='ocrx_word' id='word_1_43' title='bbox 739 783 921 845; x_wconf 86' lang='lat' dir='ltr'><strong>quam</strong></span> <span class='ocrx_word' id='word_1_44' title='bbox 978 775 1294 843; x_wconf 88' lang='lat' dir='ltr'><strong>propterea</strong></span> <span class='ocrx_word' id='word_1_45' title='bbox 1352 768 1389 824; x_wconf 78' lang='lat' dir='ltr'><strong>a</strong></span> <span class='ocrx_word' id='word_1_46' title='bbox 1451 767 1623 825; x_wconf 89' lang='lat' dir='ltr'><strong>Patre</strong></span> <span class='ocrx_word' id='word_1_47' title='bbox 1682 766 1914 844; x_wconf 90' lang='lat' dir='ltr'><strong>accepit</strong></span> <span class='ocrx_word' id='word_1_48' title='bbox 1972 764 2095 826; x_wconf 90' lang='lat' dir='ltr'><strong>sine</strong></span> <span class='ocrx_word' id='word_1_49' title='bbox 2155 782 2430 826; x_wconf 90' lang='lat' dir='ltr'><strong>mensura</strong></span> <span class='ocrx_word' id='word_1_50' title='bbox 2443 809 2462 844; x_wconf 90' lang='lat'><strong>,</strong></span> <span class='ocrx_word' id='word_1_51' title='bbox 2519 773 2585 826; x_wconf 82' lang='lat' dir='ltr'><strong>vt</strong></span> <span class='ocrx_word' id='word_1_52' title='bbox 2637 763 2841 824; x_wconf 87' lang='lat' dir='ltr'><strong>fideles</strong></span> <span class='ocrx_word' id='word_1_53' title='bbox 2879 764 2956 824; x_wconf 89' lang='lat' dir='ltr'><strong>ab</strong></span> <span class='ocrx_word' id='word_1_54' title='bbox 2996 763 3100 824; x_wconf 91' lang='lat' dir='ltr'><strong>illo</strong></span> <span class='ocrx_word' id='word_1_55' title='bbox 3116 809 3134 842; x_wconf 92' lang='lat'><strong>,</strong></span> <span class='ocrx_word' id='word_1_56' title='bbox 3173 765 3337 826; x_wconf 70' lang='lat' dir='ltr'><strong>certo</strong></span> 
     </span>
     <span class='ocr_line' id='line_1_6' title="bbox 412 844 2054 936; baseline 0.001 -31"><span class='ocrx_word' id='word_1_57' title='bbox 412 844 699 907; x_wconf 73' lang='lat' dir='ltr'><strong>demenso</strong></span> <span class='ocrx_word' id='word_1_58' title='bbox 715 891 733 925; x_wconf 90' lang='lat'><strong>,</strong></span> <span class='ocrx_word' id='word_1_59' title='bbox 773 845 987 924; x_wconf 87' lang='lat' dir='ltr'><strong>singuli</strong></span> <span class='ocrx_word' id='word_1_60' title='bbox 1022 844 1367 936; x_wconf 78' lang='lat' dir='ltr'><strong>acciperent</strong></span> <span class='ocrx_word' id='word_1_61' title='bbox 1405 863 1516 923; x_wconf 94' lang='lat' dir='ltr'><strong>pro</strong></span> <span class='ocrx_word' id='word_1_62' title='bbox 1557 844 1884 922; x_wconf 85' lang='lat' dir='ltr'><strong>capacitate</strong></span> <span class='ocrx_word' id='word_1_63' title='bbox 1928 862 2054 906; x_wconf 88' lang='lat' dir='ltr'><strong>sua.</strong></span> 
     </span>
    </p>

    <p class='ocr_par' dir='ltr' id='par_1_3' title="bbox 411 921 3342 1242">
     <span class='ocr_line' id='line_1_7' title="bbox 494 921 3342 1003; baseline -0.001 -19"><span class='ocrx_word' id='word_1_64' title='bbox 494 929 551 984; x_wconf 92' lang='lat'><strong>6.</strong></span> <span class='ocrx_word' id='word_1_65' title='bbox 634 927 802 986; x_wconf 87' lang='lat' dir='ltr'><strong>Alter</strong></span> <span class='ocrx_word' id='word_1_66' title='bbox 863 923 1423 986; x_wconf 86' lang='lat' dir='ltr'><strong>commumcationis</strong></span> <span class='ocrx_word' id='word_1_67' title='bbox 1483 924 1697 985; x_wconf 89' lang='lat' dir='ltr'><strong>modus</strong></span> <span class='ocrx_word' id='word_1_68' title='bbox 1756 935 1845 986; x_wconf 90' lang='lat' dir='ltr'><strong>est</strong></span> <span class='ocrx_word' id='word_1_69' title='bbox 1884 944 1993 1003; x_wconf 90' lang='lat' dir='ltr'><strong>per</strong></span> <span class='ocrx_word' id='word_1_70' title='bbox 2032 923 2322 985; x_wconf 85' lang='lat' dir='ltr'><strong>visionem</strong></span> <span class='ocrx_word' id='word_1_71' title='bbox 2339 969 2356 1002; x_wconf 91' lang='lat'><strong>,</strong></span> <span class='ocrx_word' id='word_1_72' title='bbox 2396 939 2514 999; x_wconf 91' lang='lat' dir='ltr'><strong>qua</strong></span> <span class='ocrx_word' id='word_1_73' title='bbox 2554 921 2715 984; x_wconf 91' lang='lat' dir='ltr'><strong>beati</strong></span> <span class='ocrx_word' id='word_1_74' title='bbox 2753 922 2970 1000; x_wconf 88' lang='lat' dir='ltr'><strong>Angeli</strong></span> <span class='ocrx_word' id='word_1_75' title='bbox 3008 925 3064 983; x_wconf 72' lang='grc' dir='ltr'><strong>δι</strong></span> <span class='ocrx_word' id='word_1_76' title='bbox 3105 921 3342 1002; x_wconf 85' lang='lat' dir='ltr'><strong>spiritus</strong></span> 
     </span>
     <span class='ocr_line' id='line_1_8' title="bbox 416 1001 3339 1098; baseline -0.001 -34"><span class='ocrx_word' id='word_1_77' title='bbox 416 1005 795 1084; x_wconf 86' lang='lat' dir='ltr'><strong>Sanctorum,</strong></span> <span class='ocrx_word' id='word_1_78' title='bbox 856 1005 960 1084; x_wconf 92' lang='lat' dir='ltr'><strong>qui</strong></span> <span class='ocrx_word' id='word_1_79' title='bbox 1018 1023 1273 1083; x_wconf 88' lang='lat' dir='ltr'><strong>corpore</strong></span> <span class='ocrx_word' id='word_1_80' title='bbox 1330 1003 1509 1065; x_wconf 91' lang='lat' dir='ltr'><strong>soluti</strong></span> <span class='ocrx_word' id='word_1_81' title='bbox 1568 1020 1705 1064; x_wconf 90' lang='lat' dir='ltr'><strong>cum</strong></span> <span class='ocrx_word' id='word_1_82' title='bbox 1757 1004 2003 1098; x_wconf 76' lang='lat' dir='ltr'><strong>Angelis</strong></span> <span class='ocrx_word' id='word_1_83' title='bbox 2040 1001 2103 1065; x_wconf 93' lang='lat' dir='ltr'><strong>in</strong></span> <span class='ocrx_word' id='word_1_84' title='bbox 2144 1005 2316 1064; x_wconf 92' lang='lat' dir='ltr'><strong>coelo</strong></span> <span class='ocrx_word' id='word_1_85' title='bbox 2356 1003 2584 1080; x_wconf 90' lang='lat' dir='ltr'><strong>recepti</strong></span> <span class='ocrx_word' id='word_1_86' title='bbox 2625 1012 2791 1082; x_wconf 88' lang='lat' dir='ltr'><strong>sunt,</strong></span> <span class='ocrx_word' id='word_1_87' title='bbox 2834 1002 3116 1080; x_wconf 84' lang='lat' dir='ltr'><strong>spirituali</strong></span> <span class='ocrx_word' id='word_1_88' title='bbox 3153 1003 3339 1063; x_wconf 88' lang='lat' dir='ltr'><strong>modo</strong></span> 
     </span>
     <span class='ocr_line' id='line_1_9' title="bbox 414 1082 3341 1163; baseline -0.001 -19"><span class='ocrx_word' id='word_1_89' title='bbox 414 1095 749 1148; x_wconf 75' lang='lat' dir='ltr'><strong>creatorem</strong></span> <span class='ocrx_word' id='word_1_90' title='bbox 808 1101 979 1145; x_wconf 91' lang='lat' dir='ltr'><strong>suum</strong></span> <span class='ocrx_word' id='word_1_91' title='bbox 1030 1085 1263 1160; x_wconf 86' lang='lat' dir='ltr'><strong>vident,</strong></span> <span class='ocrx_word' id='word_1_92' title='bbox 1304 1084 1389 1144; x_wconf 83' lang='lat' dir='ltr'><strong>vti</strong></span> <span class='ocrx_word' id='word_1_93' title='bbox 1429 1093 1547 1162; x_wconf 66' lang='lat' dir='ltr'><strong>est,</strong></span> <span class='ocrx_word' id='word_1_94' title='bbox 1587 1082 1813 1144; x_wconf 88' lang='lat' dir='ltr'><strong>lumine</strong></span> <span class='ocrx_word' id='word_1_95' title='bbox 1854 1084 2262 1163; x_wconf 76' lang='lat' dir='ltr'><strong>intellectuali,</strong></span> <span class='ocrx_word' id='word_1_96' title='bbox 2303 1084 2570 1161; x_wconf 86' lang='lat' dir='ltr'><strong>perfecto</strong></span> <span class='ocrx_word' id='word_1_97' title='bbox 2612 1084 2669 1142; x_wconf 87' lang='lat'>&amp;</span> <span class='ocrx_word' id='word_1_98' title='bbox 2709 1093 3122 1162; x_wconf 84' lang='lat' dir='ltr'><strong>permanente,</strong></span> <span class='ocrx_word' id='word_1_99' title='bbox 3161 1083 3239 1143; x_wconf 91' lang='lat' dir='ltr'><strong>ad</strong></span> <span class='ocrx_word' id='word_1_100' title='bbox 3277 1083 3341 1142; x_wconf 91' lang='lat' dir='ltr'><strong>id</strong></span> 
     </span>
     <span class='ocr_line' id='line_1_10' title="bbox 411 1163 1882 1242; baseline 0.001 -18"><span class='ocrx_word' id='word_1_101' title='bbox 411 1163 553 1242; x_wconf 90' lang='lat' dir='ltr'><strong>ipsis</strong></span> <span class='ocrx_word' id='word_1_102' title='bbox 596 1164 1071 1242; x_wconf 87' lang='lat' dir='ltr'><strong>communicato,</strong></span> <span class='ocrx_word' id='word_1_103' title='bbox 1114 1166 1193 1226; x_wconf 90' lang='lat' dir='ltr'><strong>de</strong></span> <span class='ocrx_word' id='word_1_104' title='bbox 1233 1163 1454 1224; x_wconf 90' lang='lat' dir='ltr'><strong>Christi</strong></span> <span class='ocrx_word' id='word_1_105' title='bbox 1495 1163 1882 1242; x_wconf 87' lang='lat' dir='ltr'><strong>plenitudine.</strong></span> 
     </span>
    </p>

    <p class='ocr_par' dir='ltr' id='par_1_4' title="bbox 413 1241 3340 1642">
     <span class='ocr_line' id='line_1_11' title="bbox 496 1241 3340 1324; baseline -0.001 -21"><span class='ocrx_word' id='word_1_106' title='bbox 496 1262 551 1319; x_wconf 87' lang='lat'><strong>7.</strong></span> <span class='ocrx_word' id='word_1_107' title='bbox 633 1244 867 1304; x_wconf 88' lang='lat' dir='ltr'><strong>Tertius</strong></span> <span class='ocrx_word' id='word_1_108' title='bbox 928 1242 1483 1305; x_wconf 86' lang='lat' dir='ltr'><strong>communicationis</strong></span> <span class='ocrx_word' id='word_1_109' title='bbox 1546 1245 1761 1305; x_wconf 87' lang='lat' dir='ltr'><strong>modus</strong></span> <span class='ocrx_word' id='word_1_110' title='bbox 1775 1289 1794 1324; x_wconf 94' lang='lat'><strong>,</strong></span> <span class='ocrx_word' id='word_1_111' title='bbox 1855 1243 1959 1322; x_wconf 86' lang='lat' dir='ltr'><strong>qui</strong></span> <span class='ocrx_word' id='word_1_112' title='bbox 1997 1263 2110 1305; x_wconf 87' lang='lat' dir='ltr'><strong>nos</strong></span> <span class='ocrx_word' id='word_1_113' title='bbox 2151 1242 2528 1323; x_wconf 89' lang='lat' dir='ltr'><strong>potissimum</strong></span> <span class='ocrx_word' id='word_1_114' title='bbox 2571 1241 2632 1302; x_wconf 88' lang='lat' dir='ltr'><strong>in</strong></span> <span class='ocrx_word' id='word_1_115' title='bbox 2673 1242 2788 1302; x_wconf 87' lang='lat' dir='ltr'><strong>hac</strong></span> <span class='ocrx_word' id='word_1_116' title='bbox 2827 1241 2948 1304; x_wconf 88' lang='lat' dir='ltr'><strong>vita</strong></span> <span class='ocrx_word' id='word_1_117' title='bbox 2985 1241 3340 1305; x_wconf 86' lang='lat' dir='ltr'><strong>constitutos</strong></span> 
     </span>
     <span class='ocr_line' id='line_1_12' title="bbox 413 1321 3340 1416; baseline 0 -34"><span class='ocrx_word' id='word_1_118' title='bbox 413 1323 681 1402; x_wconf 85' lang='lat' dir='ltr'><strong>respicit,</strong></span> <span class='ocrx_word' id='word_1_119' title='bbox 746 1335 836 1384; x_wconf 90' lang='lat' dir='ltr'><strong>est</strong></span> <span class='ocrx_word' id='word_1_120' title='bbox 892 1343 1003 1416; x_wconf 86' lang='lat' dir='ltr'><strong>per</strong></span> <span class='ocrx_word' id='word_1_121' title='bbox 1059 1324 1487 1384; x_wconf 87' lang='lat' dir='ltr'><strong>reuelationem</strong></span> <span class='ocrx_word' id='word_1_122' title='bbox 1502 1368 1520 1403; x_wconf 97' lang='lat'><strong>,</strong></span> <span class='ocrx_word' id='word_1_123' title='bbox 1580 1340 1731 1401; x_wconf 82' lang='lat' dir='ltr'><strong>quae</strong></span> <span class='ocrx_word' id='word_1_124' title='bbox 1784 1323 2069 1386; x_wconf 85' lang='lat' dir='ltr'><strong>reuelatio</strong></span> <span class='ocrx_word' id='word_1_125' title='bbox 2113 1335 2214 1384; x_wconf 90' lang='lat' dir='ltr'><strong>aut</strong></span> <span class='ocrx_word' id='word_1_126' title='bbox 2253 1324 2583 1384; x_wconf 88' lang='lat' dir='ltr'><strong>secundum</strong></span> <span class='ocrx_word' id='word_1_127' title='bbox 2623 1333 2896 1382; x_wconf 88' lang='lat' dir='ltr'><strong>naturam</strong></span> <span class='ocrx_word' id='word_1_128' title='bbox 2935 1321 3227 1400; x_wconf 86' lang='lat' dir='ltr'><strong>contingit</strong></span> <span class='ocrx_word' id='word_1_129' title='bbox 3266 1342 3340 1383; x_wconf 79' lang='lat' dir='ltr'><strong>ex</strong></span> 
     </span>
     <span class='ocr_line' id='line_1_13' title="bbox 414 1400 3340 1483; baseline 0 -21"><span class='ocrx_word' id='word_1_130' title='bbox 414 1403 717 1481; x_wconf 74' lang='lat' dir='ltr'><strong>principiis</strong></span> <span class='ocrx_word' id='word_1_131' title='bbox 759 1403 987 1464; x_wconf 81' lang='lat' dir='ltr'><strong>honuni</strong></span> <span class='ocrx_word' id='word_1_132' title='bbox 1022 1402 1351 1483; x_wconf 86' lang='lat' dir='ltr'><strong>congenitis</strong></span> <span class='ocrx_word' id='word_1_133' title='bbox 1392 1413 1589 1464; x_wconf 88' lang='lat' dir='ltr'><strong>ortum</strong></span> <span class='ocrx_word' id='word_1_134' title='bbox 1630 1405 1880 1482; x_wconf 91' lang='lat' dir='ltr'><strong>ducens,</strong></span> <span class='ocrx_word' id='word_1_135' title='bbox 1922 1405 1980 1464; x_wconf 88' lang='lat'><strong>&amp;</strong></span> <span class='ocrx_word' id='word_1_136' title='bbox 2018 1402 2353 1481; x_wconf 88' lang='lat' dir='ltr'><strong>Theologia</strong></span> <span class='ocrx_word' id='word_1_137' title='bbox 2390 1400 2672 1464; x_wconf 87' lang='lat' dir='ltr'><strong>naturalis</strong></span> <span class='ocrx_word' id='word_1_138' title='bbox 2697 1400 2930 1463; x_wconf 90' lang='lat' dir='ltr'><strong>dicitur.</strong></span> <span class='ocrx_word' id='word_1_139' title='bbox 2987 1404 3102 1463; x_wconf 87' lang='lat' dir='ltr'><strong>Vel</strong></span> <span class='ocrx_word' id='word_1_140' title='bbox 3137 1419 3340 1463; x_wconf 89' lang='lat' dir='ltr'><strong>secun-</strong></span> 
     </span>
     <span class='ocr_line' id='line_1_14' title="bbox 415 1480 3340 1562; baseline -0 -19"><span class='ocrx_word' id='word_1_141' title='bbox 415 1485 560 1543; x_wconf 90' lang='lat' dir='ltr'><strong>dum</strong></span> <span class='ocrx_word' id='word_1_142' title='bbox 616 1482 866 1562; x_wconf 87' lang='lat' dir='ltr'><strong>gratiam</strong></span> <span class='ocrx_word' id='word_1_143' title='bbox 926 1486 1461 1562; x_wconf 84' lang='lat' dir='ltr'><strong>supernaturalem,</strong></span> <span class='ocrx_word' id='word_1_144' title='bbox 1522 1502 1597 1543; x_wconf 85' lang='lat' dir='ltr'><strong>ex</strong></span> <span class='ocrx_word' id='word_1_145' title='bbox 1656 1482 1958 1562; x_wconf 89' lang='lat' dir='ltr'><strong>principiis</strong></span> <span class='ocrx_word' id='word_1_146' title='bbox 2019 1483 2344 1544; x_wconf 90' lang='lat' dir='ltr'><strong>secundum</strong></span> <span class='ocrx_word' id='word_1_147' title='bbox 2405 1502 2468 1543; x_wconf 89' lang='lat' dir='ltr'><strong>se</strong></span> <span class='ocrx_word' id='word_1_148' title='bbox 2514 1480 2671 1541; x_wconf 89' lang='lat' dir='ltr'><strong>notis</strong></span> <span class='ocrx_word' id='word_1_149' title='bbox 2711 1481 3026 1560; x_wconf 88' lang='lat' dir='ltr'><strong>superioris</strong></span> <span class='ocrx_word' id='word_1_150' title='bbox 3065 1480 3340 1542; x_wconf 85' lang='lat' dir='ltr'><strong>scientiae</strong></span> 
     </span>
     <span class='ocr_line' id='line_1_15' title="bbox 413 1561 3180 1642; baseline -0 -19"><span class='ocrx_word' id='word_1_151' title='bbox 413 1561 635 1623; x_wconf 89' lang='lat' dir='ltr'><strong>lumine</strong></span> <span class='ocrx_word' id='word_1_152' title='bbox 672 1564 1009 1640; x_wconf 86' lang='lat' dir='ltr'><strong>procedens</strong></span> <span class='ocrx_word' id='word_1_153' title='bbox 1023 1609 1041 1642; x_wconf 88' lang='lat'><strong>,</strong></span> <span class='ocrx_word' id='word_1_154' title='bbox 1082 1580 1260 1640; x_wconf 90' lang='lat' dir='ltr'><strong>supra</strong></span> <span class='ocrx_word' id='word_1_155' title='bbox 1298 1564 1593 1623; x_wconf 86' lang='lat' dir='ltr'><strong>humanae</strong></span> <span class='ocrx_word' id='word_1_156' title='bbox 1632 1563 1882 1624; x_wconf 88' lang='lat' dir='ltr'><strong>rationis</strong></span> <span class='ocrx_word' id='word_1_157' title='bbox 1923 1565 2206 1642; x_wconf 90' lang='lat' dir='ltr'><strong>modum,</strong></span> <span class='ocrx_word' id='word_1_158' title='bbox 2245 1561 2795 1640; x_wconf 56' lang='lat' dir='ltr'><strong>&amp;supernaturalis</strong></span> <span class='ocrx_word' id='word_1_159' title='bbox 2831 1564 3180 1640; x_wconf 89' lang='lat' dir='ltr'><strong>appellatur.</strong></span> 
     </span>
    </p>

    <p class='ocr_par' dir='ltr' id='par_1_5' title="bbox 411 1641 3342 2198">
     <span class='ocr_line' id='line_1_16' title="bbox 496 1641 3340 1721; baseline -0 -19"><span class='ocrx_word' id='word_1_160' title='bbox 496 1647 553 1702; x_wconf 87' lang='lat'><strong>8.</strong></span> <span class='ocrx_word' id='word_1_161' title='bbox 636 1645 867 1702; x_wconf 86' lang='lat' dir='ltr'><strong>Harum</strong></span> <span class='ocrx_word' id='word_1_162' title='bbox 910 1643 1074 1721; x_wconf 92' lang='lat' dir='ltr'><strong>prior</strong></span> <span class='ocrx_word' id='word_1_163' title='bbox 1113 1645 1253 1703; x_wconf 79' lang='lat' dir='ltr'><strong>cum</strong></span> <span class='ocrx_word' id='word_1_164' title='bbox 1287 1641 1467 1703; x_wconf 89' lang='lat' dir='ltr'><strong>etiam</strong></span> <span class='ocrx_word' id='word_1_165' title='bbox 1488 1641 1631 1704; x_wconf 87' lang='lat' dir='ltr'><strong>citra</strong></span> <span class='ocrx_word' id='word_1_166' title='bbox 1649 1641 2162 1720; x_wconf 88' lang='lat' dir='ltr'><strong>imperfectionem</strong></span> <span class='ocrx_word' id='word_1_167' title='bbox 2182 1641 2415 1703; x_wconf 89' lang='lat' dir='ltr'><strong>homini</strong></span> <span class='ocrx_word' id='word_1_168' title='bbox 2432 1643 2594 1702; x_wconf 84' lang='lat' dir='ltr'><strong>velut</strong></span> <span class='ocrx_word' id='word_1_169' title='bbox 2613 1658 2723 1701; x_wconf 88' lang='lat' dir='ltr'><strong>suo</strong></span> <span class='ocrx_word' id='word_1_170' title='bbox 2745 1641 3011 1703; x_wconf 90' lang='lat' dir='ltr'><strong>subiecto</strong></span> <span class='ocrx_word' id='word_1_171' title='bbox 3033 1661 3340 1720; x_wconf 76' lang='lat' dir='ltr'><strong>praesenS,</strong></span> 
     </span>
     <span class='ocr_line' id='line_1_17' title="bbox 411 1719 3342 1802; baseline -0 -21"><span class='ocrx_word' id='word_1_172' title='bbox 411 1722 589 1784; x_wconf 78' lang='lat' dir='ltr'><strong>illum.</strong></span> <span class='ocrx_word' id='word_1_173' title='bbox 638 1731 840 1783; x_wconf 90' lang='lat' dir='ltr'><strong>tamen</strong></span> <span class='ocrx_word' id='word_1_174' title='bbox 880 1741 1058 1802; x_wconf 90' lang='lat' dir='ltr'><strong>supra</strong></span> <span class='ocrx_word' id='word_1_175' title='bbox 1095 1733 1366 1783; x_wconf 86' lang='lat' dir='ltr'><strong>naturam</strong></span> <span class='ocrx_word' id='word_1_176' title='bbox 1406 1741 1512 1800; x_wconf 90' lang='lat' dir='ltr'><strong>per</strong></span> <span class='ocrx_word' id='word_1_177' title='bbox 1552 1741 1616 1783; x_wconf 92' lang='lat' dir='ltr'><strong>se</strong></span> <span class='ocrx_word' id='word_1_178' title='bbox 1656 1723 1937 1784; x_wconf 84' lang='lat' dir='ltr'><strong>extollere</strong></span> <span class='ocrx_word' id='word_1_179' title='bbox 1978 1742 2102 1784; x_wconf 93' lang='lat' dir='ltr'><strong>non</strong></span> <span class='ocrx_word' id='word_1_180' title='bbox 2144 1721 2429 1802; x_wconf 90' lang='lat' dir='ltr'><strong>potuerit,</strong></span> <span class='ocrx_word' id='word_1_181' title='bbox 2470 1720 2585 1782; x_wconf 91' lang='lat' dir='ltr'><strong>nisi</strong></span> <span class='ocrx_word' id='word_1_182' title='bbox 2625 1719 2983 1782; x_wconf 90' lang='lat' dir='ltr'><strong>adminiculo</strong></span> <span class='ocrx_word' id='word_1_183' title='bbox 3023 1721 3342 1799; x_wconf 89' lang='lat' dir='ltr'><strong>superioris</strong></span> 
     </span>
     <span class='ocr_line' id='line_1_18' title="bbox 414 1799 3340 1883; baseline -0.001 -21"><span class='ocrx_word' id='word_1_184' title='bbox 414 1801 638 1879; x_wconf 86' lang='lat' dir='ltr'><strong>gratiae</strong></span> <span class='ocrx_word' id='word_1_185' title='bbox 680 1802 1046 1864; x_wconf 85' lang='lat' dir='ltr'><strong>accedentis:</strong></span> <span class='ocrx_word' id='word_1_186' title='bbox 1088 1814 1313 1880; x_wconf 88' lang='lat' dir='ltr'><strong>quanto</strong></span> <span class='ocrx_word' id='word_1_187' title='bbox 1354 1802 1548 1863; x_wconf 88' lang='lat' dir='ltr'><strong>minus</strong></span> <span class='ocrx_word' id='word_1_188' title='bbox 1589 1802 1706 1862; x_wconf 88' lang='lat' dir='ltr'><strong>iam</strong></span> <span class='ocrx_word' id='word_1_189' title='bbox 1746 1805 2040 1883; x_wconf 88' lang='lat' dir='ltr'><strong>collapsa,</strong></span> <span class='ocrx_word' id='word_1_190' title='bbox 2081 1805 2138 1864; x_wconf 87' lang='lat'><strong>&amp;</strong></span> <span class='ocrx_word' id='word_1_191' title='bbox 2175 1804 2404 1862; x_wconf 73' lang='lat' dir='ltr'><strong>tantum</strong></span> <span class='ocrx_word' id='word_1_192' title='bbox 2449 1821 2575 1862; x_wconf 92' lang='lat' dir='ltr'><strong>non</strong></span> <span class='ocrx_word' id='word_1_193' title='bbox 2613 1799 2815 1872; x_wconf 87' lang='lat' dir='ltr'><strong>ruinae</strong></span> <span class='ocrx_word' id='word_1_194' title='bbox 2856 1803 3149 1863; x_wconf 87' lang='lat' dir='ltr'><strong>humanae</strong></span> <span class='ocrx_word' id='word_1_195' title='bbox 3171 1801 3340 1861; x_wconf 90' lang='lat' dir='ltr'><strong>rude-</strong></span> 
     </span>
     <span class='ocr_line' id='line_1_19' title="bbox 416 1877 3339 1962; baseline -0 -21"><span class='ocrx_word' id='word_1_196' title='bbox 416 1881 579 1942; x_wconf 87' lang='lat' dir='ltr'><strong>ribus</strong></span> <span class='ocrx_word' id='word_1_197' title='bbox 618 1884 878 1962; x_wconf 87' lang='lat' dir='ltr'><strong>sepulta,</strong></span> <span class='ocrx_word' id='word_1_198' title='bbox 918 1882 1222 1945; x_wconf 87' lang='lat' dir='ltr'><strong>hominem</strong></span> <span class='ocrx_word' id='word_1_199' title='bbox 1262 1884 1343 1943; x_wconf 88' lang='lat' dir='ltr'><strong>ad</strong></span> <span class='ocrx_word' id='word_1_200' title='bbox 1382 1881 1643 1960; x_wconf 87' lang='lat' dir='ltr'><strong>aliquem</strong></span> <span class='ocrx_word' id='word_1_201' title='bbox 1681 1882 2084 1945; x_wconf 89' lang='lat' dir='ltr'><strong>eminentioris</strong></span> <span class='ocrx_word' id='word_1_202' title='bbox 2122 1881 2502 1961; x_wconf 85' lang='lat' dir='ltr'><strong>perfectionis</strong></span> <span class='ocrx_word' id='word_1_203' title='bbox 2534 1879 2793 1959; x_wconf 82' lang='lat' dir='ltr'><strong>gradum</strong></span> <span class='ocrx_word' id='word_1_204' title='bbox 2813 1877 3134 1958; x_wconf 82' lang='lat' dir='ltr'><strong>perducat?</strong></span> <span class='ocrx_word' id='word_1_205' title='bbox 3177 1900 3339 1959; x_wconf 91' lang='lat' dir='ltr'><strong>prae-</strong></span> 
     </span>
     <span class='ocr_line' id='line_1_20' title="bbox 416 1959 3342 2042; baseline -0 -20"><span class='ocrx_word' id='word_1_206' title='bbox 416 1961 616 2022; x_wconf 86' lang='lat' dir='ltr'><strong>sertim</strong></span> <span class='ocrx_word' id='word_1_207' title='bbox 676 1964 814 2022; x_wconf 77' lang='lat' dir='ltr'><strong>cum</strong></span> <span class='ocrx_word' id='word_1_208' title='bbox 874 1981 952 2023; x_wconf 92' lang='lat' dir='ltr'><strong>ne</strong></span> <span class='ocrx_word' id='word_1_209' title='bbox 1013 1982 1077 2024; x_wconf 87' lang='lat' dir='ltr'><strong>se</strong></span> <span class='ocrx_word' id='word_1_210' title='bbox 1137 1961 1410 2040; x_wconf 87' lang='lat' dir='ltr'><strong>quidem,</strong></span> <span class='ocrx_word' id='word_1_211' title='bbox 1477 1972 1762 2039; x_wconf 89' lang='lat' dir='ltr'><strong>quantum</strong></span> <span class='ocrx_word' id='word_1_212' title='bbox 1802 1963 1861 2022; x_wconf 92' lang='lat' dir='ltr'><strong>in</strong></span> <span class='ocrx_word' id='word_1_213' title='bbox 1901 1983 1966 2024; x_wconf 91' lang='lat' dir='ltr'><strong>se</strong></span> <span class='ocrx_word' id='word_1_214' title='bbox 2004 1973 2121 2042; x_wconf 90' lang='lat' dir='ltr'><strong>est,</strong></span> <span class='ocrx_word' id='word_1_215' title='bbox 2161 1963 2238 2022; x_wconf 90' lang='lat' dir='ltr'><strong>ad</strong></span> <span class='ocrx_word' id='word_1_216' title='bbox 2277 1961 2442 2022; x_wconf 90' lang='lat' dir='ltr'><strong>illum</strong></span> <span class='ocrx_word' id='word_1_217' title='bbox 2484 1959 2730 2040; x_wconf 88' lang='lat' dir='ltr'><strong>perduci</strong></span> <span class='ocrx_word' id='word_1_218' title='bbox 2771 1962 2942 2024; x_wconf 87' lang='lat' dir='ltr'><strong>sinat.</strong></span> <span class='ocrx_word' id='word_1_219' title='bbox 2982 1972 3342 2040; x_wconf 91' lang='lat' dir='ltr'><strong>quapropter</strong></span> 
     </span>
     <span class='ocr_line' id='line_1_21' title="bbox 419 2038 3340 2122; baseline 0.001 -22"><span class='ocrx_word' id='word_1_220' title='bbox 419 2040 733 2120; x_wconf 88' lang='lat' dir='ltr'><strong>superioris</strong></span> <span class='ocrx_word' id='word_1_221' title='bbox 773 2052 1131 2120; x_wconf 87' lang='lat' dir='ltr'><strong>superuentu</strong></span> <span class='ocrx_word' id='word_1_222' title='bbox 1170 2053 1235 2102; x_wconf 88' lang='lat' dir='ltr'><strong>vt</strong></span> <span class='ocrx_word' id='word_1_223' title='bbox 1272 2043 1599 2120; x_wconf 87' lang='lat' dir='ltr'><strong>collapsam</strong></span> <span class='ocrx_word' id='word_1_224' title='bbox 1637 2043 1930 2121; x_wconf 85' lang='lat' dir='ltr'><strong>restituat,</strong></span> <span class='ocrx_word' id='word_1_225' title='bbox 1971 2046 2028 2103; x_wconf 86' lang='lat'>&amp;</span> <span class='ocrx_word' id='word_1_226' title='bbox 2065 2042 2392 2103; x_wconf 63' lang='lat' dir='ltr'><strong>restitutam</strong></span> <span class='ocrx_word' id='word_1_227' title='bbox 2413 2058 2589 2119; x_wconf 87' lang='lat' dir='ltr'><strong>supra</strong></span> <span class='ocrx_word' id='word_1_228' title='bbox 2612 2038 2802 2116; x_wconf 87' lang='lat' dir='ltr'><strong>ipsam</strong></span> <span class='ocrx_word' id='word_1_229' title='bbox 2821 2043 3060 2122; x_wconf 88' lang='lat' dir='ltr'><strong>euehat,</strong></span> <span class='ocrx_word' id='word_1_230' title='bbox 3096 2041 3340 2102; x_wconf 91' lang='lat' dir='ltr'><strong>omnino</strong></span> 
     </span>
     <span class='ocr_line' id='line_1_22' title="bbox 420 2131 723 2198; baseline -0.003 -17"><span class='ocrx_word' id='word_1_231' title='bbox 420 2131 508 2181; x_wconf 87' lang='lat' dir='ltr'><strong>est</strong></span> <span class='ocrx_word' id='word_1_232' title='bbox 548 2137 723 2198; x_wconf 87' lang='lat' dir='ltr'><strong>opus.</strong></span> 
     </span>
    </p>

    <p class='ocr_par' dir='ltr' id='par_1_6' title="bbox 416 2201 3341 2440">
     <span class='ocr_line' id='line_1_23' title="bbox 496 2201 3339 2280; baseline -0.001 -18"><span class='ocrx_word' id='word_1_233' title='bbox 496 2221 554 2278; x_wconf 90' lang='lat'><strong>9.</strong></span> <span class='ocrx_word' id='word_1_234' title='bbox 635 2201 1105 2277; x_wconf 87' lang='lat' dir='ltr'><strong>Supernaturalis</strong></span> <span class='ocrx_word' id='word_1_235' title='bbox 1166 2213 1366 2262; x_wconf 90' lang='lat' dir='ltr'><strong>autem</strong></span> <span class='ocrx_word' id='word_1_236' title='bbox 1422 2203 1573 2262; x_wconf 89' lang='lat' dir='ltr'><strong>haec</strong></span> <span class='ocrx_word' id='word_1_237' title='bbox 1636 2211 1936 2280; x_wconf 85' lang='lat' dir='ltr'><strong>spectatur</strong></span> <span class='ocrx_word' id='word_1_238' title='bbox 1995 2211 2124 2260; x_wconf 91' lang='lat' dir='ltr'><strong>tum</strong></span> <span class='ocrx_word' id='word_1_239' title='bbox 2185 2202 2456 2261; x_wconf 79' lang='lat' dir='ltr'><strong>absolute</strong></span> <span class='ocrx_word' id='word_1_240' title='bbox 2513 2201 2574 2261; x_wconf 89' lang='lat' dir='ltr'><strong>in</strong></span> <span class='ocrx_word' id='word_1_241' title='bbox 2639 2221 2702 2263; x_wconf 91' lang='lat' dir='ltr'><strong>se</strong></span> <span class='ocrx_word' id='word_1_242' title='bbox 2763 2203 2819 2260; x_wconf 73' lang='grc' dir='ltr'><strong>δι</strong></span> <span class='ocrx_word' id='word_1_243' title='bbox 2860 2201 3050 2264; x_wconf 77' lang='lat' dir='ltr'><strong>causis</strong></span> <span class='ocrx_word' id='word_1_244' title='bbox 3092 2203 3210 2260; x_wconf 89' lang='lat' dir='ltr'><strong>suis</strong></span> <span class='ocrx_word' id='word_1_245' title='bbox 3225 2247 3243 2280; x_wconf 92' lang='lat'><strong>,</strong></span> <span class='ocrx_word' id='word_1_246' title='bbox 3283 2202 3339 2259; x_wconf 73' lang='grc' dir='ltr'><strong>δι</strong></span> 
     </span>
     <span class='ocr_line' id='line_1_24' title="bbox 416 2281 3341 2420; baseline -0 -79"><span class='ocrx_word' id='word_1_247' title='bbox 416 2281 749 2420; x_wconf 54' lang='lat' dir='ltr'><strong>Theodogia</strong></span> <span class='ocrx_word' id='word_1_248' title='bbox 790 2283 1085 2342; x_wconf 85' lang='lat' dir='ltr'><strong>abstracta</strong></span> <span class='ocrx_word' id='word_1_249' title='bbox 1124 2281 1368 2360; x_wconf 86' lang='lat' dir='ltr'><strong>dicitur,</strong></span> <span class='ocrx_word' id='word_1_250' title='bbox 1406 2291 1534 2341; x_wconf 91' lang='lat' dir='ltr'><strong>tum</strong></span> <span class='ocrx_word' id='word_1_251' title='bbox 1577 2283 1759 2344; x_wconf 79' lang='lat' dir='ltr'><strong>relate</strong></span> <span class='ocrx_word' id='word_1_252' title='bbox 1803 2281 1881 2342; x_wconf 89' lang='lat' dir='ltr'><strong>ad</strong></span> <span class='ocrx_word' id='word_1_253' title='bbox 1920 2283 2254 2342; x_wconf 88' lang='lat' dir='ltr'><strong>subiectum</strong></span> <span class='ocrx_word' id='word_1_254' title='bbox 2288 2281 2384 2341; x_wconf 92' lang='lat' dir='ltr'><strong>cui</strong></span> <span class='ocrx_word' id='word_1_255' title='bbox 2416 2281 2594 2360; x_wconf 89' lang='lat' dir='ltr'><strong>inest,</strong></span> <span class='ocrx_word' id='word_1_256' title='bbox 2630 2282 2685 2340; x_wconf 72' lang='grc' dir='ltr'><strong>δι</strong></span> <span class='ocrx_word' id='word_1_257' title='bbox 2704 2281 3040 2360; x_wconf 87' lang='lat' dir='ltr'><strong>Theologia</strong></span> <span class='ocrx_word' id='word_1_258' title='bbox 3060 2291 3341 2342; x_wconf 89' lang='lat' dir='ltr'><strong>concreta</strong></span> 
     </span>
     <span class='ocr_line' id='line_1_25' title="bbox 416 2370 763 2440; baseline 0 -20"><span class='ocrx_word' id='word_1_259' title='bbox 416 2379 568 2440; x_wconf 86' lang='lat' dir='ltr'><strong>appe</strong></span> <span class='ocrx_word' id='word_1_260' title='bbox 613 2370 763 2420; x_wconf 88' lang='lat' dir='ltr'><strong>atur.</strong></span> 
     </span>
    </p>

    <p class='ocr_par' dir='ltr' id='par_1_7' title="bbox 414 2440 3339 2981">
     <span class='ocr_line' id='line_1_26' title="bbox 502 2440 3336 2521; baseline 0 -20"><span class='ocrx_word' id='word_1_261' title='bbox 502 2462 595 2501; x_wconf 88' lang='lat'><strong>10.</strong></span> <span class='ocrx_word' id='word_1_262' title='bbox 673 2444 747 2501; x_wconf 89' lang='lat' dir='ltr'><strong>In</strong></span> <span class='ocrx_word' id='word_1_263' title='bbox 804 2461 868 2503; x_wconf 91' lang='lat' dir='ltr'><strong>se</strong></span> <span class='ocrx_word' id='word_1_264' title='bbox 928 2444 984 2501; x_wconf 77' lang='grc' dir='ltr'><strong>δι’,</strong></span> <span class='ocrx_word' id='word_1_265' title='bbox 1046 2441 1237 2503; x_wconf 66' lang='lat' dir='ltr'><strong>musis</strong></span> <span class='ocrx_word' id='word_1_266' title='bbox 1294 2442 1414 2503; x_wconf 91' lang='lat' dir='ltr'><strong>suis</strong></span> <span class='ocrx_word' id='word_1_267' title='bbox 1472 2441 1814 2521; x_wconf 89' lang='lat' dir='ltr'><strong>simpliciter</strong></span> <span class='ocrx_word' id='word_1_268' title='bbox 1873 2454 2111 2521; x_wconf 86' lang='lat' dir='ltr'><strong>sancta,</strong></span> <span class='ocrx_word' id='word_1_269' title='bbox 2170 2442 2322 2503; x_wconf 88' lang='lat' dir='ltr'><strong>iusta</strong></span> <span class='ocrx_word' id='word_1_270' title='bbox 2380 2442 2436 2501; x_wconf 71' lang='grc' dir='ltr'><strong>δε</strong></span> <span class='ocrx_word' id='word_1_271' title='bbox 2473 2444 2735 2520; x_wconf 80' lang='lat' dir='ltr'><strong>perfecta</strong></span> <span class='ocrx_word' id='word_1_272' title='bbox 2775 2451 2893 2521; x_wconf 62' lang='lat' dir='ltr'><strong>est,</strong></span> <span class='ocrx_word' id='word_1_273' title='bbox 2933 2440 3058 2501; x_wconf 90' lang='lat' dir='ltr'><strong>siue</strong></span> <span class='ocrx_word' id='word_1_274' title='bbox 3095 2458 3336 2501; x_wconf 89' lang='lat' dir='ltr'><strong>causam</strong></span> 
     </span>
     <span class='ocr_line' id='line_1_27' title="bbox 417 2520 3336 2601; baseline -0 -20"><span class='ocrx_word' id='word_1_275' title='bbox 417 2520 771 2582; x_wconf 83' lang='lat' dir='ltr'><strong>efficientem</strong></span> <span class='ocrx_word' id='word_1_276' title='bbox 786 2567 804 2601; x_wconf 90' lang='lat'><strong>,</strong></span> <span class='ocrx_word' id='word_1_277' title='bbox 843 2522 1187 2600; x_wconf 86' lang='lat' dir='ltr'><strong>primariam</strong></span> <span class='ocrx_word' id='word_1_278' title='bbox 1227 2521 1469 2599; x_wconf 88' lang='lat' dir='ltr'><strong>quidem</strong></span> <span class='ocrx_word' id='word_1_279' title='bbox 1511 2524 1709 2583; x_wconf 88' lang='lat' dir='ltr'><strong>Deum</strong></span> <span class='ocrx_word' id='word_1_280' title='bbox 1749 2522 1945 2600; x_wconf 90' lang='lat' dir='ltr'><strong>ipsum</strong></span> <span class='ocrx_word' id='word_1_281' title='bbox 1987 2524 2344 2583; x_wconf 89' lang='lat' dir='ltr'><strong>reuelantem</strong></span> <span class='ocrx_word' id='word_1_282' title='bbox 2357 2566 2374 2600; x_wconf 99' lang='lat'><strong>,</strong></span> <span class='ocrx_word' id='word_1_283' title='bbox 2414 2522 2918 2583; x_wconf 87' lang='lat' dir='ltr'><strong>instrumentalem</strong></span> <span class='ocrx_word' id='word_1_284' title='bbox 2952 2525 3096 2581; x_wconf 82' lang='lat' dir='ltr'><strong>vero</strong></span> <span class='ocrx_word' id='word_1_285' title='bbox 3117 2538 3336 2581; x_wconf 89' lang='lat' dir='ltr'><strong>sermo-</strong></span> 
     </span>
     <span class='ocr_line' id='line_1_28' title="bbox 414 2598 3339 2680; baseline -0 -20"><span class='ocrx_word' id='word_1_286' title='bbox 414 2619 555 2661; x_wconf 87' lang='lat' dir='ltr'><strong>nem</strong></span> <span class='ocrx_word' id='word_1_287' title='bbox 596 2600 711 2661; x_wconf 87' lang='lat' dir='ltr'><strong>Dei</strong></span> <span class='ocrx_word' id='word_1_288' title='bbox 748 2603 1129 2680; x_wconf 70' lang='grc' dir='ltr'><strong><em>προφορικόν,</em></strong></span> <span class='ocrx_word' id='word_1_289' title='bbox 1168 2602 1381 2679; x_wconf 90' lang='lat' dir='ltr'><strong>partim</strong></span> <span class='ocrx_word' id='word_1_290' title='bbox 1422 2601 1781 2679; x_wconf 83' lang='lat' dir='ltr'><strong>spiritualem</strong></span> <span class='ocrx_word' id='word_1_291' title='bbox 1797 2648 1813 2679; x_wconf 91' lang='lat'><strong>,</strong></span> <span class='ocrx_word' id='word_1_292' title='bbox 1860 2602 2075 2680; x_wconf 87' lang='lat' dir='ltr'><strong>partim</strong></span> <span class='ocrx_word' id='word_1_293' title='bbox 2115 2604 2489 2679; x_wconf 89' lang='lat' dir='ltr'><strong>corporalem</strong></span> <span class='ocrx_word' id='word_1_294' title='bbox 2529 2612 2790 2679; x_wconf 85' lang='lat' dir='ltr'><strong>spectes:</strong></span> <span class='ocrx_word' id='word_1_295' title='bbox 2835 2600 2960 2661; x_wconf 90' lang='lat' dir='ltr'><strong>siue</strong></span> <span class='ocrx_word' id='word_1_296' title='bbox 2997 2598 3302 2661; x_wconf 86' lang='lat' dir='ltr'><strong>materiam</strong></span> <span class='ocrx_word' id='word_1_297' title='bbox 3322 2645 3339 2677; x_wconf 91' lang='lat'><strong>,</strong></span> 
     </span>
     <span class='ocr_line' id='line_1_29' title="bbox 418 2679 3334 2760; baseline -0.001 -20"><span class='ocrx_word' id='word_1_298' title='bbox 418 2683 617 2741; x_wconf 87' lang='lat' dir='ltr'><strong>Deum</strong></span> <span class='ocrx_word' id='word_1_299' title='bbox 653 2680 881 2758; x_wconf 84' lang='lat' dir='ltr'><strong>ipsum,</strong></span> <span class='ocrx_word' id='word_1_300' title='bbox 916 2681 971 2739; x_wconf 71' lang='grc' dir='ltr'><strong>δι</strong></span> <span class='ocrx_word' id='word_1_301' title='bbox 1010 2700 1105 2741; x_wconf 90' lang='lat' dir='ltr'><strong>res</strong></span> <span class='ocrx_word' id='word_1_302' title='bbox 1144 2699 1354 2743; x_wconf 89' lang='lat' dir='ltr'><strong>omnes</strong></span> <span class='ocrx_word' id='word_1_303' title='bbox 1390 2683 1471 2742; x_wconf 92' lang='lat' dir='ltr'><strong>ad</strong></span> <span class='ocrx_word' id='word_1_304' title='bbox 1511 2685 1709 2742; x_wconf 91' lang='lat' dir='ltr'><strong>Deum</strong></span> <span class='ocrx_word' id='word_1_305' title='bbox 1749 2682 2080 2743; x_wconf 81' lang='lat' dir='ltr'><strong>ordinatas:</strong></span> <span class='ocrx_word' id='word_1_306' title='bbox 2122 2682 2248 2742; x_wconf 89' lang='lat' dir='ltr'><strong>siue</strong></span> <span class='ocrx_word' id='word_1_307' title='bbox 2287 2685 2539 2742; x_wconf 86' lang='lat' dir='ltr'><strong>formam</strong></span> <span class='ocrx_word' id='word_1_308' title='bbox 2555 2728 2572 2760; x_wconf 92' lang='lat'><strong>,</strong></span> <span class='ocrx_word' id='word_1_309' title='bbox 2607 2681 2873 2742; x_wconf 89' lang='lat' dir='ltr'><strong>diuinam</strong></span> <span class='ocrx_word' id='word_1_310' title='bbox 2894 2680 3204 2741; x_wconf 88' lang='lat' dir='ltr'><strong>veritatem</strong></span> <span class='ocrx_word' id='word_1_311' title='bbox 3223 2679 3334 2739; x_wconf 90' lang='lat' dir='ltr'><strong>toti</strong></span> 
     </span>
     <span class='ocr_line' id='line_1_30' title="bbox 416 2758 3337 2839; baseline -0 -20"><span class='ocrx_word' id='word_1_312' title='bbox 416 2762 473 2819; x_wconf 75' lang='grc' dir='ltr'><strong>δι</strong></span> <span class='ocrx_word' id='word_1_313' title='bbox 514 2760 791 2821; x_wconf 87' lang='lat' dir='ltr'><strong>omnibus</strong></span> <span class='ocrx_word' id='word_1_314' title='bbox 826 2760 1093 2837; x_wconf 86' lang='lat' dir='ltr'><strong>partibus</strong></span> <span class='ocrx_word' id='word_1_315' title='bbox 1130 2762 1453 2839; x_wconf 80' lang='lat' dir='ltr'><strong>aequaliter</strong></span> <span class='ocrx_word' id='word_1_316' title='bbox 1491 2762 1743 2823; x_wconf 88' lang='lat' dir='ltr'><strong>infusam</strong></span> <span class='ocrx_word' id='word_1_317' title='bbox 1783 2762 2154 2823; x_wconf 88' lang='lat' dir='ltr'><strong>consideres:</strong></span> <span class='ocrx_word' id='word_1_318' title='bbox 2196 2762 2322 2823; x_wconf 89' lang='lat' dir='ltr'><strong>siue</strong></span> <span class='ocrx_word' id='word_1_319' title='bbox 2364 2761 2620 2839; x_wconf 90' lang='lat' dir='ltr'><strong>denique</strong></span> <span class='ocrx_word' id='word_1_320' title='bbox 2663 2762 2740 2822; x_wconf 92' lang='lat' dir='ltr'><strong>ad</strong></span> <span class='ocrx_word' id='word_1_321' title='bbox 2777 2762 2958 2821; x_wconf 89' lang='lat' dir='ltr'><strong>finem</strong></span> <span class='ocrx_word' id='word_1_322' title='bbox 2996 2758 3337 2837; x_wconf 87' lang='lat' dir='ltr'><strong>primarium</strong></span> 
     </span>
     <span class='ocr_line' id='line_1_31' title="bbox 420 2838 3337 2979; baseline -0 -80"><span class='ocrx_word' id='word_1_323' title='bbox 420 2840 535 2931; x_wconf 81' lang='lat' dir='ltr'><strong>Dei</strong></span> <span class='ocrx_word' id='word_1_324' title='bbox 595 2844 803 2979; x_wconf 47' lang='lat' dir='ltr'><strong>rect}d</strong></span> <span class='ocrx_word' id='word_1_325' title='bbox 812 2838 995 2917; x_wconf 86' lang='lat' dir='ltr'><strong>agniti</strong></span> <span class='ocrx_word' id='word_1_326' title='bbox 1049 2841 1330 2921; x_wconf 88' lang='lat' dir='ltr'><strong>gloriam,</strong></span> <span class='ocrx_word' id='word_1_327' title='bbox 1387 2843 1444 2901; x_wconf 91' lang='lat'>&amp;</span> <span class='ocrx_word' id='word_1_328' title='bbox 1492 2841 1907 2903; x_wconf 88' lang='lat' dir='ltr'><strong>secundarium</strong></span> <span class='ocrx_word' id='word_1_329' title='bbox 1946 2843 2197 2903; x_wconf 86' lang='lat' dir='ltr'><strong>salutem</strong></span> <span class='ocrx_word' id='word_1_330' title='bbox 2236 2853 2500 2902; x_wconf 90' lang='lat' dir='ltr'><strong>nostram</strong></span> <span class='ocrx_word' id='word_1_331' title='bbox 2541 2852 2910 2919; x_wconf 88' lang='lat' dir='ltr'><strong>praesentem</strong></span> <span class='ocrx_word' id='word_1_332' title='bbox 2950 2842 3007 2899; x_wconf 75' lang='grc' dir='ltr'><strong>δε</strong></span> <span class='ocrx_word' id='word_1_333' title='bbox 3047 2842 3303 2900; x_wconf 86' lang='lat' dir='ltr'><strong>futuram</strong></span> <span class='ocrx_word' id='word_1_334' title='bbox 3320 2884 3337 2919; x_wconf 94' lang='lat'><strong>,</strong></span> 
     </span>
     <span class='ocr_line' id='line_1_32' title="bbox 422 2930 1015 2981; baseline -0.002 -1"><span class='ocrx_word' id='word_1_335' title='bbox 422 2935 685 2980; x_wconf 76' lang='lat' dir='ltr'><strong>animum</strong></span> <span class='ocrx_word' id='word_1_336' title='bbox 802 2930 1015 2981; x_wconf 84' lang='lat' dir='ltr'><strong>uertaS.</strong></span> 
     </span>
    </p>

    <p class='ocr_par' dir='ltr' id='par_1_8' title="bbox 420 2998 3341 3477">
     <span class='ocr_line' id='line_1_33' title="bbox 509 2998 3337 3079; baseline 0 -21"><span class='ocrx_word' id='word_1_337' title='bbox 509 3020 535 3058; x_wconf 93' lang='lat'>1</span> <span class='ocrx_word' id='word_1_338' title='bbox 550 3020 604 3059; x_wconf 78' lang='grc' dir='ltr'><strong>ι.</strong></span> <span class='ocrx_word' id='word_1_339' title='bbox 682 2998 1017 3077; x_wconf 88' lang='lat' dir='ltr'><strong>Theologia</strong></span> <span class='ocrx_word' id='word_1_340' title='bbox 1054 3004 1198 3060; x_wconf 80' lang='lat' dir='ltr'><strong>vero</strong></span> <span class='ocrx_word' id='word_1_341' title='bbox 1237 3018 1375 3061; x_wconf 90' lang='lat' dir='ltr'><strong>cum</strong></span> <span class='ocrx_word' id='word_1_342' title='bbox 1416 2999 1683 3062; x_wconf 86' lang='lat' dir='ltr'><strong>subiecto</strong></span> <span class='ocrx_word' id='word_1_343' title='bbox 1724 3019 1833 3063; x_wconf 91' lang='lat' dir='ltr'><strong>suo</strong></span> <span class='ocrx_word' id='word_1_344' title='bbox 1872 3012 2149 3063; x_wconf 86' lang='lat' dir='ltr'><strong>concreta</strong></span> <span class='ocrx_word' id='word_1_345' title='bbox 2185 3011 2274 3062; x_wconf 91' lang='lat' dir='ltr'><strong>est</strong></span> <span class='ocrx_word' id='word_1_346' title='bbox 2295 3000 2536 3079; x_wconf 84' lang='lat' dir='ltr'><strong>quidem</strong></span> <span class='ocrx_word' id='word_1_347' title='bbox 2557 3001 2767 3061; x_wconf 90' lang='lat' dir='ltr'><strong>eadem</strong></span> <span class='ocrx_word' id='word_1_348' title='bbox 2789 3000 3122 3061; x_wconf 88' lang='lat' dir='ltr'><strong>diuinarum</strong></span> <span class='ocrx_word' id='word_1_349' title='bbox 3141 3016 3337 3059; x_wconf 89' lang='lat' dir='ltr'><strong>rerum</strong></span> 
     </span>
     <span class='ocr_line' id='line_1_34' title="bbox 424 3078 3337 3159; baseline -0 -20"><span class='ocrx_word' id='word_1_350' title='bbox 424 3078 721 3156; x_wconf 87' lang='lat' dir='ltr'><strong>Sapientia</strong></span> <span class='ocrx_word' id='word_1_351' title='bbox 760 3082 900 3155; x_wconf 82' lang='lat' dir='ltr'><strong>(vna</strong></span> <span class='ocrx_word' id='word_1_352' title='bbox 938 3079 1095 3139; x_wconf 92' lang='lat' dir='ltr'><strong>enim</strong></span> <span class='ocrx_word' id='word_1_353' title='bbox 1136 3083 1367 3141; x_wconf 79' lang='lat' dir='ltr'><strong>tantum</strong></span> <span class='ocrx_word' id='word_1_354' title='bbox 1409 3091 1499 3141; x_wconf 90' lang='lat' dir='ltr'><strong>est</strong></span> <span class='ocrx_word' id='word_1_355' title='bbox 1534 3080 1595 3140; x_wconf 91' lang='lat' dir='ltr'><strong>in</strong></span> <span class='ocrx_word' id='word_1_356' title='bbox 1638 3100 1700 3141; x_wconf 91' lang='lat' dir='ltr'><strong>se</strong></span> <span class='ocrx_word' id='word_1_357' title='bbox 1715 3126 1733 3157; x_wconf 88' lang='lat'><strong>,</strong></span> <span class='ocrx_word' id='word_1_358' title='bbox 1772 3091 2014 3143; x_wconf 90' lang='lat' dir='ltr'><strong>aeterna</strong></span> <span class='ocrx_word' id='word_1_359' title='bbox 2053 3083 2108 3140; x_wconf 69' lang='grc' dir='ltr'><strong>δι</strong></span> <span class='ocrx_word' id='word_1_360' title='bbox 2148 3080 2552 3157; x_wconf 89' lang='lat' dir='ltr'><strong>immutabilis)</strong></span> <span class='ocrx_word' id='word_1_361' title='bbox 2591 3081 2698 3141; x_wconf 90' lang='lat' dir='ltr'><strong>sed</strong></span> <span class='ocrx_word' id='word_1_362' title='bbox 2736 3100 2847 3159; x_wconf 93' lang='lat' dir='ltr'><strong>pro</strong></span> <span class='ocrx_word' id='word_1_363' title='bbox 2893 3080 3118 3141; x_wconf 89' lang='lat' dir='ltr'><strong>ratione</strong></span> <span class='ocrx_word' id='word_1_364' title='bbox 3138 3089 3337 3139; x_wconf 89' lang='lat' dir='ltr'><strong>tamen</strong></span> 
     </span>
     <span class='ocr_line' id='line_1_35' title="bbox 420 3158 3337 3239; baseline 0 -22"><span class='ocrx_word' id='word_1_365' title='bbox 420 3158 733 3219; x_wconf 85' lang='lat' dir='ltr'><strong>hominum</strong></span> <span class='ocrx_word' id='word_1_366' title='bbox 772 3158 987 3236; x_wconf 91' lang='lat' dir='ltr'><strong>quibus</strong></span> <span class='ocrx_word' id='word_1_367' title='bbox 1026 3159 1177 3219; x_wconf 90' lang='lat' dir='ltr'><strong>inest</strong></span> <span class='ocrx_word' id='word_1_368' title='bbox 1213 3161 1375 3220; x_wconf 79' lang='lat' dir='ltr'><strong>varie</strong></span> <span class='ocrx_word' id='word_1_369' title='bbox 1414 3161 1788 3221; x_wconf 88' lang='lat' dir='ltr'><strong>modificatur</strong></span> <span class='ocrx_word' id='word_1_370' title='bbox 1802 3206 1820 3239; x_wconf 87' lang='lat'><strong>,</strong></span> <span class='ocrx_word' id='word_1_371' title='bbox 1861 3162 1951 3222; x_wconf 91' lang='lat' dir='ltr'><strong>his</strong></span> <span class='ocrx_word' id='word_1_372' title='bbox 1993 3161 2243 3239; x_wconf 88' lang='lat' dir='ltr'><strong>amplius</strong></span> <span class='ocrx_word' id='word_1_373' title='bbox 2253 3200 2276 3239; x_wconf 87' lang='lat'><strong>-,</strong></span> <span class='ocrx_word' id='word_1_374' title='bbox 2317 3161 2428 3223; x_wconf 91' lang='lat' dir='ltr'><strong>illis</strong></span> <span class='ocrx_word' id='word_1_375' title='bbox 2469 3160 2710 3238; x_wconf 88' lang='lat' dir='ltr'><strong>paucius</strong></span> <span class='ocrx_word' id='word_1_376' title='bbox 2751 3161 2828 3221; x_wconf 91' lang='lat' dir='ltr'><strong>de</strong></span> <span class='ocrx_word' id='word_1_377' title='bbox 2848 3180 2918 3221; x_wconf 95' lang='lat' dir='ltr'><strong>ea</strong></span> <span class='ocrx_word' id='word_1_378' title='bbox 2937 3158 3337 3239; x_wconf 88' lang='lat' dir='ltr'><strong>capientibus:</strong></span> 
     </span>
     <span class='ocr_line' id='line_1_36' title="bbox 424 3239 3341 3320; baseline 0.001 -23"><span class='ocrx_word' id='word_1_379' title='bbox 424 3249 602 3316; x_wconf 91' lang='lat' dir='ltr'><strong>prout</strong></span> <span class='ocrx_word' id='word_1_380' title='bbox 663 3250 945 3315; x_wconf 89' lang='lat' dir='ltr'><strong>corrupta</strong></span> <span class='ocrx_word' id='word_1_381' title='bbox 992 3250 1201 3299; x_wconf 88' lang='lat' dir='ltr'><strong>natura</strong></span> <span class='ocrx_word' id='word_1_382' title='bbox 1239 3240 1429 3318; x_wconf 86' lang='lat' dir='ltr'><strong>magis</strong></span> <span class='ocrx_word' id='word_1_383' title='bbox 1468 3241 1564 3299; x_wconf 85' lang='lat' dir='ltr'><strong>vel</strong></span> <span class='ocrx_word' id='word_1_384' title='bbox 1603 3240 1826 3311; x_wconf 77' lang='lat' dir='ltr'><strong>minus,</strong></span> <span class='ocrx_word' id='word_1_385' title='bbox 1868 3242 2060 3320; x_wconf 89' lang='lat' dir='ltr'><strong>gratia</strong></span> <span class='ocrx_word' id='word_1_386' title='bbox 2097 3242 2213 3301; x_wconf 92' lang='lat' dir='ltr'><strong>Dei</strong></span> <span class='ocrx_word' id='word_1_387' title='bbox 2252 3241 2735 3319; x_wconf 87' lang='lat' dir='ltr'><strong>superueniente,</strong></span> <span class='ocrx_word' id='word_1_388' title='bbox 2773 3243 2852 3302; x_wconf 92' lang='lat' dir='ltr'><strong>ab</strong></span> <span class='ocrx_word' id='word_1_389' title='bbox 2891 3239 3197 3302; x_wconf 90' lang='lat' dir='ltr'><strong>inscientia</strong></span> <span class='ocrx_word' id='word_1_390' title='bbox 3235 3257 3341 3299; x_wconf 87' lang='lat' dir='ltr'><strong>sua</strong></span> 
     </span>
     <span class='ocr_line' id='line_1_37' title="bbox 424 3317 3340 3401; baseline 0.001 -24"><span class='ocrx_word' id='word_1_391' title='bbox 424 3317 785 3393; x_wconf 79' lang='lat' dir='ltr'><strong>vindicatur,</strong></span> <span class='ocrx_word' id='word_1_392' title='bbox 826 3319 981 3379; x_wconf 90' lang='lat' dir='ltr'><strong>adeo</strong></span> <span class='ocrx_word' id='word_1_393' title='bbox 1019 3330 1116 3398; x_wconf 88' lang='lat' dir='ltr'><strong>vt,</strong></span> <span class='ocrx_word' id='word_1_394' title='bbox 1158 3323 1295 3380; x_wconf 76' lang='lat' dir='ltr'><strong>cum</strong></span> <span class='ocrx_word' id='word_1_395' title='bbox 1336 3324 1373 3380; x_wconf 79' lang='lat' dir='ltr'><strong>a</strong></span> <span class='ocrx_word' id='word_1_396' title='bbox 1414 3338 1647 3380; x_wconf 87' lang='lat' dir='ltr'><strong>summo</strong></span> <span class='ocrx_word' id='word_1_397' title='bbox 1686 3323 1765 3382; x_wconf 89' lang='lat' dir='ltr'><strong>ad</strong></span> <span class='ocrx_word' id='word_1_398' title='bbox 1806 3320 1993 3381; x_wconf 89' lang='lat' dir='ltr'><strong>imum</strong></span> <span class='ocrx_word' id='word_1_399' title='bbox 2035 3321 2244 3381; x_wconf 86' lang='lat' dir='ltr'><strong>infiniti</strong></span> <span class='ocrx_word' id='word_1_400' title='bbox 2284 3320 2402 3381; x_wconf 89' lang='lat' dir='ltr'><strong>sint</strong></span> <span class='ocrx_word' id='word_1_401' title='bbox 2439 3321 2655 3399; x_wconf 85' lang='lat' dir='ltr'><strong>gradus</strong></span> <span class='ocrx_word' id='word_1_402' title='bbox 2673 3366 2690 3401; x_wconf 95' lang='lat'><strong>,</strong></span> <span class='ocrx_word' id='word_1_403' title='bbox 2730 3332 2926 3381; x_wconf 90' lang='lat' dir='ltr'><strong>certus</strong></span> <span class='ocrx_word' id='word_1_404' title='bbox 2965 3321 3090 3381; x_wconf 89' lang='lat' dir='ltr'><strong>eius</strong></span> <span class='ocrx_word' id='word_1_405' title='bbox 3125 3320 3340 3381; x_wconf 89' lang='lat' dir='ltr'><strong>modus</strong></span> 
     </span>
     <span class='ocr_line' id='line_1_38' title="bbox 422 3397 1192 3477; baseline 0.004 -20"><span class='ocrx_word' id='word_1_406' title='bbox 422 3400 617 3458; x_wconf 88' lang='lat' dir='ltr'><strong>nullus</strong></span> <span class='ocrx_word' id='word_1_407' title='bbox 657 3397 946 3477; x_wconf 87' lang='lat' dir='ltr'><strong>assignari</strong></span> <span class='ocrx_word' id='word_1_408' title='bbox 986 3398 1192 3477; x_wconf 88' lang='lat' dir='ltr'><strong>possit.</strong></span> 
     </span>
    </p>

    <p class='ocr_par' dir='ltr' id='par_1_9' title="bbox 426 3479 3342 4099">
     <span class='ocr_line' id='line_1_39' title="bbox 512 3479 3340 3559; baseline 0.001 -22"><span class='ocrx_word' id='word_1_409' title='bbox 512 3498 603 3538; x_wconf 86' lang='lat'><strong>12.</strong></span> <span class='ocrx_word' id='word_1_410' title='bbox 684 3480 790 3539; x_wconf 90' lang='lat' dir='ltr'><strong>Est</strong></span> <span class='ocrx_word' id='word_1_411' title='bbox 827 3488 1026 3538; x_wconf 91' lang='lat' dir='ltr'><strong>autem</strong></span> <span class='ocrx_word' id='word_1_412' title='bbox 1064 3498 1205 3540; x_wconf 85' lang='lat' dir='ltr'><strong>vera</strong></span> <span class='ocrx_word' id='word_1_413' title='bbox 1245 3479 1397 3540; x_wconf 85' lang='lat' dir='ltr'><strong>haec</strong></span> <span class='ocrx_word' id='word_1_414' title='bbox 1437 3479 1773 3558; x_wconf 89' lang='lat' dir='ltr'><strong>Theologia</strong></span> <span class='ocrx_word' id='word_1_415' title='bbox 1811 3480 2060 3557; x_wconf 88' lang='lat' dir='ltr'><strong>(vtrouis</strong></span> <span class='ocrx_word' id='word_1_416' title='bbox 2080 3482 2266 3541; x_wconf 89' lang='lat' dir='ltr'><strong>modo</strong></span> <span class='ocrx_word' id='word_1_417' title='bbox 2287 3482 2611 3559; x_wconf 88' lang='lat' dir='ltr'><strong>acceperis)</strong></span> <span class='ocrx_word' id='word_1_418' title='bbox 2631 3499 2772 3541; x_wconf 87' lang='lat' dir='ltr'><strong>vera</strong></span> <span class='ocrx_word' id='word_1_419' title='bbox 2790 3480 3123 3542; x_wconf 88' lang='lat' dir='ltr'><strong>diuinarum</strong></span> <span class='ocrx_word' id='word_1_420' title='bbox 3145 3495 3340 3539; x_wconf 89' lang='lat' dir='ltr'><strong>rerum</strong></span> 
     </span>
     <span class='ocr_line' id='line_1_40' title="bbox 427 3556 3342 3640; baseline 0.001 -23"><span class='ocrx_word' id='word_1_421' title='bbox 427 3556 727 3634; x_wconf 87' lang='lat' dir='ltr'><strong>Sapientia</strong></span> <span class='ocrx_word' id='word_1_422' title='bbox 787 3558 1224 3620; x_wconf 87' lang='lat' dir='ltr'><strong>communicata</strong></span> <span class='ocrx_word' id='word_1_423' title='bbox 1284 3558 1563 3619; x_wconf 89' lang='lat' dir='ltr'><strong>diuinitus</strong></span> <span class='ocrx_word' id='word_1_424' title='bbox 1623 3560 1703 3620; x_wconf 89' lang='lat' dir='ltr'><strong>ad</strong></span> <span class='ocrx_word' id='word_1_425' title='bbox 1754 3560 1870 3621; x_wconf 91' lang='lat' dir='ltr'><strong>Dei</strong></span> <span class='ocrx_word' id='word_1_426' title='bbox 1906 3561 2178 3640; x_wconf 86' lang='lat' dir='ltr'><strong>gloriam.</strong></span> <span class='ocrx_word' id='word_1_427' title='bbox 2239 3562 2510 3640; x_wconf 90' lang='lat' dir='ltr'><strong>Cumque</strong></span> <span class='ocrx_word' id='word_1_428' title='bbox 2552 3561 2747 3622; x_wconf 90' lang='lat' dir='ltr'><strong>omnis</strong></span> <span class='ocrx_word' id='word_1_429' title='bbox 2786 3561 3118 3639; x_wconf 88' lang='lat' dir='ltr'><strong>Sapientiae</strong></span> <span class='ocrx_word' id='word_1_430' title='bbox 3152 3579 3228 3619; x_wconf 87' lang='lat' dir='ltr'><strong>ea</strong></span> <span class='ocrx_word' id='word_1_431' title='bbox 3267 3557 3342 3619; x_wconf 90' lang='lat' dir='ltr'><strong>sit</strong></span> 
     </span>
     <span class='ocr_line' id='line_1_41' title="bbox 426 3637 3342 3719; baseline 0 -23"><span class='ocrx_word' id='word_1_432' title='bbox 426 3637 578 3697; x_wconf 89' lang='lat' dir='ltr'><strong>ratio</strong></span> <span class='ocrx_word' id='word_1_433' title='bbox 600 3682 619 3711; x_wconf 82' lang='lat'><strong>,</strong></span> <span class='ocrx_word' id='word_1_434' title='bbox 674 3650 739 3698; x_wconf 82' lang='lat' dir='ltr'><strong>vt</strong></span> <span class='ocrx_word' id='word_1_435' title='bbox 797 3639 1135 3700; x_wconf 82' lang='lat' dir='ltr'><strong>facultatem</strong></span> <span class='ocrx_word' id='word_1_436' title='bbox 1190 3640 1247 3698; x_wconf 72' lang='grc' dir='ltr'><strong>δι</strong></span> <span class='ocrx_word' id='word_1_437' title='bbox 1286 3639 1693 3716; x_wconf 88' lang='lat' dir='ltr'><strong>operationem</strong></span> <span class='ocrx_word' id='word_1_438' title='bbox 1733 3641 1823 3701; x_wconf 90' lang='lat' dir='ltr'><strong>sui</strong></span> <span class='ocrx_word' id='word_1_439' title='bbox 1862 3639 2124 3719; x_wconf 89' lang='lat' dir='ltr'><strong>Sapienti</strong></span> <span class='ocrx_word' id='word_1_440' title='bbox 2165 3652 2447 3719; x_wconf 82' lang='lat' dir='ltr'><strong>praestet,</strong></span> <span class='ocrx_word' id='word_1_441' title='bbox 2491 3645 2648 3702; x_wconf 76' lang='lat' dir='ltr'><strong>recte</strong></span> <span class='ocrx_word' id='word_1_442' title='bbox 2688 3639 2825 3701; x_wconf 88' lang='lat' dir='ltr'><strong>huic</strong></span> <span class='ocrx_word' id='word_1_443' title='bbox 2865 3641 3195 3718; x_wconf 86' lang='lat' dir='ltr'><strong>Sapientiae</strong></span> <span class='ocrx_word' id='word_1_444' title='bbox 3234 3654 3342 3699; x_wconf 90' lang='lat' dir='ltr'><strong>sua</strong></span> 
     </span>
     <span class='ocr_line' id='line_1_42' title="bbox 427 3714 3342 3799; baseline 0 -23"><span class='ocrx_word' id='word_1_445' title='bbox 427 3717 673 3777; x_wconf 87' lang='lat' dir='ltr'><strong>facultas</strong></span> <span class='ocrx_word' id='word_1_446' title='bbox 713 3718 771 3777; x_wconf 75' lang='grc' dir='ltr'><strong>δι</strong></span> <span class='ocrx_word' id='word_1_447' title='bbox 811 3718 1081 3795; x_wconf 88' lang='lat' dir='ltr'><strong>operatio</strong></span> <span class='ocrx_word' id='word_1_448' title='bbox 1121 3738 1193 3779; x_wconf 87' lang='lat' dir='ltr'><strong>ex</strong></span> <span class='ocrx_word' id='word_1_449' title='bbox 1232 3718 1411 3779; x_wconf 89' lang='lat' dir='ltr'><strong>sacris</strong></span> <span class='ocrx_word' id='word_1_450' title='bbox 1454 3719 1765 3798; x_wconf 89' lang='lat' dir='ltr'><strong>Scripturis</strong></span> <span class='ocrx_word' id='word_1_451' title='bbox 1802 3721 2093 3782; x_wconf 89' lang='lat' dir='ltr'><strong>tribuitur.</strong></span> <span class='ocrx_word' id='word_1_452' title='bbox 2139 3724 2246 3781; x_wconf 90' lang='lat' dir='ltr'><strong>Est</strong></span> <span class='ocrx_word' id='word_1_453' title='bbox 2284 3721 2443 3782; x_wconf 90' lang='lat' dir='ltr'><strong>enim</strong></span> <span class='ocrx_word' id='word_1_454' title='bbox 2489 3723 2735 3781; x_wconf 90' lang='lat' dir='ltr'><strong>facultas</strong></span> <span class='ocrx_word' id='word_1_455' title='bbox 2762 3720 2912 3793; x_wconf 80' lang='lat' dir='ltr'><strong>eiuS,</strong></span> <span class='ocrx_word' id='word_1_456' title='bbox 2942 3717 3204 3799; x_wconf 86' lang='lat' dir='ltr'><strong>cognitio</strong></span> <span class='ocrx_word' id='word_1_457' title='bbox 3223 3714 3342 3777; x_wconf 88' lang='lat' dir='ltr'><strong>Dei</strong></span> 
     </span>
     <span class='ocr_line' id='line_1_43' title="bbox 428 3795 3339 3879; baseline -0.001 -23"><span class='ocrx_word' id='word_1_458' title='bbox 428 3797 484 3856; x_wconf 78' lang='grc' dir='ltr'><strong>δι</strong></span> <span class='ocrx_word' id='word_1_459' title='bbox 540 3797 729 3857; x_wconf 89' lang='lat' dir='ltr'><strong>nostri</strong></span> <span class='ocrx_word' id='word_1_460' title='bbox 742 3841 763 3877; x_wconf 93' lang='lat'><strong>,</strong></span> <span class='ocrx_word' id='word_1_461' title='bbox 825 3814 977 3875; x_wconf 90' lang='lat' dir='ltr'><strong>quae</strong></span> <span class='ocrx_word' id='word_1_462' title='bbox 1036 3797 1119 3859; x_wconf 88' lang='lat' dir='ltr'><strong>ita</strong></span> <span class='ocrx_word' id='word_1_463' title='bbox 1176 3798 1328 3859; x_wconf 90' lang='lat' dir='ltr'><strong>inter</strong></span> <span class='ocrx_word' id='word_1_464' title='bbox 1386 3818 1451 3859; x_wconf 90' lang='lat' dir='ltr'><strong>se</strong></span> <span class='ocrx_word' id='word_1_465' title='bbox 1509 3801 1828 3861; x_wconf 90' lang='lat' dir='ltr'><strong>cohaerent</strong></span> <span class='ocrx_word' id='word_1_466' title='bbox 1841 3846 1859 3879; x_wconf 89' lang='lat'><strong>,</strong></span> <span class='ocrx_word' id='word_1_467' title='bbox 1920 3811 1986 3861; x_wconf 82' lang='lat' dir='ltr'><strong>vt</strong></span> <span class='ocrx_word' id='word_1_468' title='bbox 2042 3811 2314 3861; x_wconf 87' lang='lat' dir='ltr'><strong>neutram</strong></span> <span class='ocrx_word' id='word_1_469' title='bbox 2355 3799 2481 3861; x_wconf 90' lang='lat' dir='ltr'><strong>sine</strong></span> <span class='ocrx_word' id='word_1_470' title='bbox 2521 3804 2703 3861; x_wconf 89' lang='lat' dir='ltr'><strong>altera</strong></span> <span class='ocrx_word' id='word_1_471' title='bbox 2742 3800 3034 3877; x_wconf 90' lang='lat' dir='ltr'><strong>possimus</strong></span> <span class='ocrx_word' id='word_1_472' title='bbox 3073 3795 3339 3874; x_wconf 89' lang='lat' dir='ltr'><strong>assequi:</strong></span> 
     </span>
     <span class='ocr_line' id='line_1_44' title="bbox 428 3878 3340 3958; baseline -0 -22"><span class='ocrx_word' id='word_1_473' title='bbox 428 3878 695 3953; x_wconf 90' lang='lat' dir='ltr'><strong>operatio</strong></span> <span class='ocrx_word' id='word_1_474' title='bbox 758 3882 934 3956; x_wconf 82' lang='lat' dir='ltr'><strong>vero,</strong></span> <span class='ocrx_word' id='word_1_475' title='bbox 994 3878 1094 3955; x_wconf 89' lang='lat' dir='ltr'><strong>pia</strong></span> <span class='ocrx_word' id='word_1_476' title='bbox 1132 3880 1188 3937; x_wconf 76' lang='grc' dir='ltr'><strong>δε</strong></span> <span class='ocrx_word' id='word_1_477' title='bbox 1226 3879 1415 3941; x_wconf 87' lang='lat' dir='ltr'><strong>fidelis</strong></span> <span class='ocrx_word' id='word_1_478' title='bbox 1455 3878 1644 3958; x_wconf 82' lang='lat' dir='ltr'><strong>actio,</strong></span> <span class='ocrx_word' id='word_1_479' title='bbox 1686 3898 1804 3958; x_wconf 89' lang='lat' dir='ltr'><strong>qua</strong></span> <span class='ocrx_word' id='word_1_480' title='bbox 1840 3882 1992 3942; x_wconf 86' lang='lat' dir='ltr'><strong>haec</strong></span> <span class='ocrx_word' id='word_1_481' title='bbox 2032 3881 2296 3958; x_wconf 86' lang='lat' dir='ltr'><strong>cognitio</strong></span> <span class='ocrx_word' id='word_1_482' title='bbox 2339 3883 2542 3940; x_wconf 77' lang='lat' dir='ltr'><strong>sancte</strong></span> <span class='ocrx_word' id='word_1_483' title='bbox 2585 3890 2910 3957; x_wconf 89' lang='lat' dir='ltr'><strong>occupatur</strong></span> <span class='ocrx_word' id='word_1_484' title='bbox 2944 3880 3106 3957; x_wconf 90' lang='lat' dir='ltr'><strong>apud</strong></span> <span class='ocrx_word' id='word_1_485' title='bbox 3143 3879 3340 3937; x_wconf 90' lang='lat' dir='ltr'><strong>Deum</strong></span> 
     </span>
     <span class='ocr_line' id='line_1_45' title="bbox 427 3950 3340 4097; baseline 0.001 -82"><span class='ocrx_word' id='word_1_486' title='bbox 427 3958 483 4015; x_wconf 71' lang='grc' dir='ltr'><strong>ὅτ</strong></span> <span class='ocrx_word' id='word_1_487' title='bbox 541 3956 876 4097; x_wconf 55' lang='grc' dir='ltr'><strong>Εεέιὶεείεῧι</strong></span> <span class='ocrx_word' id='word_1_488' title='bbox 936 3956 1119 4036; x_wconf 84' lang='lat' dir='ltr'><strong>ipsius</strong></span> <span class='ocrx_word' id='word_1_489' title='bbox 1178 3958 1237 4019; x_wconf 92' lang='lat' dir='ltr'><strong>in</strong></span> <span class='ocrx_word' id='word_1_490' title='bbox 1300 3950 1578 4021; x_wconf 72' lang='lat' dir='ltr'><strong>offffiibus</strong></span> <span class='ocrx_word' id='word_1_491' title='bbox 1636 3959 1895 4040; x_wconf 90' lang='lat' dir='ltr'><strong>pietatis,</strong></span> <span class='ocrx_word' id='word_1_492' title='bbox 1953 3960 2231 4039; x_wconf 88' lang='lat' dir='ltr'><strong>iustitiae,</strong></span> <span class='ocrx_word' id='word_1_493' title='bbox 2273 3959 2698 4019; x_wconf 86' lang='lat' dir='ltr'><strong>sanctimoniae</strong></span> <span class='ocrx_word' id='word_1_494' title='bbox 2737 3960 2792 4017; x_wconf 71' lang='grc' dir='ltr'><strong>δε</strong></span> <span class='ocrx_word' id='word_1_495' title='bbox 2831 3958 3088 4018; x_wconf 88' lang='lat' dir='ltr'><strong>veritatis</strong></span> <span class='ocrx_word' id='word_1_496' title='bbox 3129 3954 3340 4019; x_wconf 87' lang='lat' dir='ltr'><strong>officiis</strong></span> 
     </span>
     <span class='ocr_line' id='line_1_46' title="bbox 427 4052 1015 4099; baseline 0.007 -5"><span class='ocrx_word' id='word_1_497' title='bbox 427 4052 607 4096; x_wconf 84' lang='lat' dir='ltr'><strong>secun</strong></span> <span class='ocrx_word' id='word_1_498' title='bbox 653 4055 756 4098; x_wconf 88' lang='lat' dir='ltr'><strong>um</strong></span> <span class='ocrx_word' id='word_1_499' title='bbox 858 4054 1015 4099; x_wconf 88' lang='lat' dir='ltr'><strong>eum.</strong></span> 
     </span>
    </p>
   </div>
   <div class='ocr_carea' id='block_1_3' title="bbox 1862 4452 3342 4529">
    <p class='ocr_par' dir='ltr' id='par_1_10' title="bbox 1862 4452 3342 4529">
     <span class='ocr_line' id='line_1_47' title="bbox 1862 4452 3342 4529; baseline -0.001 -13"><span class='ocrx_word' id='word_1_500' title='bbox 1862 4474 1935 4529; x_wconf 90' lang='lat'><strong>14</strong></span> <span class='ocrx_word' id='word_1_501' title='bbox 3033 4454 3130 4517; x_wconf 93' lang='grc' dir='ltr'><strong>ΙΙ.</strong></span> <span class='ocrx_word' id='word_1_502' title='bbox 3209 4452 3342 4515; x_wconf 89' lang='lat' dir='ltr'><strong>DE</strong></span> 
     </span>
    </p>
   </div>
   <div class='ocr_carea' id='block_1_4' title="bbox 3901 646 3903 1216">
    <p class='ocr_par' dir='ltr' id='par_1_11' title="bbox 3901 646 3903 1216">
     <span class='ocr_line' id='line_1_48' title="bbox 3901 646 3903 1216; baseline 0 0"><span class='ocrx_word' id='word_1_503' title='bbox 3901 646 3903 1216; x_wconf 95' lang='lat' dir='ltr'><strong> </strong></span> 
     </span>
    </p>
   </div>
  </div>
 </body>
</html>
