3923 4875
1350 366 1453 410 nt
1509 365 1731 409 vana
1792 361 2322 408 ruzonoora.
3213 351 3287 425 87

462 525 661 587 Huius
724 536 922 586 autem
984 525 1541 587 communicationis
1584 525 1800 586 modus
1842 522 2074 584 diuinus
2090 568 2107 602 ,
2150 533 2241 583 est
2279 524 2604 600 inspiratia
2640 522 2795 582 Nam
2838 523 2949 582 etsi
2987 527 3292 605 multiplex

381 613 473 665 est
528 605 789 666 docendi
838 606 1055 666 modus
1072 652 1091 684 ,
1147 623 1268 685 quo
1312 609 1475 667 Deus
1514 624 1655 682 erga
1694 623 1788 665 res
1827 614 2054 664 creatas
2091 603 2272 663 vtitur
2285 647 2302 681 ,
2344 605 2400 662 &
2438 619 2534 662 res
2572 611 2805 662 creatae
2846 621 3054 666 omnes
3095 625 3298 666 secun-

381 685 529 745 dum
567 687 795 745 Deum:
837 695 1035 746 tamen
1074 685 1137 746 in
1178 687 1443 747 caelestis
1482 685 1654 745 huius
1694 688 1749 744 &
1790 682 2100 761 spiritualis
2133 681 2353 761 gratiae
2373 681 2916 744 communicatione
2938 683 3299 762 spiritualem

380 763 636 826 modum
697 765 919 826 seruari
978 767 1265 844 oportuit:
1317 776 1443 826 tum
1497 775 1743 842 propter
1776 763 1861 824 rei
1900 773 2170 823 naturam
2209 780 2362 840 quae
2394 761 2616 840 agitur:
2659 771 2787 822 tum
2832 762 3011 824 etiam
3051 777 3296 844 propter

378 855 655 904 naturam
715 845 839 906 eius
900 845 1003 922 qui
1061 865 1187 907 rem
1248 847 1404 906 hanc
1454 843 1874 905 communicat.
1934 842 2246 920 spiritualis
2285 841 2502 902 etenim
2542 841 2690 902 boni
2727 841 2897 903 huius
2935 846 2972 903 a
3011 844 3296 922 spirituali

380 933 629 984 auctore
682 924 1113 1004 proficiscentis
1151 944 1275 986 non
1317 925 1431 986 nisi
1466 924 1826 1003 spiritualem
1864 922 2067 984 decuit
2104 939 2234 983 esse
2275 921 2896 984 communicationem.
2955 924 3294 1000 Quinetiam

380 1013 448 1064 vt
510 1022 639 1064 rem
702 1007 1075 1083 corporalem
1135 1025 1281 1067 nom
1342 1004 1453 1066 nisi
1511 1004 1810 1083 corporali
1866 1004 2054 1064 modo
2115 1000 2540 1063 communicari
2580 1013 2789 1062 natura
2835 1001 2999 1064 sinit:
3042 1004 3124 1065 ita
3164 1025 3290 1067 rem

384 1083 746 1160 spiritualem
805 1084 1231 1146 communicari
1291 1103 1398 1162 per
1454 1085 1703 1145 modum
1766 1081 2001 1161 spiritus
2059 1080 2347 1161 praecipit
2397 1080 2600 1160 gratia.
2655 1082 2776 1142 Sed
2812 1082 2957 1143 illud
2995 1083 3056 1144 in
3094 1086 3298 1164 primis

381 1162 676 1241 ostendit,
739 1164 1022 1242 spirituali
1061 1164 1596 1226 communicatione
1610 1208 1629 1243 ,
1670 1181 1850 1241 quam
1890 1161 2336 1241 inspirationem
2375 1161 2655 1241 dicimus,
2697 1161 2872 1223 fuisse
2913 1181 3090 1243 opus,
3132 1167 3298 1244 qued

380 1244 550 1302 Deus
602 1243 775 1304 huius
813 1244 1369 1305 communicationis
1407 1255 1617 1304 auctor
1656 1252 1776 1322 est,
1817 1246 1873 1303 δι
1914 1243 2080 1320 quod
2117 1241 2494 1304 effectionem
2533 1241 2686 1302 illius
2723 1259 3015 1304 summam
3053 1264 3127 1305 ac
3166 1265 3296 1324 per-

380 1325 631 1403 fectam,
669 1324 831 1384 velut
871 1341 1023 1403 opus
1064 1323 1301 1385 diuinae
1340 1343 1481 1386 suae
1519 1321 1742 1401 gloriae
1782 1322 2118 1401 proprium,
2158 1321 2271 1383 sibi
2309 1320 2422 1382 soli
2459 1321 2746 1383 vindicat:
2788 1342 2928 1382 nam
2969 1344 3093 1384 rem
3133 1325 3294 1403 spiri-

382 1404 609 1463 tualem
622 1447 641 1482 ,
704 1405 955 1481 eamque
1016 1415 1240 1464 tantam
1299 1404 1431 1482 quis
1478 1403 1609 1464 nisi·
1641 1405 1805 1463 Deus
1844 1401 1941 1462 ille
1982 1402 2190 1464 vnicus
2228 1411 2436 1463 auctor
2473 1401 2654 1479 ipsius
2693 1399 2896 1463 fuisset
2938 1402 3294 1466 collaturus?

380 1500 511 1542 rem
570 1482 839 1543 omnium
892 1500 1217 1564 summam,
1255 1487 1312 1544 δι
1353 1501 1505 1561 quae
1546 1492 1781 1561 superat
1819 1494 2094 1543 naturam
2133 1481 2388 1543 vniuersi
2428 1480 2713 1559 dignitate
2751 1497 2856 1542 sua
2870 1527 2889 1562 ,
2911 1483 3042 1561 quis
3061 1485 3291 1564 exposi-

380 1571 549 1622 turus
562 1606 581 1641 ,
620 1561 733 1624 nisi
768 1563 896 1641 ipse
934 1573 1178 1624 naturae
1217 1574 1426 1624 auctor
1464 1567 1519 1624 δε
1556 1562 1774 1623 vindex
1814 1581 1919 1641 per
1956 1560 2206 1640 gratiam
2226 1560 2611 1622 exundasset?
2630 1580 2758 1622 rem
2777 1565 3100 1640 perfectam
3119 1576 3298 1643 atque

381 1643 538 1702 adeo
578 1642 955 1720 perfectionis
996 1643 1191 1705 omnis
1230 1642 1495 1705 caelestis
1534 1641 1792 1703 indicem
1832 1644 2175 1722 salutarem,
2213 1641 2348 1720 quis
2386 1640 2498 1702 nisi
2537 1641 2992 1719 perfectissimus
3030 1664 3293 1723 vnquam

383 1717 721 1782 docuisset?
780 1722 903 1783 Hic
941 1741 1085 1802 ergo
1125 1723 1222 1784 ille
1259 1732 1349 1784 est
1391 1734 1601 1784 auctor
1638 1732 1879 1782 nostrae
1918 1722 2286 1801 Theologiae
2325 1725 2380 1782 &
2420 1722 2687 1782 caelestis
2726 1723 3045 1800 sapientiae
3058 1770 3075 1801 ,
3117 1743 3298 1803 quam

382 1800 583 1862 effecit
633 1801 695 1860 in
745 1801 929 1863 seruis
968 1801 1089 1864 suis
1126 1807 1183 1863 δι
1222 1803 1586 1882 ingenerauit
1632 1821 1745 1880 pro
1786 1803 2072 1863 demenso
2115 1801 2448 1864 donationis
2489 1820 2656 1862 suae:
2697 1800 2780 1862 ita
2816 1811 2882 1862 vt
2921 1803 3134 1883 singuli
3168 1804 3294 1883 qui·

380 1880 523 1941 dem
562 1897 697 1940 suas
734 1893 931 1959 partes
968 1885 1007 1942 a
1044 1884 1177 1943 Deo
1216 1882 1589 1961 perceperint
1628 1892 1871 1942 auctore
1910 1881 2310 1961 Theologiae,
2351 1881 2458 1942 sed
2499 1881 2777 1943 omnibus
2811 1891 3009 1944 tamen
3028 1902 3292 1945 commu-

384 1960 537 2021 niter
579 1963 840 2039 perfecta
878 1961 1051 2023 huius
1092 1962 1460 2041 Theologiae
1498 1965 1691 2023 forma
1704 2007 1723 2040 ,
1762 1965 1800 2021 a
1837 1962 1972 2022 Deo
2014 1960 2088 2022 sit
2121 1959 2446 2040 proposita.

474 2040 569 2099 Ac
636 2060 917 2101 summum
975 2043 1216 2120 quidem
1274 2060 1411 2103 eum
1470 2043 1836 2120 appellamus
1900 2051 2208 2102 auctorem
2280 2041 2495 2118 effec(f.
2561 2061 2666 2114 141
2680 2044 3069 2121 1.)toremque
3121 2043 3293 2104 huius

386 2119 735 2199 sapientiae,
776 2137 961 2199 quum
1000 2123 1257 2184 eundem
1295 2121 1523 2183 medias
1560 2139 1769 2183 causas
1810 2121 2194 2182 adhibentem
2233 2122 2704 2199 contemplamur
2740 2123 2819 2182 ad
2851 2123 3007 2183 hanc
3027 2140 3293 2184 commu-

383 2197 741 2260 nicationem
792 2201 1036 2280 gratiae.
1093 2205 1329 2262 Vnicum
1380 2207 1519 2264 verb
1566 2212 1738 2279 atque
1770 2204 2112 2294 ‘perfectum
2152 2209 2441 2262 auctorem
2490 2218 2618 2261 esse
2657 2203 3117 2281 effectoremque
3158 2221 3296 2264 eum

386 2279 801 2340 adfirmamus:
862 2280 1001 2358 quia
1044 2281 1093 2342 is
1132 2281 1293 2342 idem
1332 2299 1483 2342 unus
1522 2291 1644 2361 est,
1684 2299 1788 2358 qut
1829 2280 2032 2342 omnia
2058 2280 2132 2350 jn
2170 2279 2476 2359 omnibuS,
2515 2291 2642 2340 tum
2681 2281 2857 2342 nobis
2896 2283 3099 2344 electis
3113 2329 3132 2362 ,
3169 2293 3299 2344 tum

384 2359 595 2420 mediis
635 2359 949 2439 assumptis
986 2363 1065 2422 ad
1105 2361 1481 2423 vocationem
1523 2371 1788 2422 nostram
1828 2370 2126 2439 operatur.
2167 2360 2351 2436 Quod
2372 2361 2421 2420 si
2439 2361 2668 2441 omnia,
2689 2380 2832 2440 ergo
2852 2361 3013 2422 idem
3032 2365 3296 2442 perfecte

386 2450 695 2518 operatur:
754 2451 856 2502 aut
917 2446 1207 2520 nusquam
1248 2440 1675 2521 perfectionem
1712 2460 1873 2533 esse,
1914 2440 1965 2502 si
2007 2440 2068 2501 in
2107 2443 2241 2502 Deo
2284 2442 2340 2501 8ῑ
2379 2444 2416 2501 a
2452 2441 2588 2501 Deo
2627 2460 2752 2501 non
2790 2441 2928 2521 erit,
2971 2442 3298 2503 dicendum

382 2529 500 2579 est:
564 2538 745 2598 quam
784 2540 911 2582 rem
950 2526 988 2581 a
1026 2522 1201 2584 nobis
1238 2521 1427 2600 pietas
1464 2532 1624 2583 vetat
1662 2521 2009 2599 praedicari.
2059 2524 2132 2581 In
2169 2521 2325 2582 hanc
2363 2519 2712 2581 sententiam
2753 2524 3078 2599 Apostolus
3130 2542 3296 2601 prae-

382 2598 607 2678 cipiens
663 2600 1005 2663 tenuissima
1066 2602 1245 2663 etiam
1304 2602 1637 2663 rudimenta
1692 2601 1959 2662 caelestis
2018 2600 2190 2661 huius
2250 2599 2582 2678 Sapientiae
2627 2599 2690 2660 in
2729 2600 2921 2679 pretio
2962 2601 3196 2679 haberi,
3239 2605 3295 2663 δι

381 2677 673 2757 tanquam
721 2680 923 2742 diuina
959 2681 1039 2742 ab
1079 2682 1357 2743 omnibus
1396 2682 1584 2742 foueri
1622 2682 1677 2741 δι
1718 2682 1865 2761 coli,
1904 2682 2200 2743 scribebat
2241 2679 2560 2742 Corinthiis
2577 2725 2594 2760 ,
2634 2682 2859 2741 Notum
2900 2681 3070 2742 vobis
3107 2680 3294 2762 saci0,

381 2760 610 2820 nullum
647 2779 755 2837 per
792 2760 1072 2839 Spiritum
1112 2761 1229 2822 Dei
1264 2764 1609 2839 loquentem
1649 2760 1848 2821 dicere
1886 2764 2084 2822 Iesum
2122 2762 2468 2822 anathema:
2508 2764 2564 2821 δι
2582 2760 2881 2821 neminem
2899 2780 3078 2839 posse
3098 2762 3296 2822 dicere

383 2841 585 2899 Iesum
621 2839 950 2901 Dominum
986 2840 1098 2901 nisi
1134 2860 1242 2920 per
1280 2840 1557 2919 Spiritum
1596 2851 1887 2902 sanctum.
1934 2863 1959 2900 1
1993 2842 2130 2901 Cor.
2179 2861 2270 2902 12.
2312 2860 2370 2918 3.
2413 2861 2470 2915 4.
2509 2840 2622 2901 &c.
2669 2840 2903 2902 Deinde
2942 2843 3082 2902 vere
3122 2862 3158 2902 a
3191 2842 3295 2902 mi-

382 2917 559 2979 nimis
597 2917 713 2979 illis
751 2920 1051 2999 principiis
1090 2923 1170 2982 ad
1208 2920 1435 2983 maiora
1472 2938 1782 2999 assurgens
1795 2965 1814 3000 ,
1854 2940 1927 2982 ac
1967 2920 2163 3000 potius
2203 2922 2282 2981 ad
2322 2919 2524 2983 omnia
2563 2920 2861 3001 vniuerse,
2901 2921 3133 2981 subdit:
3178 2921 3294 2981 dis-

380 2997 697 3060 tinctiones
753 3010 953 3061 autem
1015 3001 1316 3061 donorum
1372 3011 1540 3093 sunt,
1602 3002 1707 3062 sed
1757 3000 1917 3061 idem
1958 3000 2236 3080 Spiritus:
2276 3004 2334 3062 &
2371 3000 2777 3062 distinctiones
2817 3000 3296 3061 ministeriorium

384 3089 553 3171 sunt,
596 3080 703 3139 sed
742 3078 901 3141 idem
943 3080 1268 3141 Dominus:
1311 3084 1366 3142 δι
1408 3080 1813 3141 distmctiones
1854 3080 2268 3159 operationum
2311 3091 2478 3156 sunt,
2519 3081 2627 3141 sed
2667 3080 2828 3141 idem
2867 3091 2956 3142 est
2992 3083 3189 3161 Deus,
3228 3100 3301 3162 ea

385 3176 590 3219 omma
651 3158 912 3221 efficiens
969 3160 1031 3221 in
1092 3161 1387 3229 omnibus.
1460 3162 1540 3221 Et
1601 3162 1779 3239 paulo
1834 3164 1997 3239 post,
2054 3161 2255 3221 omnia
2305 3162 2455 3222 haec
2499 3160 2679 3221 efficit
2718 3180 2867 3222 vnus
2905 3161 3004 3221 ille
3043 3164 3098 3222 &
3137 3161 3297 3221 idem

383 3238 660 3319 Spiritus,
700 3239 1057 3302 distribuens
1098 3240 1375 3319 priuatim
1410 3259 1481 3300 ea
1500 3240 1743 3319 singulis
1757 3285 1775 3320 ,
1796 3241 1948 3301 sicut
1965 3242 2109 3302 vult.
2129 3240 2657 3317 Quemadmodum
2676 3244 2811 3301 ante
2831 3240 3007 3301 etiam
3029 3240 3300 3301 Christus

384 3321 651 3380 exultans
714 3319 936 3397 Spiritu
974 3320 1235 3399 dixerat,
1276 3320 1477 3381 omnia
1518 3320 1663 3380 mihi
1704 3320 1923 3381 tradita
1961 3330 2100 3381 sunt
2142 3323 2180 3379 a
2219 3323 2391 3382 Patre
2435 3339 2600 3381 meo:
2641 3324 2696 3381 &
2735 3340 2918 3381 nemo
2955 3320 3126 3381 nouit
3165 3321 3299 3399 quis

384 3398 461 3459 sit
519 3398 673 3459 filius
687 3444 704 3479 ,
766 3400 879 3461 nisi
938 3402 1138 3461 Pater:
1180 3402 1236 3461 82
1277 3400 1407 3477 quis
1442 3399 1515 3461 sit
1555 3402 1759 3479 Pater,
1798 3399 1909 3460 nisi
1944 3400 2128 3461 Filius
2143 3446 2160 3478 ,
2204 3401 2260 3460 82
2295 3400 2629 3478 cuicunque
2669 3400 2820 3463 filius
2858 3401 3113 3463 voluerit
3152 3411 3299 3462 rete-

383 3496 553 3554 gere:
595 3487 784 3558 eoque
825 3479 1068 3540 nomine
1108 3478 1358 3559 gloriam
1394 3482 1528 3541 Deo
1568 3480 1625 3539 &
1662 3479 1821 3541 Patri
1857 3480 2164 3542 tribuerat.
2203 3483 2388 3542 Matt.
2429 3497 2491 3539 11.
2538 3498 2632 3556 27.
2672 3483 2820 3543 Luc.
2867 3501 2938 3540 10
2983 3500 3076 3541 21.

462 3558 639 3619 Nunc
708 3560 785 3619 de
852 3561 1037 3621 altera
1094 3576 1271 3621 causa
1284 3606 1301 3639 ,
1370 3576 1549 3639 quam
1606 3560 2111 3621 instrumentalem
2151 3562 2449 3639 appellant
2463 3605 2482 3640 ,
2519 3560 2846 3622 videamus·
2932 3562 3102 3621 Thes.
3144 3576 3296 3619 xxx.

384 3638 857 3699 Instrumentaliss·
903 3659 1084 3700 causa
1141 3649 1229 3700 est
1280 3641 1456 3699 leuius
1513 3642 1832 3719 sapientiae
1883 3642 2048 3720 λόγος
2099 3641 2450 3719 προφορικός
2463 3684 2483 3720 ,
2535 3644 2632 3702 vel
2670 3660 2861 3700 sermo
2903 3642 3299 3701 enunciativus

385 3718 511 3776 Dei
514 3737 539 3776 .·
590 3726 710 3778 tum
758 3721 1115 3799 spiritualis,
1142 3728 1458 3799 perceptus
1496 3722 1911 3799 spiritualiter,
1951 3730 2070 3779 tum
2111 3723 2470 3799 corporalis,
2516 3723 2919 3798 corporaliter.
2978 3720 3118 3779 Non
3169 3736 3300 3777 sum

384 3794 625 3873 quidem
676 3797 909 3859 nescius
958 3800 1473 3859 Instrumentalem
1514 3818 1784 3859 caussam
1824 3817 1957 3859 eam
1996 3798 2236 3877 proprie
2273 3800 2351 3859 ab
2392 3798 2712 3859 artificibus
2749 3798 3032 3878 appellari
3046 3841 3064 3876 ,
3118 3816 3300 3875 quam

382 3876 721 3955 principalis
758 3896 941 3957 agens
981 3882 1069 3956 (vt
1112 3881 1352 3952 vocant)
1390 3889 1675 3955 tanquam
1710 3880 2164 3939 instrumentum
2202 3878 2447 3939 adhibet
2483 3878 2842 3940 extrinsecus
2863 3880 2940 3939 ad
2961 3878 3296 3955 producen-

382 3956 528 4017 dum
568 3958 844 4018 effectum
884 3958 985 4035 qui
1023 3978 1099 4019 ex
1134 3958 1395 4019 instituta
1432 3958 1666 4020 actione
1708 3976 2088 4038 processurus
2128 3968 2250 4018 est:
2295 3977 2366 4017 ac
2402 3958 2654 4037 proinde
2693 3977 3027 4019 sermonem
3061 3957 3299 4018 enunci-

380 4036 605 4097 atiuum
620 4082 637 4117 ,
678 4037 729 4097 si
767 4039 1009 4116 quando
1048 4037 1385 4099 immediate
1424 4040 1588 4100 Deus
1622 4038 1817 4117 ipsum
1849 4036 2255 4116 occupauerit,
2277 4054 2516 4099 causam
2536 4037 3037 4099 instrumentalem
3054 4037 3298 4116 proprie

376 4134 500 4178 non
542 4136 719 4195 posse
758 4116 1058 4196 appellari.
1097 4118 1201 4179 sed
1242 4117 1381 4195 quia
1420 4118 1752 4179 communis
1784 4119 2076 4195 quaedam
2096 4128 2185 4178 est
2202 4132 2396 4177 rerum
2419 4116 2800 4195 spiritualium
2835 4134 2972 4177 cum
2992 4117 3298 4196 corporeis

378 4197 653 4275 analogia
667 4241 685 4274 ,
744 4199 1073 4258 secundum
1131 4216 1312 4290 quam
1351 4198 1527 4258 etiam
1568 4218 1659 4259 res
1701 4198 2028 4277 spirituales
2067 4195 2372 4276 analogice
2412 4198 2780 4275 appellantur
2816 4198 3065 4258 vocibus
3105 4198 3184 4259 ad
3204 4218 3298 4259 res

376 4295 701 4354 corporea-s
739 4276 975 4355 proprie
1012 4276 1472 4355 pertinentibus:
1513 4288 1825 4355 vtrumque
1865 4279 2186 4339 commode
2225 4278 2303 4337 ad
2343 4293 2528 4355 genus
2564 4278 3020 4339 instrumentalis
3057 4296 3298 4338 caussae

376 4356 718 4435 referimus,
757 4356 1126 4435 Spiritualem
1167 4368 1336 4435 puta,
1376 4360 1867 4437 corporalemque
1908 4378 2262 4420 sermonem.
2304 4360 2476 4419 Haec
2515 4358 2674 4420 enim
2713 4358 2986 4438 analogia
3004 4359 3298 4450 quaedam

3045 4447 3197 4498 mter
3236 4456 3301 4497 se
