3923 4875
610 0 726 42 4³0
1668 0 2463 25 llllllllllllll

609 138 1017 202 offensonibus
1076 137 1223 216 quid
1262 133 1497 198 dicam?
1534 147 1635 198 aut
1695 139 1855 200 vnde
1911 135 2236 216 incipiam?
2297 139 2468 198 Alios
2516 135 2770 199 offendit
2807 136 3016 198 leuitas
3051 151 3398 198 sermonum
3437 133 3549 212 qui

610 219 758 280 nihil
816 219 896 280 ad
956 237 1097 298 nos,
1154 217 1304 278 alios
1362 216 1687 298 silentium,
1726 217 1877 280 alios
1916 217 2352 296 importunitas.
2392 215 2741 278 Praesertim
2779 216 2829 276 si
2867 213 2972 294 qui
3009 214 3304 292 doctrina,
3343 234 3550 293 repre-

610 299 897 362 hensione
910 345 929 378 ,
988 309 1091 360 aut
1150 297 1563 360 consolatione
1603 315 1757 377 opus
1793 296 2136 376 habuerint,
2187 297 2536 359 incredibile
2575 309 2663 360 est
2703 299 2886 374 quam
2928 295 3102 356 facile
3143 295 3548 373 imprudentia

608 390 813 442 nostra
870 377 1247 440 offendantur
1308 378 1541 440 animae
1600 397 1753 456 quae
1809 377 2108 457 priuatum
2147 377 2263 438 Dei
2301 395 2612 440 seruorum
2647 376 2910 439 officium
2951 377 3287 438 desiderant
3317 373 3382 436 in
3421 374 3548 436 suis

610 457 892 540 angustiis
930 461 987 522 δι
1024 458 1563 538 perturbationibus
1600 457 1982 538 grauissimis
2022 459 2164 519 Non
2202 461 2356 520 solet
2391 459 2554 519 enim
2593 459 2692 518 illa
2729 455 3014 534 cogitatio
3046 456 3278 517 animos
3297 465 3546 517 nostros

609 541 905 602 incessere
926 585 945 620 ,
982 557 1164 617 quam
1204 539 1283 599 ab
1322 541 1598 617 exemplo
1640 539 1879 600 Christo
1918 537 2165 600 Domini
2205 541 2261 600 δι
2300 537 2705 616 praeceptoris
2732 537 2920 598 nostri
2955 535 3202 614 singulis
3221 535 3546 596 momentis

610 637 723 682 nos
780 621 1098 698 oportebat
1154 620 1447 698 recolere3
1504 637 1631 679 non
1682 617 1966 699 litigabit,
2017 637 2214 696 neque
2255 618 2610 694 clamitabit,
2649 634 2844 694 neque
2883 616 3088 678 audiet
3126 616 3441 695 quisquam
3477 615 3545 674 in

610 700 818 778 plateis
876 717 1089 762 vocem
1148 697 1312 760 eius:
1372 698 1722 760 arundinem
1782 711 2120 777 quassatam
2180 717 2306 759 non
2359 698 2722 778 confringet,
2759 699 2818 758 δι
2855 696 3043 756 linum
3083 695 3378 776 fumigans
3415 714 3544 756 non

608 779 944 861 extinguet3
993 781 1167 843 Matt.
1227 797 1319 841 ια.
1366 797 1459 857 19.
1504 799 1601 840 20.
1650 795 1803 856 quae
1846 780 2052 840 omnia
2091 778 2362 840 Christus
2405 779 2545 840 fecit
2585 797 2768 857 opere
2787 821 2806 857 ,
2863 788 2923 838 et
2943 775 3005 836 in
3045 774 3374 837 ministerio
3415 775 3548 836 fieri

608 859 880 940 imperat.
938 860 1069 922 Nec
1126 858 1332 937 valde,
1390 877 1505 920 nec
1544 878 1723 938 saepe
1762 859 1998 921 animos
2037 870 2276 921 nostros
2313 859 2579 921 afficiunt
2617 857 2772 920 illius
2811 858 3020 934 verba,
3060 855 3168 934 qui
3205 857 3332 917 zelo
3375 875 3546 916 sanc·

608 939 836 1082 tgssimo
896 937 1072 1020 dixit,
1132 938 1284 1016 Quis
1342 938 1647 1018 affligitur,
1688 939 1833 1017 quin
1874 959 1991 1018 ego
2031 937 2296 1018 affligar?
2335 938 2488 1016 Quis
2525 938 2878 1016 offenditur,
2931 935 3076 1015 quin
3117 955 3232 1016 ego
3271 933 3443 996 vtar?
3485 955 3544 996 2.

663 1040 755 1082 or.
799 1040 826 1079 1
840 1041 893 1082 1.
936 1039 969 1080 2
1016 1065 1029 1080 .

691 1097 895 1177 Quid?
934 1041 1099 1179 qt9iod
1136 1099 1197 1158 in
1237 1100 1386 1160 haec
1428 1100 1613 1177 mala,
1654 1098 1929 1178 grauiora
1967 1104 2127 1162 oerte
2159 1102 2344 1178 quam
2382 1111 2686 1178 putemus,
2737 1097 2796 1159 in
2841 1096 3239 1160 conscientias
3276 1095 3542 1157 infirmo-

610 1198 745 1262 rum
806 1184 863 1244 δε
914 1176 1319 1259 indignissima
1374 1178 1693 1240 vocatione
1750 1191 1981 1272 nostra,
2042 1199 2166 1242 non
2219 1181 2412 1242 solum
2473 1179 2696 1240 ruimus
2755 1177 2917 1257 apud
2973 1197 3080 1238 eos
3119 1175 3224 1254 qui
3259 1176 3322 1237 in
3359 1195 3544 1255 grege

610 1273 820 1324 nostro
879 1271 1045 1332 sunt;
1107 1259 1521 1339 verumetiam,
1582 1269 1887 1338 tamquam
1925 1281 1976 1322 si
2017 1260 2183 1322 domi
2227 1260 2372 1320 nihil
2410 1270 2565 1322 esset
2603 1261 2664 1320 in
2703 1277 2828 1336 quo
2869 1275 3263 1336 occupemur,
3305 1257 3544 1334 agimus

611 1343 1245 1422 ἄλλοιριοοπισκόπους
1306 1357 1537 1401 summa
1596 1338 1865 1420 licentia,
1920 1343 1976 1401 δι
2035 1340 2096 1401 in
2154 1343 2334 1402 rebus
2371 1339 2577 1402 alienis
2617 1357 2818 1401 sumus
2860 1332 3288 1400 oculatissimi?
3329 1337 3386 1397 Ο
3427 1356 3544 1396 nos

608 1419 884 1498 miserOS,
942 1419 1045 1496 qui
1101 1418 1498 1496 amplissimos
1554 1421 1701 1480 fines
1760 1419 2090 1481 vocationis
2149 1431 2388 1482 nostrae
2401 1466 2420 1499 ,
2461 1421 2676 1498 quibus
2713 1417 3020 1498 capiendis
3056 1435 3358 1495 nunquam
3401 1415 3544 1477 satis

608 1499 828 1561 idonea
887 1509 991 1560 aut
1050 1497 1346 1560 sufficiens
1406 1519 1537 1562 esse
1595 1509 1795 1577 potest
1850 1500 2068 1580 ingenij
2112 1501 2298 1562 nostri
2337 1501 2588 1562 tenuitas
2606 1546 2624 1577 ,
2665 1499 2898 1560 dilatari
2937 1509 3212 1576 putamus
3253 1507 3540 1576 oportere

607 1579 867 1642 vanitate
905 1587 1145 1640 nostra:
1186 1597 1380 1671 neque
1418 1579 1481 1640 in
1518 1597 1796 1641 sermone
1820 1627 1838 1660 ,
1895 1598 2075 1659 quem
2123 1582 2288 1642 Deus
2325 1580 2574 1658 imperat
2613 1579 2738 1660 egi,
2779 1596 2974 1657 neque
3011 1577 3074 1638 in
3105 1596 3288 1656 grege
3301 1623 3320 1658 ,
3359 1595 3543 1654 quem

610 1661 775 1800 ἕως
838 1657 1088 1738 imperat
1132 1677 1322 1739 pasci,
1360 1659 1839 1738 conquiescimus
1878 1681 1951 1723 ex
1991 1661 2191 1722 officio
2231 1672 2458 1722 nostro.
2506 1681 2532 1720 1
2577 1663 2734 1722 Tim.
2777 1681 2836 1735 4.
2884 1677 2976 1736 13.
3016 1661 3152 1718 Act.
3201 1677 3296 1719 20.
3343 1659 3440 1718 28.
3488 1677 3542 1718 1.

658 1750 737 1802 et.
821 1785 835 1802 .
879 1757 933 1800 2.

691 1755 813 1882 Sed
869 1816 1095 1881 leuiora
1147 1829 1285 1880 sunt
1322 1819 1474 1880 haec
1510 1819 1741 1898 priuata
1778 1822 2026 1882 vulnera
2064 1821 2134 1884 iis
2173 1837 2328 1900 quae
2365 1820 2612 1900 publico
2655 1840 2832 1898 saepe
2865 1820 3250 1898 imponuntur
3263 1863 3281 1897 ,
3324 1816 3542 1896 partim

610 1899 885 1980 fidentia3
924 1902 1258 1978 partimque
1296 1898 1692 1978 imprudentia
1730 1911 1951 1962 nostra.
1993 1903 2149 1962 Nam
2190 1902 2314 1963 siue
2353 1902 2434 1962 ad
2471 1919 2776 1962 sermones
2809 1900 2868 1960 in
2889 1897 3282 1960 concionibus
3303 1897 3542 1976 publice

608 1980 843 2041 habitos
856 2025 875 2061 ,
916 1979 1043 2040 siue
1082 1980 1162 2040 ad
1201 1979 1489 2056 reliquam
1526 1979 2099 2042 administrationem
2141 1984 2352 2044 oculos
2393 1980 2756 2042 conuerteris
2771 2025 2790 2057 ,
2831 1980 3102 2040 incidunt
3139 1997 3318 2056 saepe
3355 1982 3542 2055 quam

607 2059 883 2140 plurima3
942 2057 1157 2136 quibus
1178 2103 1194 2132 ,
1262 2057 1375 2120 nisi
1429 2061 1619 2138 probe
1678 2061 1757 2122 ad
1794 2079 1907 2122 nos
1944 2063 2320 2124 attendamus
2335 2107 2352 2142 ,
2389 2079 2678 2122 nocemus
2717 2061 2992 2140 public0,
3033 2062 3090 2122 δε
3128 2057 3542 2121 auctoritatem

607 2137 938 2201 vocationis
996 2137 1153 2200 illius
1210 2149 1478 2219 nostrae,
1536 2158 1717 2217 quam
1776 2141 1938 2202 Deus
2000 2143 2306 2204 contemni
2342 2145 2502 2204 sacto
2543 2151 2751 2202 nostro
2792 2140 3014 2218 noluit,
3054 2137 3165 2218 ipsi
3199 2137 3543 2201 minuimus.

611 2241 665 2281 2.
726 2219 882 2282 Tim.
948 2239 1003 2279 2.
1053 2237 1142 2296 13.
1206 2219 1406 2296 Quam
1467 2220 1655 2281 multa
1703 2219 2002 2282 interdum
2043 2241 2156 2300 pro
2196 2222 2492 2283 concione
2531 2222 2884 2298 funduntur,
2923 2239 3078 2298 quae
3117 2218 3265 2280 nihil
3304 2219 3384 2279 ad
3427 2237 3542 2279 nos

608 2299 902 2378 pertinent
951 2309 1055 2361 aut
1108 2299 1483 2361 vocationem
1536 2297 1849 2361 nostram?
1888 2317 2043 2378 quae
2081 2301 2226 2362 nihil
2264 2303 2344 2362 ad
2383 2299 2750 2363 Ecclesiam?
2791 2311 2892 2362 aut
2931 2318 3085 2379 quae
3125 2298 3356 2360 alienae
3395 2317 3541 2377 cog·

606 2380 819 2443 nitioni
876 2389 1014 2442 sunt
1066 2375 1331 2441 credita?
1383 2380 1595 2443 Testes
1634 2391 1772 2443 sunt
1810 2380 2118 2445 Ecclesiae
2157 2383 2376 2445 multae
2415 2383 2579 2461 apud
2618 2400 2826 2444 omnes
2865 2390 3100 2461 gentes,
3140 2390 3318 2441 testes
3359 2379 3542 2459 magi·

608 2472 848 2540 stratus,
907 2471 1091 2543 testes
1126 2459 1405 2521 historiae
1426 2506 1445 2539 ,
1506 2463 1631 2538 te(s.
1679 2464 1937 2539 731)stes
1977 2461 2112 2525 libri
2149 2462 2329 2525 etiam
2369 2463 2448 2525 de
2487 2461 2614 2523 iure
2653 2462 2856 2524 diuino
2897 2463 2954 2521 &
2993 2462 3257 2522 humano
3297 2459 3541 2539 scripti,

607 2541 895 2621 plurimos
936 2558 1143 2601 eorum
1159 2585 1177 2619 ,
1219 2540 1322 2618 qui
1360 2540 1577 2601 finibus
1614 2540 2068 2603 Ecclesiasticae
2107 2542 2438 2605 vocationis
2477 2561 2617 2604 suae
2659 2542 2964 2604 continere
3003 2561 3132 2603 sese
3173 2540 3508 2603 debuerant
3522 2584 3542 2616 ,

606 2626 725 2700 qua
764 2640 827 2683 se
864 2620 1061 2699 ipSOS,
1102 2624 1221 2697 qua
1262 2619 1645 2683 ministerium
1697 2639 1871 2682 suum
1922 2622 2473 2701 sanctissimamque
2502 2623 2912 2684 auctoritatem
2953 2622 3140 2701 illius,
3180 2624 3302 2699 qua
3321 2622 3540 2681 multas

606 2702 867 2777 animas,
926 2703 1045 2778 qua
1104 2699 1501 2780 respublicas,
1561 2705 1681 2779 qua
1739 2702 2040 2765 Ecclesias
2099 2704 2361 2765 funditus
2417 2702 2772 2783 perdidisse,
2835 2704 2980 2763 dum
3019 2721 3095 2763 ex
3136 2700 3410 2781 angustia
3449 2698 3541 2761 sui

606 2780 806 2858 iudicij
848 2780 1040 2859 (quod
1079 2782 1367 2859 putabant
1406 2782 1857 2860 amplissimum)
1898 2783 2102 2843 omnia
2139 2783 2236 2863 agi
2274 2785 2331 2846 δι
2373 2782 2512 2845 ferri
2551 2793 2880 2845 statuerunt
2919 2793 3216 2861 oportere.

688 2861 934 2922 Librum
996 2878 1229 2921 sacrum
1242 2907 1260 2940 ,
1324 2863 1531 2923 fratres
1591 2861 1980 2941 dilectissimi,
2039 2862 2288 2925 Librum
2347 2863 2605 2925 foederis
2653 2863 2779 2925 siue
2820 2861 3188 2925 Testamenti
3225 2859 3442 2922 veteris
3483 2864 3540 2921 δι

606 2941 765 3002 Noui
804 2940 1163 3002 versandum
1201 2941 1491 3003 habemus
1529 2953 1822 3003 nocturna
1860 2944 1916 3003 &
1957 2942 2168 3005 diurna
2207 2962 2412 3023 manu,
2454 2954 2520 3005 vt
2557 2942 2798 3005 dicebat
2837 2941 3165 3021 Satyricus;
3203 2960 3330 3002 non
3352 2941 3540 3003 libros

606 3020 778 3083 huius
824 3019 1032 3081 mundi
1072 3022 1337 3082 forenses
1376 3030 1554 3099 atque
1592 3021 1899 3099 politicos:
1942 3023 2337 3085 conscientias
2373 3024 2663 3085 habemus
2703 3024 3026 3101 curandas,
3065 3042 3139 3083 ac
3179 3040 3302 3083 non
3355 3022 3538 3082 iacul-

604 3112 790 3163 tates:
831 3100 1129 3161 Ecclesias
1144 3146 1161 3179 ,
1200 3120 1273 3162 ac
1313 3120 1437 3162 non
1477 3103 1859 3179 respublicas
1898 3104 2256 3165 Putamusne
2293 3104 2469 3183 igitur
2502 3105 2701 3165 Deum
2722 3107 2876 3165 male
2894 3100 3265 3182 prospexisse
3285 3103 3536 3181 mundo,

602 3184 741 3243 cum
779 3200 874 3241 res
912 3180 1116 3241 ciuiles
1155 3182 1233 3242 ab
1274 3181 1705 3244 Ecclesiasticis
1742 3180 2144 3262 dispesceret?
2185 3189 2534 3263 putamusne
2575 3182 2752 3246 nobis
2789 3187 3008 3246 factam
3025 3187 3066 3245 a
3085 3184 3220 3245 Deo
3242 3180 3536 3259 iniuriam,

602 3262 705 3339 qui
746 3263 854 3322 has
896 3281 989 3321 res
1027 3261 1236 3339 nobis,
1278 3261 1403 3321 illas
1442 3262 1569 3322 aliis
1610 3264 1903 3324 curandas
1945 3260 2294 3326 instituerit?
2336 3270 2686 3343 putamusne
2727 3266 2998 3326 sufficere
3031 3274 3260 3325 mentes
3279 3280 3534 3341 cognos-

603 3340 807 3403 cendis
865 3344 920 3403 &
978 3340 1341 3421 iudicandis,
1396 3361 1653 3421 corpora
1712 3342 2000 3405 faciendis
2059 3356 2182 3405 tam
2233 3344 2432 3406 multis
2471 3346 2682 3425 rebus,
2745 3364 2892 3423 quas
2930 3348 3094 3405 Deus
3132 3342 3434 3404 distribuit
3473 3342 3534 3403 in

606 3424 823 3483 multos
874 3431 1115 3500 propter
1175 3440 1379 3483 earum
1438 3421 1786 3485 infinitatem
1844 3424 2310 3503 grauitatemque
2325 3469 2343 3504 ,
2399 3428 2456 3487 δι
2495 3425 2892 3487 infirmitatem
2930 3420 3244 3487 nostram?
3299 3422 3534 3501 Nempe

604 3502 723 3563 hoc
762 3500 908 3563 illud
946 3512 1065 3577 est,
1106 3500 1346 3563 miseret
1383 3505 1597 3564 Deumae
1617 3504 1830 3583 nostri,
1872 3507 1927 3565 δι
1967 3523 2080 3566 nos
2119 3506 2280 3584 ipsos
2321 3504 2509 3567 nostri
2531 3524 2652 3565 non
2674 3505 2930 3567 miseret.
2969 3504 3294 3566 Videamus
3311 3502 3533 3581 potius,

605 3582 891 3661 obsecro,
933 3593 998 3641 vt
1036 3580 1383 3643 tenuitatem
1426 3594 1689 3643 nostram
1729 3584 1884 3646 serio
1906 3602 2110 3646 coram
2133 3586 2397 3648 Domino
2418 3585 2702 3663 deinceps
2723 3586 3141 3664 recordemur,
3179 3584 3532 3663 grauitatem

604 3662 863 3723 muneris
922 3662 1110 3723 nostri
1163 3682 1234 3723 ex
1275 3662 1521 3724 veritate
1561 3665 1921 3744 cogitemuS,
1965 3666 2021 3726 δι
2063 3666 2238 3727 nobis
2279 3676 2416 3727 ante
2457 3667 2666 3727 oculos
2707 3683 3001 3744 ponamus
3040 3683 3324 3745 magnum
3364 3662 3530 3723 illum

605 3742 717 3801 Dei
756 3760 993 3803 seruum
1034 3745 1090 3804 δι
1132 3741 1349 3804 Christi
1388 3746 1743 3821 Apostolum
1766 3791 1783 3825 ,
1825 3745 2162 3806 dicentem:
2223 3746 2527 3807 Fiduciam
2564 3746 2856 3807 habemus
2894 3766 3003 3825 per
3041 3744 3341 3806 Christum
3383 3747 3530 3822 (non

604 3832 801 3882 autem
840 3842 949 3901 per
994 3826 1129 3900 nos)
1172 3824 1333 3901 apud
1374 3824 1569 3884 Deum
1611 3830 1759 3900 (non
1796 3835 1996 3886 autem
2037 3827 2200 3905 apud
2237 3833 2375 3905 nos)
2415 3846 2541 3887 non
2580 3828 2746 3903 quod
2787 3825 2988 3887 idonei
3025 3843 3228 3886 sumus
3269 3844 3378 3904 per
3417 3842 3532 3885 nos

603 3900 769 3979 ipsos
807 3904 885 3962 ad
927 3902 1312 3981 cogitandum
1357 3903 1685 3981 quidquam
1725 3906 1887 3967 velut
1924 3925 2000 3965 ex
2040 3905 2215 3967 nobis
2255 3906 2432 3985 ipsis:
2475 3906 2584 3967 sed
2623 3907 2789 3985 quod
2827 3906 3029 3968 idonei
3067 3922 3300 3984 sumus,
3353 3904 3418 3965 id
3457 3924 3534 3965 ex

603 3981 743 4043 Deo
798 3993 915 4062 est,
968 3982 1071 4061 qui
1126 3982 1303 4043 etiam
1346 3983 1487 4044 facit
1528 3995 1591 4044 vt
1631 3985 1833 4047 idonei
1872 3986 2054 4047 simus
2095 3986 2346 4047 ministri
2383 3985 2736 4049 sanctissimi
2773 3986 2924 4048 illius
2961 3986 3220 4078 foederis
3215 4030 3316 4125 affl
3292 4004 3370 4047 ex
3407 4003 3532 4061 quo

3155 4085 3216 4126 vi
3319 4084 3534 4127 camur
