3923 4875
1316 367 1645 411 THESES
1703 365 2354 416 TRROLOGICAR.
3180 376 3298 433 209

1122 611 1403 670 XXXIV.
1484 610 1619 722 DF
1680 611 2549 674 RESIPISCENTIA.

488 787 881 872 Quanquam
954 789 1455 872 Resipiscentia
1525 789 1873 876 szgnificet
1916 792 2223 874 primam
2295 793 2786 857 conuersionem
2847 794 2932 857 ab
2992 795 3305 878 operibus

392 880 682 944 mortuis
699 930 717 958 ‚
787 882 855 945 &
914 880 1013 944 ad
1062 881 1437 946 vocationis
1498 881 1886 968 beneficium
1924 883 2300 966 pertineat,
2346 884 2543 966 eo'que
2584 885 3042 950 remissionem
3076 897 3309 969 pecca-

390 981 611 1036 torum
630 1021 646 1048 ,
712 975 845 1054 qua
901 971 1105 1035 etiam
1167 982 1389 1035 actum
1450 973 1933 1054 applicationis
1994 983 2266 1038 nostrae
2326 974 2850 1057 comprehendit,
2900 977 3266 1059 praecedat
3281 999 3304 1038 .·

392 1059 583 1149 (nam
626 1062 815 1126 Deus
858 1072 1015 1126 actu
1060 1062 1309 1126 nemini
1351 1063 1647 1128 remittit
1674 1074 1949 1146 peccata
1983 1067 2122 1129 nisi
2154 1065 2235 1128 de
2270 1064 2365 1129 iis
2397 1065 2671 1151 dolenti)
2695 1067 2857 1149 quia
2883 1076 3102 1132 tamen
3124 1069 3309 1132 vitae

388 1175 643 1236 quoque
678 1153 965 1218 mutatio
1002 1155 1073 1219 ὃ·
1104 1154 1552 1240 sanctificatio
1590 1165 1878 1220 naturae
1915 1166 2182 1220 nostrae
2219 1166 2574 1239 corruptae
2605 1158 3048 1245 significatur
3083 1159 3306 1222 eadem

386 1265 541 1308 voce
557 1295 571 1320 ,
626 1254 849 1326 potest
906 1266 1159 1328 quoque
1210 1245 1309 1308 ad
1343 1247 1499 1310 bene
1488 1247 1733 1332 ficium
1771 1247 2307 1334 glorificationis
2347 1248 2692 1313 inchoatae
2734 1249 3008 1332 referri.
3081 1249 3146 1314 A
3157 1260 3310 1333 tque

388 1337 551 1399 haec
606 1355 809 1400 causa
870 1346 973 1399 est
1030 1357 1151 1400 cur
1210 1336 1557 1401 doctrinae
1600 1338 1681 1402 a’e
1726 1338 2152 1404 Remissione
2186 1349 2613 1422 peccatorum
2631 1390 2647 1417 ,
2697 1340 2858 1405 baec
2900 1341 2981 1404 de
3025 1341 3308 1425 Resipis-

386 1428 607 1491 centia
675 1427 1143 1510 subiungatur.
1216 1426 1365 1492 Nos
1384 1477 1400 1504 ,
1474 1427 1601 1492 hac
1668 1429 2161 1514 disputatione,
2223 1429 2304 1494 de
2364 1431 2846 1516 Resipiscentia
2905 1432 2978 1496 in
3023 1443 3312 1516 vtraque

385 1517 891 1604 significatione
933 1538 1227 1602 agemus·
1334 1597 1341 1604 .

1623 1706 1949 1767 Tnnsrs
2003 1708 2050 1767 Ι.
2115 1735 2124 1740 -

472 1883 945 1943 Rtsmscmu
998 1883 1294 1945 Hebraice
1342 1883 1556 1944 dicitur
1610 1886 1867 1964 Schuba,
1920 1902 2076 1964 quae
2115 1885 2352 1964 proprie
2393 1871 2842 1948 conuersionen'i
2883 1885 3094 1947 mentis
3133 1883 3310 1964 signi·

386 1963 545 2023 ficat.
596 1962 737 2024 huic
778 1965 1095 2041 respondet
1136 1983 1254 2024 vox
1294 1965 1525 2026 Graeca
1538 2009 1555 2044 ,
1595 1971 1877 2041 μετάνοια
1892 2011 1909 2044 ,
1951 1969 2007 2026 δι
2047 1965 2258 2026 Latina
2297 1969 2615 2028 conversio.
2653 1967 2856 2027 Altera
2897 1985 3014 2026 vox
3047 1967 3308 2026 Nic-ham

386 2053 695 2103 externum
751 2044 1019 2104 dolorem
1070 2043 1385 2122 significat:
1438 2046 1669 2106 Graece
1718 2046 2090 2122 μεταμέλεια.
2142 2047 2180 2106 i.
2231 2045 2566 2106 sollicitudo
2617 2057 2754 2123 post
2793 2047 3044 2122 factum,
3085 2044 3310 2106 Latinis

374 2125 737 2200 paenitentia
790 2133 1055 2184 vocatur.
1114 2125 1292 2184 Hanc
1329 2143 1545 2186 vocem
1587 2125 1879 2200 Pontificij
1918 2125 2220 2186 mordicus
2261 2124 2512 2186 retinent
2550 2128 2860 2200 (Bellarm.
2901 2129 2971 2186 de
2995 2137 3174 2207 poen.
3211 2125 3310 2184 lib.

396 2221 445 2259 ι.
508 2213 638 2283 cap.
702 2204 782 2277 7.)
844 2201 985 2281 quia
1044 2205 1181 2264 cum
1242 2205 1469 2265 tantum
1508 2203 1892 2265 afflictionem
1934 2215 2232 2266 externam
2271 2204 2557 2284 significet
2570 2251 2588 2284 ,
2629 2206 2770 2266 facit
2809 2224 2922 2283 pro
2962 2205 3314 2266 stabilienda

390 2281 657 2360 ipsorum
717 2283 1001 2343 sententia
1015 2327 1033 2362 ,
1092 2300 1212 2361 qua
1268 2295 1457 2346 actum
1511 2287 1851 2344 exteriorem
1864 2330 1882 2362 ,
1922 2286 2029 2362 qui
2061 2293 2148 2345 est
2181 2287 2334 2344 inter
2359 2288 2743 2365 poenitentem
2785 2287 2863 2345 ὁ*
2901 2287 3310 2362 absoluentem‚

390 2363 838 2423 Sacramentum
879 2381 1005 2423 esse
1044 2362 1281 2424 dicunt:
1322 2367 1607 2425 Durand.
1647 2366 1748 2427 lib.
1790 2387 1847 2441 4.
1886 2365 2019 2424 dist.
2059 2386 2117 2439 4.
2155 2373 2376 2443 quaest.
2423 2386 2474 2426 1.
2513 2365 2652 2426 ideo
2694 2363 2905 2426 merito
2925 2368 2962 2424 a
2980 2363 3178 2426 multis
3193 2410 3214 2444 ‚
3247 2373 3314 2424 vt

394 2442 833 2503 incommodior
872 2442 1143 2504 reiicitur.
1198 2446 1367 2508 Valla
1410 2449 1473 2505 in
1524 2465 1577 2506 2.
1624 2446 1762 2507 Cor.
1804 2458 1933 2528 cap.
1985 2461 2038 2520 7.
2081 2446 2325 2507 Erasm.
2365 2448 2429 2506 in
2468 2456 2666 2507 annot.
2709 2448 2797 2505 ad
2829 2465 2886 2523 3.
2927 2455 3053 2524 cap.
3086 2444 3314 2519 Matth.

390 2524 561 2582 Besa
603 2524 739 2584 ibid.
800 2522 1096 2584 Differunt
1153 2526 1437 2600 μετάνοια
1477 2526 1532 2584 &
1571 2527 1956 2603 μεταμέλει-α,
2000 2524 2164 2603 quod
2217 2524 2318 2585 ina
2357 2526 2434 2587 sit
2471 2524 2720 2617 mentis2
2758 2527 2908 2585 haec
2947 2523 3174 2586 cordis:
3215 2521 3315 2583 illa

388 2614 828 2681 praesupponat
868 2604 1139 2665 dolorem
1181 2606 1379 2664 cordis
1393 2649 1411 2678 ,
1454 2606 1601 2665 haec
1638 2625 1761 2665 non
1801 2615 2268 2684 praesupponat:
2300 2605 2657 2681 μεταμέλεια
2674 2616 2748 2666 s1t
2767 2606 2942 2666 etiam
2962 2604 3280 2683 impiorum
3294 2647 3313 2682 ,

388 2684 613 2743 Matth.
681 2700 773 2758 27.
835 2702 893 2759 3.
951 2684 1233 2760 μηᾶνοια
1294 2686 1524 2744 tantum
1578 2682 1832 2763 piorum.
1874 2686 2025 2745 Sunt
2063 2684 2166 2763 qui
2205 2684 2712 2763 regenerationem
2752 2688 2808 2747 δι
2847 2682 3310 2764 resipiscentiam

390 2781 723 2840 synonyma
774 2774 1009 2839 putant:
1050 2763 1226 2823 nobis
1267 2782 1391 2825 non
1432 2762 1514 2825 ita
1552 2764 1809 2826 videtur:
1851 2784 1990 2825 nam
2033 2763 2459 2843 Resipiscentia
2499 2764 2752 2842 pertinet
2787 2765 2864 2825 ad
2902 2763 3312 2841 vocationem,

389 2841 757 2923 regeneratio
796 2842 875 2903 ad
917 2841 1423 2921 glorificationem.
1464 2846 1574 2904 Illa
1612 2844 2020 2905 remissionem
2059 2856 2440 2923 peccatorum
2469 2844 2796 2905 antecedit:
2835 2846 2982 2905 Luc.
3005 2864 3062 2923 3.
3084 2863 3143 2919 3.
3162 2843 3312 2903 haec

390 2922 673 3000 sequitur.
733 2922 1195 3001 Resipiscentiae
1252 2926 1488 2983 termini
1543 2935 1679 2985 sunt
1739 2925 1862 2985 duo
1924 2927 2110 3005 factm,
2166 2934 2478 3003 peccatum
2539 2925 2921 2985 commissum
2981 2926 3036 2985 δι
3085 2924 3314 2984 bonum

393 3002 751 3063 faciendum.
813 3001 1298 3081 Regenerationis
1338 3002 1575 3063 termini
1612 3016 1750 3064 sunt
1792 3004 1944 3066 duae
1986 3003 2298 3081 qualitates
2312 3052 2330 3084 ‚
2371 3022 2588 3082 nempe
2625 3005 2936 3065 inhaerens
2975 3001 3280 3082 corruptio
3293 3046 3313 3079 ,

392 3082 449 3141 δτ
505 3082 783 3143 sanctitas
821 3100 972 3158 quae
1012 3082 1421 3143 introducitur.
1462 3085 1541 3143 Et
1580 3083 1628 3143 si
1668 3095 1863 3144 autem
1905 3083 2337 3163 Resipiscentia
2374 3084 2590 3145 habeat
2629 3083 3016 3145 mutationem
3055 3082 3314 3160 aliquam

390 3161 607 3241 animi,
648 3172 845 3222 tamen
886 3161 985 3221 illa
1022 3164 1249 3223 tantum
1290 3164 1661 3241 praeparatio
1702 3174 1794 3223 est
1830 3164 1908 3225 ad
1950 3164 2488 3242 regenerationem:
2521 3162 2582 3224 in
2603 3163 3044 3242 regeneratione
3062 3162 3314 3223 mutatio

394 3252 485 3302 est
544 3242 877 3321 perfectior.
939 3243 1299 3319 Quanquam
1360 3262 1502 3322 ergo
1562 3255 1832 3321 tempore
1881 3242 2054 3304 simul
2093 3243 2239 3323 sint,
2279 3246 2490 3305 efficax
2524 3244 2812 3316 VocatiO,
2856 3241 3284 3321 Resipiscentia
3297 3286 3315 3321 ‚

392 3320 766 3395 laetificatio,
809 3321 1233 3413 Regeneratio⁴²
1276 3320 1726 3402 distinguendae
1770 3334 1972 3383 tamen
2011 3335 2148 3383 sunt
2187 3334 2428 3385 naturae
2468 3322 2694 3385 ordine.

477 3422 531 3463 2.
614 3400 907 3462 Definitur
946 3412 1145 3462 autem
1186 3422 1289 3461 sic.
1332 3404 1753 3482 Reszfflscentia
1792 3412 1881 3463 est
1920 3402 2168 3464 mutatio
2207 3404 2504 3481 quaedam
2545 3403 2760 3464 mentis
2777 3404 2834 3464 δι
2853 3402 3066 3483 animi,
3097 3405 3135 3462 a
3155 3402 3316 3461 malo

392 3482 453 3542 in
496 3484 724 3542 bonum
741 3528 758 3552 ,
800 3500 871 3543 ex
910 3482 1121 3541 dolore
1161 3482 1485 3543 secundum
1528 3484 1722 3543 Deum
1762 3486 2052 3560 profecta.
2105 3486 2204 3544 Ab
2245 3482 2372 3544 aliis
2411 3482 2684 3544 definitur
2712 3503 2818 3561 per
2849 3482 3056 3543 odium
3089 3480 3318 3560 peccati

395 3564 453 3623 &
494 3580 761 3623 amorem
802 3560 1071 3622 iustitiae.
1114 3560 1176 3621 Si
1214 3579 1326 3640 pro
1369 3562 1845 3640 Regeneratione
1884 3562 2150 3641 ponitur,
2191 3563 2366 3624 nimis
2403 3575 2652 3641 angusta
2693 3562 2803 3624 erit
2835 3564 2982 3623 haec
3021 3560 3316 3623 definitio:

398 3658 741 3719 quanquam
803 3641 961 3701 enim
1022 3640 1083 3701 in
1124 3641 1215 3701 his
1268 3641 1575 3703 affectibus
1624 3648 1906 3719 pereiram
1946 3662 2009 3703 se
2051 3643 2306 3704 maxime
2345 3644 2592 3723 prodat,
2631 3654 2826 3704 tamen
2869 3639 3322 3719 comprehendit

404 3738 646 3800 quoque
686 3720 1099 3799 perfectiorem
1140 3721 1321 3781 totius
1359 3722 1573 3783 mentis
1612 3728 1667 3781 &
1710 3722 1978 3782 omnium
2020 3724 2362 3784 facultatum
2391 3722 2516 3784 eius
2535 3722 2942 3783 mutationem.
2982 3721 3320 3782 Commode

402 3802 601 3879 itaque
662 3800 973 3862 definietur
1030 3801 1150 3861 hoc
1209 3802 1425 3863 modo:
1488 3802 1930 3879 Resipiscientia
1985 3812 2072 3863 est
2125 3805 2300 3865 dolor
2353 3814 2489 3881 post
2541 3812 2853 3881 peccatum
2893 3810 3290 3880 perpetratum
3303 3844 3322 3878 ‚

405 3891 648 3961 propter
688 3882 977 3942 offensum
1016 3882 1213 3941 Deum
1230 3926 1249 3959 ,
1290 3882 1345 3941 δι
1382 3902 1453 3942 ex
1494 3883 1705 3943 dolore
1746 3882 1994 3943 mutatio
2035 3883 2215 3943 totius
2255 3882 2435 3943 animi
2475 3885 2513 3941 a
2552 3884 2710 3943 malo
2751 3882 2812 3942 in
2850 3881 3098 3943 bonum.

487 3980 543 4037 3.
632 3962 829 4022 Causa
883 3960 1145 4023 efficiens
1199 3962 1537 4039 principalis
1586 3973 1675 4023 est
1731 3961 2006 4040 Spiritui-2,
2055 3962 2178 4024 siue
2218 3963 2418 4054 gratia.
2461 3964 2635 4023 Ezec.
2678 3962 2775 4038 36.
2818 3978 2912 4040 25.
2959 3964 3052 4021 26.
3092 3961 3220 4021 ἅτ.
3263 3978 3315 4018 2.

416 4042 563 4101 Tim.
630 4062 682 4101 2.
752 4059 846 4121 25.
907 4041 1401 4120 Instrumentalis.‚
1463 4042 1767 4103 facultates
1820 4041 2001 4102 animi
2053 4053 2269 4103 nostri:
2333 4045 2464 4103 Ier.
2506 4061 2600 4119 31.
2651 4062 2743 4120 19.
2780 4059 2906 4101 non
2946 4042 3152 4119 quales
3187 4048 3324 4101 sunt

406 4120 615 4181 natura
654 4122 759 4182 sed
801 4140 909 4201 per
946 4120 1225 4192 Spiritum
1266 4122 1681 4183 sanctificatae.
1722 4122 1942 4182 Errant
1981 4122 2176 4199 itaque
2216 4122 2317 4200 qui
2358 4123 2497 4182 huic
2527 4120 2746 4200 gratiae
2779 4121 3139 4183 substituunt
3154 4118 3324 4181 liber-

406 4212 589 4261 tatem
654 4201 875 4279 arbitrij
936 4205 992 4263 &
1052 4203 1311 4263 Naturae
1368 4202 1522 4263 vires
1576 4201 1853 4263 excitatas
1894 4220 2002 4279 per
2039 4212 2306 4262 naturam
2349 4202 2850 4281 praeuenientem:
2893 4201 3142 4281 gratiam
3180 4202 3326 4261 vero

416 4292 679 4341 statuunt
738 4283 965 4342 tantum
1026 4280 1369 4342 adiutricem
1412 4286 1467 4343 δι
1506 4280 2004 4360 cooperatricem,
2047 4283 2126 4342 ad
2165 4283 2539 4343 excitandum
2581 4283 2970 4360 voluntatem,
3009 4286 3132 4359 quo
3173 4280 3328 4341 vires

422 4378 559 4421 suas
620 4360 920 4440 expediat,
980 4380 1133 4439 quae
1173 4362 1273 4422 vbi
1314 4362 1663 4423 infirmiores
1702 4374 1836 4421 sunt
1876 4361 2229 4423 adiuuentur
2265 4366 2302 4421 a
2343 4363 2558 4441 Spiritu
2599 4364 2837 4424 Sancto.
2897 4366 3117 4444 Ephes.
3161 4380 3254 4499 mc
3273 4377 3324 4499 ἲ

1840 4458 1909 4519 27
3243 4458 3282 4499 o
3305 4480 3323 4499 .
