3923 4875
80 514 111 2927 -ν--Ἦ----“-ν-ιυ-·υι-ι-“’.υιπιι-υι-υ-ν-νι-η

80 3540 105 4553 -—*——:———-—-—·——v-*

1477 362 1889 408 naemei
1948 363 2166 407 raas
2226 362 2268 407 1.
3215 361 3336 423 435

1014 490 1035 517 Q

410 526 638 603 facere,
678 526 785 586 sed
822 528 879 586 &
916 522 1244 603 Euangelij.
1284 524 1439 585 Nam
1476 532 1677 586 nonne
1714 527 1751 585 a
1790 522 2280 603 promissionibus
2317 520 2722 600 Euangelicis,
2763 522 2820 581 81
2863 524 2900 582 a
2919 522 3338 584 recordatione

412 606 672 683 illarum,
713 608 769 667 δι
808 607 845 665 ὲ,
885 615 1120 665 recente
1159 618 1303 683 typo
1320 650 1337 682 ,
1376 624 1591 684 nempe
1630 603 1995 665 liberationis
2035 622 2108 663 ex
2147 605 2448 683 AEgypto,
2471 604 2636 663 Deus
2655 601 2885 663 initium
2905 603 3074 679 facit,
3099 600 3303 663 dicens
3325 648 3342 682 ,

415 684 575 746 Audi
634 686 846 763 Israel,
900 686 1031 763 Ego
1088 702 1217 746 sum
1258 685 1481 746 Iehoua
1523 686 1686 746 Deus
1726 696 1862 745 tuus
1901 682 2005 761 qui
2049 682 2227 744 eduxi
2266 694 2324 744 te
2364 686 2401 743 e
2439 694 2596 743 terra
2634 677 2920 775 AEgypti?
2984 685 3203 745 Nonne
3243 702 3340 743 ωε

416 764 621 826 docuit
662 766 989 844 Apostolus
1028 784 1150 825 non
1192 765 1369 825 fuisse
1414 764 1667 825 abolitas
1706 762 2155 843 superueniente
2193 760 2390 842 Lege?
2430 762 2693 825 Omnino
2733 762 2908 843 igitur
2947 761 3074 841 pias
3115 772 3342 825 mentes

415 857 667 907 statuere
706 844 851 906 illud
889 864 1133 907 necesse
1170 856 1290 923 est,
1330 845 1579 905 verbum
1619 844 1735 905 Dei
1774 844 2155 905 enunciatum
2188 845 2244 904 δι
2265 842 2548 921 scriptum
2569 844 2824 903 formam
2845 853 3149 903 externam
3175 862 3337 915 esse,

416 944 597 1005 quam
638 926 801 987 Deus
840 924 901 985 in
941 923 1209 986 Ecclesia
1244 924 1503 1003 positam
1542 926 1753 986 voluit:
1796 935 1861 985 vt
1899 925 2038 985 cum
2077 943 2140 984 se
2179 924 2236 983 δι
2275 942 2415 985 suos
2434 923 2562 1002 ipsa
2581 922 3036 1003 internosceret,
3057 933 3183 985 tum
3204 942 3337 983 eam

415 1004 542 1082 aiij,
583 1016 759 1085 prout
796 1007 994 1066 Deum
1035 1005 1372 1084 confitetur,
1414 1004 1529 1065 hac
1566 1006 1760 1066 forma
1800 1014 2042 1065 externa
2081 1006 2400 1066 obseruare
2441 1012 2705 1082 possent.

495 1088 697 1165 Atque
756 1086 877 1145 hoc
924 1084 1167 1163 quidem
1210 1084 1613 1146 testimonium
1654 1104 1775 1163 quo
1818 1084 1893 1145 sit
1931 1095 2312 1165 argumento,
2349 1084 2627 1144 nolumus
2665 1084 2786 1144 hoc
2824 1083 2964 1143 loco
3006 1100 3336 1161 exponere,

416 1164 556 1244 quia
594 1166 655 1227 id
697 1176 783 1226 est
821 1165 939 1225 loci
980 1164 1233 1226 alterius.
1274 1168 1345 1225 In
1386 1164 1714 1243 praesentia
1752 1164 1816 1225 id
1856 1164 1995 1226 satis
2035 1166 2296 1225 futurum
2339 1182 2465 1224 esse
2483 1162 2841 1240 iudicamus,
2861 1161 2911 1222 si
2933 1160 3334 1223 testimonium

416 1246 537 1306 hoc
588 1244 1034 1325 intelligendum
1086 1264 1215 1305 esse
1267 1244 1383 1305 Dei
1435 1262 1812 1323 moneamus,
1852 1262 1974 1322 quo
2019 1254 2148 1305 tum
2188 1246 2352 1305 Deus
2395 1244 2472 1305 de
2512 1262 2577 1304 se
2615 1240 2746 1321 ipso
2787 1244 3082 1320 rebusque
3124 1240 3338 1303 diuinis

416 1336 644 1386 tantum
694 1326 869 1386 nobis
921 1334 1165 1385 testatur
1203 1334 1489 1402 quantum
1529 1345 1601 1385 ex
1644 1324 1767 1386 edit
1804 1324 2030 1405 gloriae
2067 1324 2247 1402 ipsius
2289 1326 2344 1385 δι
2383 1323 2555 1384 saluti
2595 1331 2868 1415 nostrae,
2903 1331 3030 1382 tum
3071 1320 3340 1383 nostrum

418 1404 631 1483 singuli
665 1404 931 1465 illustrati
971 1403 1381 1483 potentissimo
1424 1406 1526 1466 illo
1626 1404 1679 1467 ei
1719 1404 2059 1466 testimonio
2099 1403 2484 1481 adducimur,
2524 1412 2588 1463 vt
2625 1402 2702 1463 de
2723 1400 3061 1480 nobisipsis
3079 1400 3338 1462 vicissim

418 1484 821 1545 testimonium
861 1484 1245 1545 exhibeamus
1284 1486 1421 1545 Deo
1437 1531 1453 1562 ,
1492 1486 1553 1545 in
1594 1484 1768 1545 nobis
1804 1486 2164 1562 habeamuS,
2207 1486 2262 1544 &
2281 1484 2360 1544 ·in
2403 1482 2589 1544 oculis
2630 1480 2836 1543 mundi
2875 1492 3080 1543 sancta
3110 1483 3338 1559 profes·

416 1564 586 1625 sione
644 1564 757 1625 Dei
808 1564 865 1624 δι
913 1564 1115 1626 salutis
1153 1577 1389 1626 nostrae
1428 1566 1837 1643 praebeamus,
1896 1565 2068 1641 Quae
2109 1581 2287 1625 causa
2325 1574 2445 1643 est,
2493 1579 2598 1623 cur
2636 1562 2972 1641 Prophetae
3014 1560 3204 1622 visum
3245 1570 3336 1621 est

416 1644 813 1705 testimonium
855 1662 977 1706 non
1020 1644 1359 1723 simpliciter
1397 1662 1741 1723 nuncupare
1755 1690 1772 1725 ,
1813 1644 1920 1706 sed
1959 1642 2308 1705 nominatim
2349 1643 2573 1704 addere
2588 1687 2607 1723 ,
2648 1640 2823 1703 fuisse
2859 1643 3091 1701 Israeli
3106 1644 3305 1702 datum
3323 1686 3341 1720 ,

419 1728 475 1785 &
515 1724 815 1786 Ecclesiae
855 1723 1251 1787 indesinenter
1292 1744 1419 1786 esse
1458 1726 1810 1803 expositum.
1848 1725 1967 1785 Sed
2008 1723 2146 1801 quia
2176 1725 2296 1785 hoc
2317 1722 2622 1815 quodiam
2641 1721 2980 1801 attingimus
2995 1766 3013 1801 ,
3039 1722 3116 1782 ad
3137 1722 3338 1782 locum

418 1803 743 1865 secundum
803 1805 1083 1884 pertinet,
1135 1824 1313 1882 quem
1355 1804 1433 1866 de
1474 1807 1541 1882 (f.
1584 1806 1725 1885 711)
1748 1802 2035 1883 personis
2075 1822 2200 1865 esse
2239 1802 2529 1882 diximus,
2574 1813 2806 1881 tempus
2845 1812 2936 1863 est
2975 1812 3042 1862 vt
3079 1802 3160 1863 ad
3199 1818 3337 1863 eum

422 1886 623 1945 locum
661 1885 963 1945 veniamus
1003 1885 1435 1964 explicandum.
3137 1901 3141 1905 ·

497 1966 886 2025 Personarum
924 1964 1101 2043 igitur
1138 1982 1285 2043 quas
1324 1966 1489 2025 Deus
1531 1963 1683 2025 intus
1722 1962 2003 2026 informat
2043 1962 2383 2024 testimonio
2423 1979 2564 2043 suo,
2605 1966 2662 2025 δι
2701 1962 2898 2041 palam
2937 1970 3176 2023 testatas
3195 1960 3338 2023 facit

422 2044 479 2103 in
520 2042 709 2104 oculis
746 2044 1047 2125 omnium,
1087 2056 1265 2123 prout
1305 2046 1554 2106 verbum
1596 2042 1713 2105 Dei
1752 2044 2046 2104 internum
2089 2042 2418 2122 percipiunt
2435 2054 2612 2122 atque
2630 2052 2936 2103 externum
2956 2044 3339 2121 profitentur,

418 2122 565 2183 ratio
606 2126 642 2183 a
680 2124 978 2201 Propheta
1013 2126 1249 2185 duobus
1288 2124 1485 2185 modis
1524 2124 1885 2202 ostenditur,
1926 2122 2197 2185 vniuerse
2230 2126 2286 2185 &
2306 2121 2716 2215 particulatim.
2755 2120 3046 2184 Vniuerse
3067 2120 3341 2183 Ecclesia

405 2202 748 2265 ‘ostenditur
787 2205 1034 2264 Israelis
1073 2204 1197 2265 siue
1237 2202 1633 2266 Israelitarum
1673 2203 1945 2265 nomine:
1995 2203 2385 2283 particulatim
2427 2208 2571 2266 vero
2587 2248 2604 2282 ,
2647 2212 2824 2282 prout
2863 2202 3186 2295 singulares
3223 2203 3337 2263 Ec·

416 2284 629 2345 clesiae
662 2286 701 2343 a
739 2285 873 2345 Deo
893 2284 1234 2345 distributae
1255 2294 1421 2365 sunt,
1445 2286 1883 2345 demonstratur
1902 2284 2158 2345 tribuum
2178 2287 2235 2345 δι
2253 2282 2493 2361 quidem
2522 2284 2776 2343 tribuum
2797 2284 2916 2343 Iah
2937 2300 3061 2343 sme
3079 2282 3339 2343 Iehouae

418 2364 831 2444 appellatione.
892 2364 1418 2444 Quemadmodum
1478 2374 1673 2425 autem
1725 2364 1787 2425 in
1828 2362 2219 2445 explicatione
2257 2381 2452 2424 rerum
2496 2361 2837 2442 docuimus,
2877 2380 2972 2423 res
3011 2362 3240 2442 typicas
3279 2364 3336 2423 δι

420 2445 797 2523 particulares
856 2448 893 2506 a
947 2445 1274 2506 substantia
1328 2449 1383 2508 δι
1432 2445 1678 2506 veritate
1715 2463 1917 2506 earum
1956 2445 2018 2506 in
2057 2445 2396 2506 nominibus
2435 2443 2560 2505 istis
2597 2443 2856 2504 discerni
2894 2453 3199 2522 oportere,
3239 2441 3338 2503 hic

416 2525 633 2585 eodem
675 2525 858 2586 modo
897 2525 1023 2586 fieri
1062 2545 1305 2587 necesse
1348 2537 1455 2588 est.
1494 2526 1649 2586 Nam
1692 2525 1923 2604 typicae
1961 2535 2098 2586 sunt
2127 2524 2579 2604 appellationes,
2599 2527 2656 2586 &
2673 2521 3067 2603 angustiores3
3088 2539 3338 2601 quarum

404 2601 629 2664 'veritas
669 2604 881 2666 diffusa
920 2616 1009 2667 est
1046 2605 1346 2667 latissime.
1386 2606 1615 2684 Typica
1652 2605 1749 2666 illa
1788 2606 1911 2666 duo
1951 2615 2087 2666 sunt
2104 2651 2121 2678 ,
2161 2605 2326 2681 quod
2365 2607 2574 2666 Israel
2603 2606 2698 2664 vel
2737 2601 3032 2664 Israelitae
3047 2647 3065 2682 ,
3095 2603 3150 2662 δι
3173 2603 3339 2694 quod

416 2685 606 2744 tribus
644 2686 1032 2764 appellantur.
1094 2689 1249 2747 Nam
1289 2688 1427 2747 cum
1468 2688 1723 2778 populus
1764 2686 2118 2746 Iudaeorum
2159 2703 2297 2762 pars
2337 2684 2510 2746 suerit
2549 2682 2853 2745 Ecclesiae
2892 2681 3006 2744 Dei
3045 2701 3153 2760 per
3191 2682 3338 2742 111ud

416 2775 651 2842 tempus
704 2764 1203 2843 praestantissima
1252 2770 1309 2828 &
1346 2767 1675 2828 Ecclesiam
1718 2765 2089 2827 Catholicam
2130 2763 2348 2825 Christi
2385 2775 2550 2826 certo
2604 2764 2867 2842 quodam
2905 2764 3092 2823 modo
3131 2762 3336 2822 adum-

414 2843 702 2917 brauerit,
746 2844 999 2922 primum
1041 2847 1119 2906 de
1157 2845 1387 2907 ratione
1427 2845 1581 2908 illius
1622 2843 1923 2907 Ecclesiae
1960 2843 2198 2923 proprie
2212 2889 2229 2923 ,
2271 2854 2397 2904 tum
2439 2844 2514 2905 de
2551 2843 2781 2905 ratione
2799 2841 3102 2903 Ecclesiae
3121 2841 3339 2902 Catho-

419 2925 569 2985 licae
582 2970 599 3002 ,
660 2925 825 3002 quod
882 2925 961 2985 ad
1014 2942 1298 3004 personas
1351 2925 1585 3004 attinet,
1626 2945 1735 3004 per
1769 2925 2102 3004 analogiam
2147 2923 2466 2986 videndum
2509 2935 2618 2986 est.
2681 2922 2834 2985 Cum
2875 2939 3020 3001 ergo
3059 2922 3336 2982 Israelem

414 3004 711 3082 Pr0pheta
748 3003 1014 3065 nominat
1029 3051 1046 3082 ,
1086 3016 1279 3066 totum
1321 3022 1537 3084 corpus
1578 3002 1880 3066 Ecclesiae
1920 3023 2100 3083 quam
2141 3005 2304 3066 Deus
2345 3016 2472 3066 tum
2506 3004 2762 3066 vocabat
2793 3003 2980 3067 verbo
3000 3048 3019 3081 ,
3037 3000 3339 3080 intelligit:

413 3085 549 3144 cum
590 3093 788 3144 autem
827 3083 1013 3146 tribus
1052 3083 1405 3146 nominatim
1444 3084 1597 3146 inter
1635 3105 1698 3147 se
1738 3084 2044 3146 distinctas
2082 3089 2244 3161 (nam
2285 3083 2350 3146 id
2388 3083 2501 3145 sibi
2541 3085 2667 3144 vult
2697 3103 2770 3144 ex
2789 3084 3211 3143 Hebraeorum
3229 3099 3340 3142 vsu

416 3163 686 3240 repetitio
730 3163 827 3224 illa
875 3164 1133 3226 nominis
1172 3166 1389 3240 tribus,
1434 3169 1623 3227 tribus
1663 3167 1808 3242 lab)
1848 3175 2046 3244 partes
2083 3163 2236 3226 illius
2276 3163 2580 3225 Ecclesiae
2601 3211 2617 3242 ,
2659 3181 2840 3242 quam
2883 3173 3071 3223 totam
3111 3161 3341 3223 dixerat

412 3242 641 3304 Israelis
682 3243 953 3322 nomine,
978 3244 1351 3324 designauit:
1395 3247 1451 3306 δι
1490 3245 1571 3307 ita
1610 3245 1854 3324 quidem
1888 3243 2249 3324 designauit,
2291 3255 2354 3305 vt
2394 3246 2547 3305 ordo
2569 3245 2973 3304 membrorum
2995 3242 3055 3303 in
3078 3259 3336 3320 corpore

416 3341 565 3383 voce
615 3323 874 3384 tribuum
933 3327 1551 3403 comprehenderetur.
1611 3325 1753 3387 Tria
1808 3337 1943 3386 sunt
1995 3324 2170 3404 igitur
2208 3343 2284 3386 ex
2323 3324 2657 3402 Prophetae
2695 3321 2891 3385 verbis
2929 3322 3008 3383 ad
3048 3320 3339 3383 rationem

413 3421 799 3481 personarum
815 3449 832 3482 ,
894 3421 1039 3481 quas
1098 3407 1263 3466 Deus
1320 3405 1603 3467 informat
1654 3405 1715 3466 in
1757 3404 1995 3467 Christo
2013 3451 2032 3486 ,
2084 3403 2466 3483 pertinentia:
2509 3403 2854 3465 vniuersitas
2891 3404 3053 3464 velut
3091 3419 3340 3482 corpus,

412 3493 609 3560 partes
648 3492 714 3542 vt
754 3487 1022 3544 membra
1062 3485 1331 3564 corporis
1372 3485 1525 3546 iusto
1572 3485 1781 3548 ordine
1822 3484 1972 3546 inter
2011 3505 2075 3545 se
2113 3483 2464 3564 constituta,
2503 3485 2560 3544 &
2599 3482 2918 3562 applicatio
2940 3484 3164 3543 formae
3185 3481 3336 3543 illius

414 3579 596 3640 quam
655 3565 793 3623 ante
852 3564 1248 3642 exposuimus.
1310 3565 1611 3626 Ecclesiae
1660 3565 2006 3626 vniuersitas
2056 3564 2118 3624 in
2158 3563 2264 3624 illo
2303 3565 2436 3643 ipso
2477 3573 2624 3642 typo
2666 3583 2845 3643 quem
2883 3563 3180 3640 Propheta
3218 3561 3339 3623 hoe

412 3643 551 3703 loco
609 3641 907 3719 nominat,
967 3645 1154 3705 tribus
1216 3645 1411 3706 modis
1468 3643 1719 3724 spectari
1772 3654 1994 3723 potest:
2037 3643 2293 3723 primum
2334 3645 2663 3704 secundum
2703 3643 2994 3705 rationem
3035 3653 3339 3703 externam

412 3721 565 3800 eiuS,
608 3721 825 3783 deinde
871 3724 1195 3784 secundum
1235 3724 1555 3800 internam,
1596 3730 1899 3804 postremo
1940 3735 2140 3785 autem
2181 3725 2512 3786 secundum
2551 3735 2862 3802 Vtramque
2884 3722 3076 3784 simul.
3123 3723 3343 3782 Secun-

410 3801 554 3862 dum
612 3801 902 3862 rationem
964 3813 1265 3864 externam
1321 3807 1512 3866 solum
1574 3807 1756 3866 Israel
1812 3803 2120 3866 dicebatur
2135 3849 2152 3883 ,
2201 3803 2304 3882 qui
2345 3814 2469 3866 erat
2505 3803 2567 3865 in
2605 3806 2921 3883 propatulo
2961 3802 3244 3880 Iudaeus,
3285 3805 3350 3863 δε

410 3881 507 3941 cui
566 3893 691 3941 erat
752 3881 813 3941 in
872 3901 1051 3945 carne
1112 3883 1515 3960 circumcisio,
1556 3897 1620 3944 vt
1658 3883 1825 3945 Pauli
1867 3896 2100 3945 vtamur
2141 3885 2372 3946 verbis:
2435 3884 2778 3945 Secundum
2818 3885 3106 3944 internam
3147 3884 3339 3943 solum

410 3960 641 4022 Israelis
688 3960 929 4022 nomine
984 3963 1365 4038 dicebantur,
1424 3964 1525 4042 qui
1576 3965 1635 4024 in
1681 3967 1920 4026 occulto
1963 3963 2169 4025 Iudaei
2209 3977 2408 4043 erant,
2453 3967 2508 4026 δι
2549 3963 3000 4025 circumcisione
3041 3959 3243 4023 cordis
3281 3961 3344 4022 in

412 4038 617 4120 spiritu
671 4061 743 4102 ac
784 4061 909 4102 non
947 4041 1115 4102 litera
1152 4043 1430 4123 praediti,
1471 4061 1725 4123 quorum
1766 4047 1893 4106 laus
1932 4064 2057 4106 non
2095 4065 2170 4105 ex
2208 4043 2548 4107 hominibus
2588 4055 2705 4124 est,
2745 4045 2852 4105 sed
2893 4061 2968 4102 ex
3015 4044 3150 4103 Deo
3189 4041 3344 4121 ipso.

410 4123 591 4181 Rom.
640 4140 694 4181 2.
741 4142 770 4180 2
779 4137 833 4200 5.
880 4141 971 4200 29.
1033 4124 1376 4185 Secundum
1416 4133 1726 4204 vtramque
1765 4125 2142 4202 dicebantur,
2183 4123 2241 4184 in
2285 4124 2502 4202 quibus
2543 4125 2694 4185 ratio
2737 4123 2963 4184 interna
3004 4124 3061 4183 δι
3103 4132 3346 4183 externa

412 4205 640 4263 formae
699 4201 979 4263 diuinitus
1038 4203 1359 4281 impressae
1418 4205 1829 4284 respondebat.
1895 4205 1995 4265 Ad
2059 4223 2214 4284 quae
2267 4204 2468 4264 omnia
2509 4203 2764 4284 respexit
2803 4205 3129 4282 Apostolus
3145 4247 3163 4282 ,
3204 4203 3342 4262 cum

413 4281 663 4341 diceret:
726 4282 863 4341 Non
926 4301 1133 4343 omnes
1193 4283 1295 4360 qui
1346 4295 1480 4344 sunt
1521 4304 1591 4344 ex
1632 4286 1880 4360 Israele,
1924 4295 2060 4346 sunt
2100 4286 2314 4356 Israel,
2357 4302 2550 4362 neque
2591 4283 2694 4362 qui
2735 4294 2870 4345 sunt
2911 4301 3112 4344 semen
3153 4282 3344 4343 Abra·

416 4361 609 4442 hami,
650 4378 861 4423 omnes
901 4375 1037 4424 sunt
1068 4364 1167 4442 filij
1187 4409 1204 4444 ,
1250 4367 1430 4426 Rom.
1474 4385 1532 4444 9.
1572 4367 1629 4425 6.
1676 4385 1729 4442 7.
1769 4365 2106 4426 Secundum
2137 4376 2443 4426 externam
2473 4368 2726 4428 formam
2761 4367 2998 4426 suerunt
3016 4360 3312 4425 Israelitae
3329 4409 3345 4434 ,

688 4467 691 4472 ·
3192 4460 3346 4522 quos
