3923 4875
576 318 690 388 148
1510 322 1835 369 rnasns
1896 319 2545 367 runonoorcas.

554 489 867 553 essentiam
909 505 1047 549 cum
1091 489 1266 547 Patre
1305 491 1361 548 &
1403 487 1624 566 Spiritu
1667 488 1729 547 S.
1767 487 1943 546 loun.
1991 503 2080 545 10.
2123 503 2219 560 30.
2271 485 2346 543 H.
2385 482 2648 544 Infinitas
2667 528 2686 564 ,
2719 495 2846 544 tum
2887 483 3112 545 ratione
3154 484 3301 564 loci,
3339 501 3480 546 eum

556 573 911 648 immensuS,
964 569 1192 628 Mattk.
1242 571 1333 627 18.
1379 586 1453 627 20
1495 569 1571 628 &⁴
1612 570 1707 628 28.
1752 585 1844 626 20.
1884 563 1947 626 id
1987 574 2104 643 est,
2143 573 2308 624 extra
2347 579 2640 641 supraque
2679 583 2922 624 omnem
2959 566 3160 625 locum
3200 566 3482 645 essentia,

558 649 941 731 potentiaque
982 665 1089 708 sua
1127 646 1347 726 vbique
1386 666 1517 708 esse
1561 645 1803 707 dicitur:
1847 654 1974 706 tum
2015 643 2241 705 ratione
2277 641 2587 722 temporis,
2627 660 2766 704 cum
2783 654 3082 722 aeternus,
3113 647 3270 705 Heb.
3307 665 3401 722 13.
3421 649 3480 706 8.

559 735 709 792 Esa.
762 752 818 809 9.
874 731 942 807 6,
993 729 1097 805 qui
1150 737 1267 806 est,
1321 727 1425 805 qui
1478 737 1633 806 erat,
1682 725 1786 805 qui
1822 735 2105 786 venturus
2143 733 2266 804 est,
2305 725 2488 802 Apoc.
2537 743 2588 784 1.
2628 727 2684 784 8.
2726 725 2846 785 hoc
2883 735 3005 804 est,
3045 724 3172 786 sine
3211 735 3480 804 tempore

562 829 793 890 semper
857 829 987 870 esse
1030 806 1262 870 dicitur.
1323 809 1430 869 111.
1494 805 1976 880 Immutabilitas,
2014 814 2142 865 tum
2183 803 2408 865 ratione
2447 803 2736 866 essentiae
2775 803 2836 864 in
2873 823 3002 866 sese
3017 851 3035 884 ,
3078 806 3237 866 Heb.
3285 827 3337 867 1.
3387 824 3478 866 12.

566 895 641 952 &⁵
687 913 712 950 1
725 912 776 950 2.
820 894 875 950 8.
918 899 1047 949 tum
1087 887 1317 948 ratione
1358 886 1615 948 veritatis
1655 884 1716 947 in
1755 887 1940 947 verbo
1983 885 2038 944 &
2080 881 2589 963 promissionibus·
2633 905 2688 947 2.
2735 885 2875 946 Cor.
2922 905 2972 947 r.
3018 903 3109 946 20.
3168 887 3275 946 Ν.
3335 885 3479 946 Om—

564 970 900 1048 niscientia,
940 971 1113 1028 Ioan.
1157 988 1210 1027 2.
1255 987 1345 1041 24.
1393 983 1488 1046 25.
1525 968 1583 1026 &
1622 969 1680 1026 6.
1722 968 1819 1041 64.
1861 981 1979 1042 qua
2019 984 2082 1025 se
2120 967 2174 1024 &
2215 961 2417 1025 omnia
2436 963 2639 1025 diuino
2662 964 2831 1026 nouit
2845 967 3074 1058 modO,
3095 963 3480 1044 omniumque

568 1051 753 1112 corda
792 1053 847 1109 &
892 1067 1061 1109 renes
1104 1057 1412 1108 scrutatur.
1475 1048 1661 1126 Apoc.
1704 1067 1754 1106 2.
1802 1066 1893 1122 23.
1950 1047 2018 1122 (f.
2063 1047 2260 1121 1630.)

647 1149 740 1206 27.
822 1131 931 1190 VI.
993 1127 1203 1189 Gloria
1240 1130 1296 1188 &
1338 1125 1609 1188 maiestas
1648 1125 1921 1206 religioso
1961 1127 2124 1185 cultu
2165 1127 2204 1183 a
2241 1121 2414 1184 nobis
2455 1125 2706 1185 colenda
2725 1125 2826 1201 (de
2845 1124 3095 1186 naturali
3114 1129 3170 1186 81
3189 1125 3482 1186 essentiali

566 1215 782 1288 loquor
797 1257 816 1290 ,
858 1225 1012 1286 quae
1050 1226 1340 1286 personae
1382 1217 1472 1268 est
1508 1207 1835 1268 secundum
1874 1204 2244 1266 diuinitatem
2283 1222 2390 1282 per
2426 1223 2490 1264 se
2508 1248 2525 1283 ,
2565 1205 2892 1265 secundum
2931 1203 3358 1266 humanitatem
3374 1225 3483 1284 per

562 1290 797 1352 vnionis
842 1287 1121 1367 gratiam:
1162 1307 1288 1350 non
1328 1288 1405 1348 de
1444 1285 1843 1365 dispensatiua
1884 1289 1939 1347 81
1977 1283 2264 1346 habituali
2304 1301 2458 1361 quae
2477 1293 2567 1344 est
2589 1295 2832 1346 naturae
2849 1287 3143 1346 humanae
3159 1329 3177 1364 ,
3209 1288 3266 1346 &
3286 1285 3483 1364 priore

564 1371 757 1432 minor
772 1417 789 1448 ,
829 1381 894 1429 vt
933 1378 1076 1446 pote
1120 1388 1193 1429 ex
1230 1367 1517 1428 habituali
1558 1365 1767 1443 gratia)
1809 1364 1911 1444 qui
1952 1383 2028 1424 ex
2066 1365 2350 1426 mandato
2391 1364 2612 1425 Diuino
2651 1364 2714 1424 in
2751 1363 2962 1426 Filium
2995 1363 3290 1426 credimus
3309 1368 3483 1426 Ioan.

560 1473 659 1524 14.
711 1471 763 1511 1.
803 1449 994 1526 (atqui
1032 1448 1380 1510 maledictus
1420 1447 1525 1525 qui
1564 1446 1805 1508 conficit
1842 1447 1905 1506 in
1942 1444 2234 1524 homine).
2272 1446 2398 1504 Ier.
2417 1464 2517 1521 31.
2539 1461 2592 1522 5.
2615 1445 2676 1505 in
2695 1464 2914 1506 nomen
2935 1444 3061 1506 eius
3081 1445 3480 1524 baptizamur,

566 1533 725 1592 stlat.
772 1534 865 1592 28.
914 1549 1005 1607 19.
1063 1527 1259 1605 (atqui
1296 1547 1420 1588 non
1461 1545 1662 1588 sumus
1702 1527 1765 1587 in
1808 1544 2030 1588 nomen
2070 1523 2262 1604 Pauli,
2299 1524 2362 1585 id
2401 1533 2488 1585 est
2501 1569 2518 1604 ,
2559 1534 2860 1587 creaturae
2902 1524 3199 1604 baptizati)
3248 1545 3297 1585 1.
3345 1525 3484 1588 Cor.

575 1633 625 1672 1.
694 1630 784 1687 13.
846 1625 980 1669 eum
1042 1609 1423 1686 inuocamus,
1481 1609 1639 1668 Heb.
1710 1627 1761 1667 1.
1825 1610 1882 1666 6.
1948 1627 2001 1666 2.
2049 1605 2188 1667 Cor.
2236 1625 2287 1666 1.
2334 1625 2387 1665 2.
2426 1603 2616 1681 (atqui
2655 1606 2858 1667 Deum
2896 1615 3164 1667 nostrum
3201 1607 3485 1698 adorare,

568 1691 797 1770 ipsique
836 1688 953 1750 soli
991 1689 1211 1748 seruire
1243 1686 1529 1748 debemus
1562 1689 1725 1747 Mat.
1758 1707 1815 1761 4.
1852 1706 1943 1746 10.
1975 1703 2238 1761 summa,
2269 1684 2542 1761 aequales
2575 1687 2714 1744 cum
2746 1687 2882 1746 Deo
2902 1687 3073 1746 Patre
3095 1687 3354 1747 honores
3375 1684 3486 1763 ipsi

569 1771 917 1846 deferimus,
950 1770 1123 1828 Ioan.
1151 1783 1204 1844 5.
1231 1786 1323 1843 23.
1360 1765 1523 1844 atqui
1540 1767 1791 1844 gloriam
1812 1783 1978 1826 suam
2001 1764 2168 1824 alteri
2185 1767 2348 1825 Deus
2369 1782 2493 1824 non
2515 1763 2650 1842 dat,
2683 1765 2798 1826 nisi
2814 1769 2976 1827 Deus
2997 1765 3100 1844 sit,
3133 1767 3283 1826 Esa.
3303 1785 3402 1838 42.
3425 1769 3485 1825 8.

653 1855 747 1911 28.
830 1851 926 1908 Ac
982 1847 1058 1908 de
1118 1845 1411 1907 attributis
1470 1847 1713 1925 quidem
1771 1848 2056 1907 hactenus
2071 1889 2087 1916 ,
2129 1854 2362 1922 praeter
2399 1845 2548 1905 haec
2586 1863 2796 1906 omnes
2824 1845 3207 1924 operationes
3248 1843 3488 1905 diuinae

570 1928 853 2008 (intellige
895 1947 993 1987 eas
1034 1942 1187 2004 quae
1226 1924 1565 1987 essentiales
1605 1937 1769 2004 sunt,
1811 1929 1867 1985 &
1906 1937 2182 1986 externae
2223 1922 2528 2002 dicuntur,
2569 1925 2731 2002 quOd
2752 1925 2893 1987 soris
2913 1923 3308 2004 perficiantur)
3329 1923 3486 1986 Filio

569 2009 748 2070 etiam
790 2007 1211 2067 attribuuntur:
1253 2008 1446 2066 Verus
1487 2005 1663 2084 igitur
1702 2009 1866 2067 Deus
1904 2015 1994 2066 est
2034 2022 2171 2065 cum
2218 2014 2384 2082 patre
2425 2004 2481 2063 &
2521 2005 2622 2082 Sp.
2664 2007 2912 2067 Sancto:
2955 2006 3060 2084 qui
3097 2005 3259 2066 enim
3278 2023 3487 2082 opera-

566 2089 730 2149 tione
773 2087 975 2148 diuina
1012 2104 1197 2146 vnum
1234 2097 1370 2147 sunt
1385 2131 1403 2164 ,
1445 2085 1695 2148 essentia
1736 2104 1917 2148 vnum
1956 2096 2108 2146 sunt.
2152 2083 2456 2146 Tribuitur
2494 2094 2690 2146 autem
2730 2084 2872 2146 filio.
2921 2107 2972 2147 1.
3011 2083 3224 2146 Mundi
3244 2084 3488 2146 creatio.

568 2172 741 2228 loan.
792 2188 842 2229 1.
884 2187 941 2244 3.
1001 2168 1159 2226 Heb.
1204 2183 1260 2244 5.
1308 2187 1398 2228 10.
1456 2169 1536 2226 Π.
1596 2165 1858 2227 eiusdem
1898 2165 2282 2245 gubernatio,
2321 2165 2478 2224 Heb.
2530 2184 2580 2224 1.
2628 2184 2682 2241 3.
2734 2167 2832 2229 Co.
2881 2187 2929 2226 1.
2969 2183 3062 2242 17.
3101 2168 3210 2226 ΠΙ.
3250 2165 3486 2241 Electio

570 2246 861 2327 fidelium,
900 2251 1073 2308 Joan.
1122 2266 1213 2324 13.
1263 2251 1355 2306 18.
1396 2247 1775 2324 Redemptio,
1824 2266 1877 2306 1.
1904 2249 2036 2306 Oor.
2064 2265 2116 2306 1.
2139 2264 2233 2321 30.
2277 2243 2658 2324 IustificatiO,
2688 2247 2847 2305 Mat.
2873 2267 2929 2323 9.
2949 2248 3008 2306 6.
3051 2243 3491 2325 SanctificatiO,

568 2329 787 2406 Ephes.
832 2343 883 2406 5.
931 2330 1025 2387 26.
1065 2327 1219 2389 vitae
1257 2337 1528 2388 aeternae
1568 2326 1848 2405 donatio,
1888 2327 2063 2386 Ioan.
2102 2327 2160 2387 6.
2202 2345 2259 2402 3.
2301 2322 2616 2403 iudicium,
2657 2326 2792 2388 Iob.
2816 2343 2867 2404 5.
2897 2347 2988 2388 22.
3009 2325 3310 2386 diuinitate
3329 2325 3486 2403 prin-

568 2407 834 2487 cipaliter
849 2455 867 2486 ,
906 2407 1271 2469 humanitate
1310 2405 1829 2469 instrumentaliter
1865 2409 1944 2468 ab
1984 2405 2118 2485 ipso
2161 2405 2622 2483 exsequendum.

656 2510 750 2567 29.
830 2490 1214 2550 Caeterarum
1276 2486 1689 2567 operationum
1750 2486 1828 2547 ad
1876 2496 2040 2547 extra
2081 2488 2220 2547 cum
2257 2486 2468 2547 eadem
2509 2485 2582 2546 sit
2620 2486 2771 2549 ratio
2788 2531 2806 2565 ,
2847 2488 3042 2565 plures
3081 2506 3205 2547 non
3245 2486 3486 2547 adduci-

572 2588 736 2630 mus:
796 2570 917 2630 hoc
967 2570 1047 2629 ad
1086 2569 1415 2648 argumenti
1455 2566 1966 2629 confirmationem
2005 2566 2308 2627 addimus:
2350 2567 2584 2627 Patrem
2625 2565 2868 2643 quidem
2910 2565 3292 2645 personaliter
3327 2586 3488 2627 erea-

570 2663 763 2711 torem
777 2694 795 2722 ‚
838 2647 1049 2710 Filium
1091 2650 1558 2727 redemptorem,
1601 2646 1881 2726 Spiritum
1922 2648 2210 2707 Sanctum
2244 2644 2764 2725 sanctificatorem,
2803 2644 2864 2706 in
2907 2644 3219 2723 Scripturis
3257 2647 3315 2706 S.
3338 2646 3486 2706 dici:

571 2749 695 2791 non
757 2748 830 2789 ea
890 2739 1089 2789 tamen
1150 2729 1379 2790 ratione
1394 2774 1411 2808 ,
1460 2738 1525 2788 vt
1562 2729 1675 2788 hae
1716 2726 2092 2805 operationes
2133 2725 2464 2787 secundum
2503 2746 2566 2787 se
2605 2726 2755 2787 inter
2795 2744 3076 2803 personas
3117 2724 3456 2786 diuidantur
3469 2772 3488 2805 ,

570 2830 643 2870 ac
698 2810 749 2869 si
788 2808 1135 2886 simpliciter
1174 2810 1515 2887 personales
1556 2818 1748 2869 essent
1762 2854 1779 2889 ,
1821 2812 1877 2869 81
1915 2804 2088 2867 vnius
2125 2824 2416 2885 personae
2453 2806 2755 2884 propriae,
2794 2823 2989 2883 neque
3027 2805 3391 2883 essentiales,
3431 2808 3491 2865 &

569 2890 755 2950 tribus
810 2887 1078 2967 personis
1118 2906 1468 2950 communes
1482 2933 1499 2967 ,
1538 2889 1658 2949 1102
1694 2898 1811 2967 est,
1850 2890 1887 2947 a
1928 2887 2236 2948 communi
2275 2885 2526 2946 termino
2566 2886 2818 2948 essentia
2855 2886 3056 2947 diuina
3095 2888 3486 2964 profluentes:

574 2970 681 3029 sed
738 2979 801 3028 vt
840 2967 1193 3029 adhibeatur
1232 2969 1459 3029 tantum
1499 2968 1561 3027 in
1600 2967 1669 3028 iis
1709 2966 2010 3029 distinctio
2053 2966 2376 3028 secundum
2417 2965 2801 3045 principalem
2839 2966 3097 3044 ipsarum
3137 2965 3456 3027 terminum
3473 3012 3491 3044 ,

572 3047 677 3126 qui
720 3049 1051 3109 secundum
1090 3047 1506 3109 oeconomiam
1544 3046 1811 3107 diuinam
1850 3048 2049 3125 aliqua
2086 3058 2174 3108 est
2213 3065 2499 3125 persona:
2541 3066 2680 3107 nam
2709 3047 3100 3108 communitas
3129 3044 3492 3124 operationis

582 3148 709 3188 non
762 3128 917 3188 tollit
962 3127 1319 3207 singularem
1359 3126 1809 3205 dispositionem
1848 3144 2236 3206 personarum
2275 3126 2426 3187 inter
2463 3146 2525 3187 se
2577 3128 2658 3187 ad
2697 3126 3052 3205 singularem
3091 3124 3492 3203 dispositionis

577 3207 732 3267 illius
770 3206 1089 3267 terminum
1128 3208 1191 3268 in
1230 3224 1586 3285 vnaquaque
1600 3253 1619 3286 ,
1658 3206 1796 3267 licet
1834 3207 2174 3286 communi,
2215 3203 2581 3287 operatipne.

657 3308 755 3363 30.
838 3288 982 3348 Vtvt
1039 3298 1239 3349 autem
1301 3290 1412 3349 hae
1470 3286 1843 3365 operationes
1907 3305 2257 3349 communes
2297 3285 2412 3347 sint
2450 3286 2659 3366 patris,
2700 3285 2830 3363 Filij
2872 3289 2928 3347 &
2968 3284 3215 3364 Spiritus
3256 3286 3459 3347 Sancti
3473 3332 3491 3363 ,

578 3386 701 3428 non
761 3366 931 3427 vnius
988 3386 1275 3445 personae
1334 3368 1685 3447 singulares:
1730 3367 2112 3429 nihilominus
2150 3378 2351 3429 tamen
2384 3370 2478 3443 (vt
2517 3367 2637 3427 1102
2674 3367 2850 3427 etiam
2890 3382 3235 3427 moneamus
3271 3365 3492 3441 obiter)

578 3464 780 3509 earum
840 3464 1225 3525 vnaquaeque
1285 3468 1403 3509 vna
1440 3466 1691 3509 numero
1733 3458 1849 3509 est:
1890 3458 1955 3508 vt
1996 3448 2154 3509 enim
2195 3446 2352 3508 actio
2392 3466 2512 3507 vna
2550 3464 2797 3508 numero
2838 3445 2912 3506 sit
2925 3492 2942 3525 ,
2983 3465 3107 3508 non
3147 3443 3458 3523 requiritur
3473 3492 3493 3519 ,

577 3539 643 3587 vt
682 3546 799 3587 vna
840 3526 916 3587 sit
953 3526 1329 3605 hypostatice
1371 3526 1662 3606 principio
1704 3532 1933 3603 (caussa
1973 3527 2133 3589 enim
2173 3526 2434 3590 efficiens
2475 3526 2552 3587 de
2591 3526 2916 3589 substantia
2952 3525 3200 3587 actionis
3235 3544 3360 3585 non
3379 3530 3493 3603 est)

579 3609 684 3668 sed
724 3608 873 3667 haec
912 3609 1173 3686 tantum,
1212 3618 1277 3669 vt
1316 3625 1466 3668 vnus
1504 3606 1578 3668 sit
1618 3617 1783 3669 actus
1823 3606 1946 3668 siue
1991 3606 2413 3686 communiter,
2455 3607 2581 3667 siue
2619 3604 3019 3687 singulariter,
3057 3623 3206 3667 vnus
3245 3608 3493 3666 effectus

580 3688 635 3747 &
654 3692 657 3697 '
677 3686 909 3747 modus,
973 3692 1044 3748 In
1079 3686 1172 3748 his
1215 3694 1360 3751 vero
1402 3686 1843 3766 operationibus
1884 3688 2035 3749 11222
2077 3688 2157 3748 ita
2196 3706 2261 3749 se
2299 3688 2522 3748 habent
2535 3732 2554 3763 ,
2595 3698 2658 3747 vt
2699 3697 2859 3765 patet
2896 3706 2970 3748 ex
3011 3686 3208 3748 verbis
3246 3684 3462 3747 Christi
3475 3732 3494 3761 ,

580 3769 791 3828 eadem
850 3787 914 3828 se
972 3767 1207 3847 operari
1265 3768 1542 3845 1112211115,
1604 3786 1757 3845 quae
1818 3778 2098 3846 operatur
2159 3779 2358 3846 pater,
2409 3788 2460 3829 1.
2499 3768 2670 3827 Ioan.
2717 3783 2770 3844 5.
2821 3788 2911 3845 19.
2951 3766 3162 3827 eadem
3200 3765 3492 3843 (inquam)

582 3866 831 3908 numero
871 3858 1036 3911 actus
1052 3893 1069 3926 ,
1110 3850 1381 3927 effectus,
1422 3850 1477 3907 &
1519 3847 1705 3909 modi.
1742 3851 1937 3909 Immo
1978 3849 2033 3907 81
2072 3859 2304 3925 praeter
2337 3849 2556 3909 horum
2575 3846 2856 3908 vnitatem
2876 3862 3266 3924 vnaquaeque
3285 3847 3492 3906 harum

582 3926 999 4005 operationum
1038 3926 1215 3989 etiam
1254 3948 1371 3989 vna
1410 3939 1496 3989 est
1534 3928 1839 3988 communi
1878 3926 2171 4006 principio
2213 3929 2380 4005 quod
2418 3938 2506 3988 est
2546 3926 2800 3988 essentia
2835 3925 3057 3988 diuin0.

662 4026 758 4083 31.
841 4008 935 4066 Ex
996 4007 1087 4069 his
1148 4026 1299 4086 quae
1355 4013 1393 4069 a
1432 4006 1607 4069 nobis
1644 4008 1803 4068 dicta
1840 4010 2128 4069 hactenus
2144 4053 2161 4086 ,
2202 4006 2534 4087 colligimus
2573 4009 2807 4068 Patrem
2847 4010 2902 4068 &
2941 4005 3153 4066 Filium
3193 4004 3494 4065 distinctae

582 4105 711 4147 esse
756 4086 1081 4157 ὑποςοίσεις
1097 4134 1114 4167 ,
1158 4088 1328 4150 vnius
1366 4099 1564 4149 tamen
1604 4087 1986 4166 eiusdemque
2023 4087 2338 4149 essentiae:
2377 4086 2633 4165 ideoque
2671 4086 2822 4148 sicut
2845 4095 3010 4164 pater
3028 4101 3202 4146 verus
3222 4104 3293 4145 ac
3312 4094 3496 4145 aeter-

584 4184 693 4225 nus
752 4166 914 4225 Deus
972 4177 1091 4240 est,
1152 4167 1237 4230 sic
1296 4172 1353 4229 &
1400 4168 1585 4229 filium
1620 4186 1826 4229 verum
1867 4178 2288 4245 aeternumque
2327 4169 2522 4227 Deum
2565 4186 2719 4240 esse,
2763 4167 2824 4227 in
2865 4164 3214 4227 omnimoda
3250 4174 3494 4225 naturae

583 4242 887 4305 identitate
926 4246 1077 4324 patri
1116 4244 1460 4325 ὅμοοῦσιον,
1498 4251 1556 4308 81
1596 4250 1986 4326 coaequalem
2025 4258 2372 4327 vtrumque,
2407 4249 2603 4307 Deum
2644 4266 2828 4307 vnum
2867 4249 2925 4306 &
2945 4245 3156 4307 solum.
3197 4247 3528 4323 Restaret,·

584 4336 647 4391 vt
706 4333 931 4406 patrem
990 4328 1026 4385 a
1078 4326 1199 4386 filio
1239 4328 1597 4405 proprietate
1636 4339 1764 4388 tum
1804 4328 2066 4409 interna,
2105 4338 2231 4390 tum
2269 4338 2510 4390 externa
2551 4331 2606 4388 &
2647 4326 2855 4389 ordine
2895 4325 2956 4387 in
2996 4324 3500 4465 subsistend0,d&

3186 4424 3413 4485 operan
3456 4423 3497 4465 0
