<?xml version="1.0" encoding="UTF-8"?>
<!DOCTYPE html PUBLIC "-//W3C//DTD XHTML 1.0 Transitional//EN"
    "http://www.w3.org/TR/xhtml1/DTD/xhtml1-transitional.dtd">
<html xmlns="http://www.w3.org/1999/xhtml" xml:lang="en" lang="en">
 <head>
  <title>
</title>
<meta http-equiv="Content-Type" content="text/html;charset=utf-8" />
  <meta name='ocr-system' content='tesseract 3.04.00' />
  <meta name='ocr-capabilities' content='ocr_page ocr_carea ocr_par ocr_line ocrx_word'/>
</head>
<body>
  <div class='ocr_page' id='page_1' title='image "./dfranciscijunii00junigoog_0349.png"; bbox 0 0 3923 4875; ppageno 0'>
   <div class='ocr_carea' id='block_1_1' title="bbox 592 311 2580 412">
    <p class='ocr_par' dir='ltr' id='par_1_1' title="bbox 592 311 2580 412">
     <span class='ocr_line' id='line_1_1' title="bbox 592 311 2580 412; baseline -0.004 -19"><span class='ocrx_word' id='word_1_1' title='bbox 592 311 709 412; x_wconf 50' lang='lat'>:⁸3²²</span> <span class='ocrx_word' id='word_1_2' title='bbox 1538 337 1871 390; x_wconf 62' lang='lat' dir='ltr'>‘rursu</span> <span class='ocrx_word' id='word_1_3' title='bbox 1927 321 2580 388; x_wconf 56' lang='lat' dir='ltr'>mancionem.</span> 
     </span>
    </p>
   </div>
   <div class='ocr_carea' id='block_1_2' title="bbox 591 495 3524 2180">
    <p class='ocr_par' dir='ltr' id='par_1_2' title="bbox 591 495 3524 824">
     <span class='ocr_line' id='line_1_2' title="bbox 679 495 3524 584; baseline -0.004 -18"><span class='ocrx_word' id='word_1_4' title='bbox 679 525 775 584; x_wconf 81' lang='lat'>33.</span> <span class='ocrx_word' id='word_1_5' title='bbox 858 507 1013 566; x_wconf 73' lang='lat' dir='ltr'>Nam</span> <span class='ocrx_word' id='word_1_6' title='bbox 1074 521 1271 584; x_wconf 80' lang='lat' dir='ltr'>neque</span> <span class='ocrx_word' id='word_1_7' title='bbox 1323 503 1649 582; x_wconf 70' lang='lat' dir='ltr'>potentiam</span> <span class='ocrx_word' id='word_1_8' title='bbox 1703 501 1862 564; x_wconf 71' lang='lat' dir='ltr'>illam</span> <span class='ocrx_word' id='word_1_9' title='bbox 1902 501 2082 562; x_wconf 83' lang='lat' dir='ltr'>habet</span> <span class='ocrx_word' id='word_1_10' title='bbox 2121 499 2180 563; x_wconf 85' lang='lat' dir='ltr'>in</span> <span class='ocrx_word' id='word_1_11' title='bbox 2223 518 2350 560; x_wconf 77' lang='lat' dir='ltr'>sese</span> <span class='ocrx_word' id='word_1_12' title='bbox 2391 501 2588 576; x_wconf 79' lang='lat' dir='ltr'>Deus,</span> <span class='ocrx_word' id='word_1_13' title='bbox 2629 513 2784 574; x_wconf 69' lang='lat' dir='ltr'>quae</span> <span class='ocrx_word' id='word_1_14' title='bbox 2823 513 2932 574; x_wconf 87' lang='lat' dir='ltr'>per</span> <span class='ocrx_word' id='word_1_15' title='bbox 2969 497 3162 575; x_wconf 78' lang='lat' dir='ltr'>ipsum</span> <span class='ocrx_word' id='word_1_16' title='bbox 3199 509 3302 558; x_wconf 79' lang='lat' dir='ltr'>aut</span> <span class='ocrx_word' id='word_1_17' title='bbox 3341 495 3524 559; x_wconf 82' lang='lat' dir='ltr'>alium</span> 
     </span>
     <span class='ocr_line' id='line_1_3' title="bbox 591 578 3518 663; baseline -0.003 -15"><span class='ocrx_word' id='word_1_18' title='bbox 591 588 665 648; x_wconf 87' lang='lat' dir='ltr'>sit</span> <span class='ocrx_word' id='word_1_19' title='bbox 728 585 1026 647; x_wconf 87' lang='lat' dir='ltr'>mutabilis</span> <span class='ocrx_word' id='word_1_20' title='bbox 1043 630 1060 663; x_wconf 90' lang='lat'>,</span> <span class='ocrx_word' id='word_1_21' title='bbox 1120 601 1315 662; x_wconf 86' lang='lat' dir='ltr'>neque</span> <span class='ocrx_word' id='word_1_22' title='bbox 1378 581 1903 660; x_wconf 83' lang='lat' dir='ltr'>compositionem,</span> <span class='ocrx_word' id='word_1_23' title='bbox 1965 597 2161 657; x_wconf 87' lang='lat' dir='ltr'>neque</span> <span class='ocrx_word' id='word_1_24' title='bbox 2215 578 2656 641; x_wconf 82' lang='lat' dir='ltr'>ordinationem</span> <span class='ocrx_word' id='word_1_25' title='bbox 2707 579 2789 640; x_wconf 80' lang='lat' dir='ltr'>ad</span> <span class='ocrx_word' id='word_1_26' title='bbox 2843 579 3022 645; x_wconf 82' lang='lat' dir='ltr'>finem</span> <span class='ocrx_word' id='word_1_27' title='bbox 3061 591 3227 636; x_wconf 82' lang='lat' dir='ltr'>extra</span> <span class='ocrx_word' id='word_1_28' title='bbox 3263 595 3354 648; x_wconf 84' lang='lat' dir='ltr'>se,</span> <span class='ocrx_word' id='word_1_29' title='bbox 3397 595 3518 654; x_wconf 82' lang='lat' dir='ltr'>qua</span> 
     </span>
     <span class='ocr_line' id='line_1_4' title="bbox 592 657 3514 751; baseline -0.003 -24"><span class='ocrx_word' id='word_1_30' title='bbox 592 666 919 728; x_wconf 74' lang='lat' dir='ltr'>secundum</span> <span class='ocrx_word' id='word_1_31' title='bbox 966 664 1319 726; x_wconf 83' lang='lat' dir='ltr'>electionem</span> <span class='ocrx_word' id='word_1_32' title='bbox 1372 674 1473 724; x_wconf 78' lang='lat' dir='ltr'>aut</span> <span class='ocrx_word' id='word_1_33' title='bbox 1526 665 1725 724; x_wconf 85' lang='lat' dir='ltr'>locum</span> <span class='ocrx_word' id='word_1_34' title='bbox 1780 662 2092 751; x_wconf 78' lang='lat' dir='ltr'><strong>pertendat</strong></span> <span class='ocrx_word' id='word_1_35' title='bbox 2143 661 2222 720; x_wconf 87' lang='lat' dir='ltr'>ad</span> <span class='ocrx_word' id='word_1_36' title='bbox 2271 677 2398 727; x_wconf 75' lang='lat' dir='ltr'>rem</span> <span class='ocrx_word' id='word_1_37' title='bbox 2439 661 2616 718; x_wconf 81' lang='lat' dir='ltr'>vnam</span> <span class='ocrx_word' id='word_1_38' title='bbox 2653 675 2836 735; x_wconf 82' lang='lat' dir='ltr'>quam</span> <span class='ocrx_word' id='word_1_39' title='bbox 2875 657 3036 735; x_wconf 88' lang='lat' dir='ltr'>prius</span> <span class='ocrx_word' id='word_1_40' title='bbox 3079 677 3204 718; x_wconf 84' lang='lat' dir='ltr'>non</span> <span class='ocrx_word' id='word_1_41' title='bbox 3239 657 3514 735; x_wconf 81' lang='lat' dir='ltr'>attigerit.</span> 
     </span>
     <span class='ocr_line' id='line_1_5' title="bbox 591 737 2674 824; baseline -0.005 -17"><span class='ocrx_word' id='word_1_42' title='bbox 591 748 700 807; x_wconf 86' lang='lat' dir='ltr'>Est</span> <span class='ocrx_word' id='word_1_43' title='bbox 740 745 895 806; x_wconf 90' lang='lat' dir='ltr'>enim</span> <span class='ocrx_word' id='word_1_44' title='bbox 936 743 1392 824; x_wconf 85' lang='lat' dir='ltr'>perfectissimus</span> <span class='ocrx_word' id='word_1_45' title='bbox 1406 787 1424 820; x_wconf 85' lang='lat'>‚</span> <span class='ocrx_word' id='word_1_46' title='bbox 1468 741 1745 818; x_wconf 76' lang='lat' dir='ltr'>idemque</span> <span class='ocrx_word' id='word_1_47' title='bbox 1784 739 2046 802; x_wconf 78' lang='lat' dir='ltr'>infinitus</span> <span class='ocrx_word' id='word_1_48' title='bbox 2083 743 2140 800; x_wconf 79' lang='grc' dir='ltr'>δι</span> <span class='ocrx_word' id='word_1_49' title='bbox 2181 741 2413 816; x_wconf 84' lang='lat' dir='ltr'>replens</span> <span class='ocrx_word' id='word_1_50' title='bbox 2453 737 2674 800; x_wconf 86' lang='lat' dir='ltr'>omnia.</span> 
     </span>
    </p>

    <p class='ocr_par' dir='ltr' id='par_1_3' title="bbox 592 814 3514 980">
     <span class='ocr_line' id='line_1_6' title="bbox 675 814 3514 902; baseline -0.004 -17"><span class='ocrx_word' id='word_1_51' title='bbox 675 843 770 902; x_wconf 81' lang='lat'>34.</span> <span class='ocrx_word' id='word_1_52' title='bbox 852 823 1165 902; x_wconf 77' lang='lat' dir='ltr'>Temporis</span> <span class='ocrx_word' id='word_1_53' title='bbox 1212 835 1411 884; x_wconf 73' lang='lat' dir='ltr'>autem</span> <span class='ocrx_word' id='word_1_54' title='bbox 1464 825 1559 884; x_wconf 81' lang='lat' dir='ltr'>vel</span> <span class='ocrx_word' id='word_1_55' title='bbox 1604 818 1992 884; x_wconf 81' lang='lat' dir='ltr'>successionis</span> <span class='ocrx_word' id='word_1_56' title='bbox 2037 819 2362 881; x_wconf 76' lang='lat' dir='ltr'>secundum</span> <span class='ocrx_word' id='word_1_57' title='bbox 2403 829 2636 896; x_wconf 87' lang='lat' dir='ltr'>tempus</span> <span class='ocrx_word' id='word_1_58' title='bbox 2673 815 2820 879; x_wconf 84' lang='lat' dir='ltr'>nihil</span> <span class='ocrx_word' id='word_1_59' title='bbox 2859 814 3050 878; x_wconf 60' lang='lat' dir='ltr'>inesse</span> <span class='ocrx_word' id='word_1_60' title='bbox 3089 819 3258 890; x_wconf 85' lang='lat' dir='ltr'>Deo,</span> <span class='ocrx_word' id='word_1_61' title='bbox 3296 818 3434 877; x_wconf 80' lang='lat' dir='ltr'>cum</span> <span class='ocrx_word' id='word_1_62' title='bbox 3476 820 3514 874; x_wconf 70' lang='grc' dir='ltr'>ὲ</span> 
     </span>
     <span class='ocr_line' id='line_1_7' title="bbox 592 898 2528 980; baseline -0.003 -14"><span class='ocrx_word' id='word_1_63' title='bbox 592 921 801 968; x_wconf 74' lang='lat' dir='ltr'>natura</span> <span class='ocrx_word' id='word_1_64' title='bbox 840 904 1195 966; x_wconf 67' lang='lat' dir='ltr'>aeternitatis</span> <span class='ocrx_word' id='word_1_65' title='bbox 1211 949 1231 980; x_wconf 87' lang='lat'>.‚</span> <span class='ocrx_word' id='word_1_66' title='bbox 1274 915 1399 964; x_wconf 89' lang='lat' dir='ltr'>tum</span> <span class='ocrx_word' id='word_1_67' title='bbox 1438 905 1477 961; x_wconf 75' lang='grc' dir='ltr'><strong>ὲ</strong></span> <span class='ocrx_word' id='word_1_68' title='bbox 1514 911 1725 964; x_wconf 79' lang='lat' dir='ltr'>natura</span> <span class='ocrx_word' id='word_1_69' title='bbox 1766 900 1883 960; x_wconf 92' lang='lat' dir='ltr'>Dei</span> <span class='ocrx_word' id='word_1_70' title='bbox 1922 898 2104 978; x_wconf 84' lang='lat' dir='ltr'>ipsius</span> <span class='ocrx_word' id='word_1_71' title='bbox 2143 898 2528 960; x_wconf 54' lang='lat' dir='ltr'>ostendimus</span> 
     </span>
    </p>

    <p class='ocr_par' dir='ltr' id='par_1_4' title="bbox 602 975 3514 1142">
     <span class='ocr_line' id='line_1_8' title="bbox 673 975 3514 1062; baseline -0.004 -17"><span class='ocrx_word' id='word_1_72' title='bbox 673 1005 707 1062; x_wconf 79' lang='lat'>3</span> <span class='ocrx_word' id='word_1_73' title='bbox 716 1001 770 1062; x_wconf 85' lang='lat'>5.</span> <span class='ocrx_word' id='word_1_74' title='bbox 852 987 959 1046; x_wconf 81' lang='lat' dir='ltr'>Est</span> <span class='ocrx_word' id='word_1_75' title='bbox 994 983 1156 1045; x_wconf 75' lang='lat' dir='ltr'>enim</span> <span class='ocrx_word' id='word_1_76' title='bbox 1191 983 1505 1045; x_wconf 71' lang='lat' dir='ltr'><strong>aeternitas</strong></span> <span class='ocrx_word' id='word_1_77' title='bbox 1544 986 1632 1058; x_wconf 85' lang='lat' dir='ltr'>(vt</span> <span class='ocrx_word' id='word_1_78' title='bbox 1670 979 1911 1040; x_wconf 61' lang='lat' dir='ltr'>Boetius</span> <span class='ocrx_word' id='word_1_79' title='bbox 1952 977 2185 1056; x_wconf 85' lang='lat' dir='ltr'>definit)</span> <span class='ocrx_word' id='word_1_80' title='bbox 2227 977 2670 1041; x_wconf 82' lang='lat' dir='ltr'>interminabilis</span> <span class='ocrx_word' id='word_1_81' title='bbox 2712 975 2866 1038; x_wconf 75' lang='lat' dir='ltr'>vitae</span> <span class='ocrx_word' id='word_1_82' title='bbox 2903 987 3030 1038; x_wconf 85' lang='lat' dir='ltr'>tota</span> <span class='ocrx_word' id='word_1_83' title='bbox 3067 977 3250 1040; x_wconf 80' lang='lat' dir='ltr'>simul</span> <span class='ocrx_word' id='word_1_84' title='bbox 3287 979 3344 1036; x_wconf 70' lang='grc' dir='ltr'>ἃ</span> <span class='ocrx_word' id='word_1_85' title='bbox 3383 995 3514 1054; x_wconf 85' lang='lat' dir='ltr'>per-</span> 
     </span>
     <span class='ocr_line' id='line_1_9' title="bbox 602 1063 1109 1142; baseline -0.002 -16"><span class='ocrx_word' id='word_1_86' title='bbox 602 1069 755 1128; x_wconf 85' lang='lat' dir='ltr'>fecta</span> <span class='ocrx_word' id='word_1_87' title='bbox 792 1063 1109 1142; x_wconf 76' lang='lat' dir='ltr'>possessio·</span> 
     </span>
    </p>

    <p class='ocr_par' dir='ltr' id='par_1_5' title="bbox 592 1134 3514 1303">
     <span class='ocr_line' id='line_1_10' title="bbox 674 1134 3514 1221; baseline -0.003 -17"><span class='ocrx_word' id='word_1_88' title='bbox 674 1147 771 1221; x_wconf 73' lang='lat'>36.</span> <span class='ocrx_word' id='word_1_89' title='bbox 854 1145 947 1204; x_wconf 85' lang='lat' dir='ltr'>Eo</span> <span class='ocrx_word' id='word_1_90' title='bbox 986 1153 1187 1204; x_wconf 78' lang='lat' dir='ltr'>autem</span> <span class='ocrx_word' id='word_1_91' title='bbox 1224 1143 1393 1220; x_wconf 78' lang='lat' dir='ltr'>quod</span> <span class='ocrx_word' id='word_1_92' title='bbox 1428 1152 1557 1204; x_wconf 79' lang='lat' dir='ltr'>tota</span> <span class='ocrx_word' id='word_1_93' title='bbox 1594 1141 1767 1204; x_wconf 73' lang='lat' dir='ltr'>simul</span> <span class='ocrx_word' id='word_1_94' title='bbox 1806 1157 1935 1202; x_wconf 79' lang='lat' dir='ltr'>esse</span> <span class='ocrx_word' id='word_1_95' title='bbox 1969 1138 2219 1217; x_wconf 82' lang='lat' dir='ltr'>dicitur,</span> <span class='ocrx_word' id='word_1_96' title='bbox 2259 1137 2322 1198; x_wconf 91' lang='lat' dir='ltr'>id</span> <span class='ocrx_word' id='word_1_97' title='bbox 2361 1148 2482 1215; x_wconf 81' lang='lat' dir='ltr'>est,</span> <span class='ocrx_word' id='word_1_98' title='bbox 2523 1141 2630 1214; x_wconf 72' lang='grc' dir='ltr'>ὅλη</span> <span class='ocrx_word' id='word_1_99' title='bbox 2670 1140 2916 1213; x_wconf 61' lang='grc' dir='ltr'>συνεχής</span> <span class='ocrx_word' id='word_1_100' title='bbox 2953 1135 3195 1214; x_wconf 78' lang='lat' dir='ltr'>spiritali</span> <span class='ocrx_word' id='word_1_101' title='bbox 3213 1134 3514 1216; x_wconf 72' lang='lat' dir='ltr'>⁸continui-</span> 
     </span>
     <span class='ocr_line' id='line_1_11' title="bbox 592 1218 2152 1303; baseline -0.005 -16"><span class='ocrx_word' id='word_1_102' title='bbox 592 1237 743 1303; x_wconf 77' lang='lat' dir='ltr'>tate,</span> <span class='ocrx_word' id='word_1_103' title='bbox 788 1223 1163 1285; x_wconf 76' lang='lat' dir='ltr'>successione</span> <span class='ocrx_word' id='word_1_104' title='bbox 1202 1220 1485 1300; x_wconf 71' lang='lat' dir='ltr'>temporis</span> <span class='ocrx_word' id='word_1_105' title='bbox 1524 1239 1727 1283; x_wconf 79' lang='lat' dir='ltr'>carere</span> <span class='ocrx_word' id='word_1_106' title='bbox 1764 1218 2152 1282; x_wconf 74' lang='lat' dir='ltr'>ostendimus.</span> 
     </span>
    </p>

    <p class='ocr_par' dir='ltr' id='par_1_6' title="bbox 594 1294 3518 1542">
     <span class='ocr_line' id='line_1_12' title="bbox 674 1294 3516 1382; baseline -0.003 -16"><span class='ocrx_word' id='word_1_107' title='bbox 674 1323 771 1382; x_wconf 83' lang='grc'>37.</span> <span class='ocrx_word' id='word_1_108' title='bbox 852 1303 1007 1365; x_wconf 77' lang='lat' dir='ltr'>Cum</span> <span class='ocrx_word' id='word_1_109' title='bbox 1046 1314 1245 1363; x_wconf 81' lang='lat' dir='ltr'>autem</span> <span class='ocrx_word' id='word_1_110' title='bbox 1282 1303 1365 1363; x_wconf 83' lang='lat' dir='ltr'>ita</span> <span class='ocrx_word' id='word_1_111' title='bbox 1406 1301 1479 1362; x_wconf 89' lang='lat' dir='ltr'>sit</span> <span class='ocrx_word' id='word_1_112' title='bbox 1518 1305 1556 1362; x_wconf 76' lang='grc' dir='ltr'>ὲ,</span> <span class='ocrx_word' id='word_1_113' title='bbox 1598 1313 1805 1361; x_wconf 84' lang='lat' dir='ltr'>natura</span> <span class='ocrx_word' id='word_1_114' title='bbox 1845 1301 2036 1374; x_wconf 84' lang='lat' dir='ltr'>Deus,</span> <span class='ocrx_word' id='word_1_115' title='bbox 2081 1311 2141 1358; x_wconf 85' lang='lat' dir='ltr'>vt</span> <span class='ocrx_word' id='word_1_116' title='bbox 2183 1297 2310 1375; x_wconf 90' lang='lat' dir='ltr'>ipse</span> <span class='ocrx_word' id='word_1_117' title='bbox 2353 1297 2504 1357; x_wconf 74' lang='lat' dir='ltr'>vitae</span> <span class='ocrx_word' id='word_1_118' title='bbox 2546 1294 2989 1357; x_wconf 84' lang='lat' dir='ltr'>interminabilis</span> <span class='ocrx_word' id='word_1_119' title='bbox 3028 1305 3216 1356; x_wconf 89' lang='lat' dir='ltr'>totam</span> <span class='ocrx_word' id='word_1_120' title='bbox 3253 1294 3428 1360; x_wconf 84' lang='lat' dir='ltr'>simul</span> <span class='ocrx_word' id='word_1_121' title='bbox 3463 1299 3516 1358; x_wconf 74' lang='grc' dir='ltr'>δι</span> 
     </span>
     <span class='ocr_line' id='line_1_13' title="bbox 594 1375 3518 1463; baseline -0.004 -18"><span class='ocrx_word' id='word_1_122' title='bbox 594 1385 919 1463; x_wconf 71' lang='lat' dir='ltr'>perfectum</span> <span class='ocrx_word' id='word_1_123' title='bbox 959 1381 1391 1461; x_wconf 70' lang='lat' dir='ltr'>possessionan</span> <span class='ocrx_word' id='word_1_124' title='bbox 1430 1382 1673 1459; x_wconf 75' lang='lat' dir='ltr'>habeat,</span> <span class='ocrx_word' id='word_1_125' title='bbox 1704 1384 1767 1442; x_wconf 68' lang='grc' dir='ltr'><strong>ἃ</strong></span> <span class='ocrx_word' id='word_1_126' title='bbox 1806 1379 1932 1458; x_wconf 80' lang='lat' dir='ltr'>ipse</span> <span class='ocrx_word' id='word_1_127' title='bbox 1973 1378 2094 1442; x_wconf 77' lang='lat' dir='ltr'>vita</span> <span class='ocrx_word' id='word_1_128' title='bbox 2131 1387 2369 1440; x_wconf 84' lang='lat' dir='ltr'>aeterna</span> <span class='ocrx_word' id='word_1_129' title='bbox 2408 1377 2511 1456; x_wconf 84' lang='lat' dir='ltr'>sit,</span> <span class='ocrx_word' id='word_1_130' title='bbox 2551 1395 2626 1438; x_wconf 80' lang='lat' dir='ltr'>ex</span> <span class='ocrx_word' id='word_1_131' title='bbox 2655 1395 2730 1438; x_wconf 91' lang='lat' dir='ltr'>eo</span> <span class='ocrx_word' id='word_1_132' title='bbox 2751 1386 3054 1438; x_wconf 82' lang='lat' dir='ltr'>aeternum</span> <span class='ocrx_word' id='word_1_133' title='bbox 3073 1395 3200 1436; x_wconf 87' lang='lat' dir='ltr'>esse</span> <span class='ocrx_word' id='word_1_134' title='bbox 3217 1375 3518 1454; x_wconf 74' lang='lat' dir='ltr'>sempiter-</span> 
     </span>
     <span class='ocr_line' id='line_1_14' title="bbox 597 1463 1329 1542; baseline -0.001 -18"><span class='ocrx_word' id='word_1_135' title='bbox 597 1469 861 1542; x_wconf 76' lang='lat' dir='ltr'>numque</span> <span class='ocrx_word' id='word_1_136' title='bbox 898 1463 1329 1526; x_wconf 62' lang='lat' dir='ltr'>concludimus·</span> 
     </span>
    </p>

    <p class='ocr_par' dir='ltr' id='par_1_7' title="bbox 594 1535 3518 1696">
     <span class='ocr_line' id='line_1_15' title="bbox 674 1535 3518 1621; baseline -0.004 -17"><span class='ocrx_word' id='word_1_137' title='bbox 674 1547 771 1621; x_wconf 75' lang='grc'>38.</span> <span class='ocrx_word' id='word_1_138' title='bbox 854 1545 1055 1620; x_wconf 81' lang='lat' dir='ltr'>Atque</span> <span class='ocrx_word' id='word_1_139' title='bbox 1113 1545 1263 1604; x_wconf 80' lang='lat' dir='ltr'>haec</span> <span class='ocrx_word' id='word_1_140' title='bbox 1320 1541 1522 1604; x_wconf 84' lang='lat' dir='ltr'>omnia</span> <span class='ocrx_word' id='word_1_141' title='bbox 1580 1539 1657 1602; x_wconf 89' lang='lat' dir='ltr'>de</span> <span class='ocrx_word' id='word_1_142' title='bbox 1718 1541 1851 1600; x_wconf 90' lang='lat' dir='ltr'>Deo</span> <span class='ocrx_word' id='word_1_143' title='bbox 1910 1539 1992 1600; x_wconf 81' lang='lat' dir='ltr'>ita</span> <span class='ocrx_word' id='word_1_144' title='bbox 2045 1539 2105 1598; x_wconf 86' lang='lat' dir='ltr'>in</span> <span class='ocrx_word' id='word_1_145' title='bbox 2147 1540 2258 1598; x_wconf 82' lang='lat' dir='ltr'>hac</span> <span class='ocrx_word' id='word_1_146' title='bbox 2299 1535 2694 1615; x_wconf 79' lang='lat' dir='ltr'>descriptione</span> <span class='ocrx_word' id='word_1_147' title='bbox 2737 1547 2937 1596; x_wconf 86' lang='lat' dir='ltr'>nostra</span> <span class='ocrx_word' id='word_1_148' title='bbox 2977 1535 3414 1613; x_wconf 74' lang='lat' dir='ltr'>praedicamus,</span> <span class='ocrx_word' id='word_1_149' title='bbox 3457 1546 3518 1594; x_wconf 86' lang='lat' dir='ltr'>vt</span> 
     </span>
     <span class='ocr_line' id='line_1_16' title="bbox 594 1613 3518 1696; baseline -0.003 -12"><span class='ocrx_word' id='word_1_150' title='bbox 594 1622 907 1686; x_wconf 73' lang='lat' dir='ltr'>essentiam</span> <span class='ocrx_word' id='word_1_151' title='bbox 929 1625 1061 1685; x_wconf 72' lang='lat' dir='ltr'>eius</span> <span class='ocrx_word' id='word_1_152' title='bbox 1087 1621 1321 1684; x_wconf 75' lang='lat' dir='ltr'>vnicam</span> <span class='ocrx_word' id='word_1_153' title='bbox 1346 1642 1475 1686; x_wconf 76' lang='lat' dir='ltr'>ease</span> <span class='ocrx_word' id='word_1_154' title='bbox 1502 1623 1705 1682; x_wconf 63' lang='lat' dir='ltr'>sancte</span> <span class='ocrx_word' id='word_1_155' title='bbox 1733 1639 1807 1682; x_wconf 78' lang='lat' dir='ltr'>ex</span> <span class='ocrx_word' id='word_1_156' title='bbox 1832 1616 2182 1680; x_wconf 81' lang='lat' dir='ltr'>auctoritate</span> <span class='ocrx_word' id='word_1_157' title='bbox 2215 1619 2551 1696; x_wconf 77' lang='lat' dir='ltr'>Scripturae</span> <span class='ocrx_word' id='word_1_158' title='bbox 2579 1619 2635 1676; x_wconf 89' lang='lat'>&amp;</span> <span class='ocrx_word' id='word_1_159' title='bbox 2668 1614 2893 1676; x_wconf 84' lang='lat' dir='ltr'>ratione</span> <span class='ocrx_word' id='word_1_160' title='bbox 2925 1613 3052 1692; x_wconf 85' lang='lat' dir='ltr'>ipsa</span> <span class='ocrx_word' id='word_1_161' title='bbox 3071 1634 3518 1694; x_wconf 76' lang='lat' dir='ltr'>cognoscamus·</span> 
     </span>
    </p>

    <p class='ocr_par' dir='ltr' id='par_1_8' title="bbox 594 1695 3520 1940">
     <span class='ocr_line' id='line_1_17' title="bbox 675 1695 3518 1783; baseline -0.002 -21"><span class='ocrx_word' id='word_1_162' title='bbox 675 1722 771 1781; x_wconf 87' lang='lat'>39.</span> <span class='ocrx_word' id='word_1_163' title='bbox 854 1705 1011 1764; x_wconf 88' lang='lat' dir='ltr'>Nam</span> <span class='ocrx_word' id='word_1_164' title='bbox 1072 1704 1258 1762; x_wconf 84' lang='lat' dir='ltr'>multa</span> <span class='ocrx_word' id='word_1_165' title='bbox 1314 1703 1589 1783; x_wconf 72' lang='grc' dir='ltr'>ὑπεργενῆ</span> <span class='ocrx_word' id='word_1_166' title='bbox 1640 1699 1797 1760; x_wconf 83' lang='lat' dir='ltr'>entia</span> <span class='ocrx_word' id='word_1_167' title='bbox 1814 1747 1832 1777; x_wconf 82' lang='lat'>.,</span> <span class='ocrx_word' id='word_1_168' title='bbox 1873 1717 2104 1760; x_wconf 84' lang='lat' dir='ltr'>summa</span> <span class='ocrx_word' id='word_1_169' title='bbox 2119 1743 2137 1776; x_wconf 89' lang='lat'>,</span> <span class='ocrx_word' id='word_1_170' title='bbox 2183 1699 2532 1777; x_wconf 76' lang='grc' dir='ltr'>ὖπεροῦσια,</span> <span class='ocrx_word' id='word_1_171' title='bbox 2574 1695 3027 1774; x_wconf 76' lang='lat' dir='ltr'>simplicissima,</span> <span class='ocrx_word' id='word_1_172' title='bbox 3069 1695 3488 1774; x_wconf 81' lang='lat' dir='ltr'>perfectissima</span> <span class='ocrx_word' id='word_1_173' title='bbox 3502 1741 3518 1772; x_wconf 81' lang='grc'><em>,</em></span> 
     </span>
     <span class='ocr_line' id='line_1_18' title="bbox 594 1775 3520 1861; baseline -0.003 -17"><span class='ocrx_word' id='word_1_174' title='bbox 594 1783 849 1861; x_wconf 74' lang='lat' dir='ltr'>optima,</span> <span class='ocrx_word' id='word_1_175' title='bbox 894 1782 1151 1858; x_wconf 60' lang='lat' dir='ltr'>infinita,</span> <span class='ocrx_word' id='word_1_176' title='bbox 1190 1781 1613 1859; x_wconf 67' lang='lat' dir='ltr'>nnmutabilia,</span> <span class='ocrx_word' id='word_1_177' title='bbox 1648 1787 2010 1858; x_wconf 70' lang='lat' dir='ltr'>aeternaque</span> <span class='ocrx_word' id='word_1_178' title='bbox 2045 1779 2180 1840; x_wconf 75' lang='lat' dir='ltr'>dari</span> <span class='ocrx_word' id='word_1_179' title='bbox 2216 1795 2342 1839; x_wconf 86' lang='lat' dir='ltr'>non</span> <span class='ocrx_word' id='word_1_180' title='bbox 2371 1787 2623 1854; x_wconf 83' lang='lat' dir='ltr'>possunt</span> <span class='ocrx_word' id='word_1_181' title='bbox 2653 1775 2848 1854; x_wconf 81' lang='lat' dir='ltr'>primo</span> <span class='ocrx_word' id='word_1_182' title='bbox 2885 1777 2941 1834; x_wconf 90' lang='lat'>&amp;</span> <span class='ocrx_word' id='word_1_183' title='bbox 2972 1793 3077 1854; x_wconf 91' lang='lat' dir='ltr'>per</span> <span class='ocrx_word' id='word_1_184' title='bbox 3109 1795 3201 1836; x_wconf 86' lang='lat' dir='ltr'>se:</span> <span class='ocrx_word' id='word_1_185' title='bbox 3229 1776 3338 1835; x_wconf 87' lang='lat' dir='ltr'>sed</span> <span class='ocrx_word' id='word_1_186' title='bbox 3358 1778 3520 1836; x_wconf 86' lang='lat' dir='ltr'>Deus</span> 
     </span>
     <span class='ocr_line' id='line_1_19' title="bbox 597 1855 3032 1940; baseline -0.003 -18"><span class='ocrx_word' id='word_1_187' title='bbox 597 1880 749 1922; x_wconf 86' lang='lat' dir='ltr'>vnus</span> <span class='ocrx_word' id='word_1_188' title='bbox 789 1863 952 1926; x_wconf 82' lang='lat' dir='ltr'>solus</span> <span class='ocrx_word' id='word_1_189' title='bbox 990 1863 1047 1922; x_wconf 74' lang='grc' dir='ltr'>δι</span> <span class='ocrx_word' id='word_1_190' title='bbox 1084 1881 1319 1940; x_wconf 85' lang='lat' dir='ltr'>semper</span> <span class='ocrx_word' id='word_1_191' title='bbox 1358 1862 1439 1920; x_wconf 82' lang='lat' dir='ltr'>ita</span> <span class='ocrx_word' id='word_1_192' title='bbox 1478 1874 1599 1939; x_wconf 83' lang='lat' dir='ltr'>est,</span> <span class='ocrx_word' id='word_1_193' title='bbox 1641 1861 1760 1920; x_wconf 84' lang='lat' dir='ltr'>Ens</span> <span class='ocrx_word' id='word_1_194' title='bbox 1800 1861 2023 1921; x_wconf 88' lang='lat' dir='ltr'>entium</span> <span class='ocrx_word' id='word_1_195' title='bbox 2041 1901 2059 1934; x_wconf 90' lang='lat'>,</span> <span class='ocrx_word' id='word_1_196' title='bbox 2099 1861 2155 1918; x_wconf 89' lang='lat'>&amp;</span> <span class='ocrx_word' id='word_1_197' title='bbox 2195 1855 2548 1936; x_wconf 86' lang='lat' dir='ltr'>principium</span> <span class='ocrx_word' id='word_1_198' title='bbox 2587 1855 3032 1934; x_wconf 77' lang='lat' dir='ltr'>principiorum.</span> 
     </span>
    </p>

    <p class='ocr_par' dir='ltr' id='par_1_9' title="bbox 596 1933 3523 2180">
     <span class='ocr_line' id='line_1_20' title="bbox 678 1933 3523 2020; baseline -0.004 -16"><span class='ocrx_word' id='word_1_199' title='bbox 678 1959 775 2015; x_wconf 80' lang='grc' dir='ltr'>4ο.</span> <span class='ocrx_word' id='word_1_200' title='bbox 852 1943 973 2011; x_wconf 83' lang='lat' dir='ltr'>Sed</span> <span class='ocrx_word' id='word_1_201' title='bbox 1036 1941 1173 2020; x_wconf 77' lang='lat' dir='ltr'>quia</span> <span class='ocrx_word' id='word_1_202' title='bbox 1232 1943 1379 2002; x_wconf 74' lang='lat' dir='ltr'>haec</span> <span class='ocrx_word' id='word_1_203' title='bbox 1418 1939 1531 2002; x_wconf 82' lang='lat' dir='ltr'>Dei</span> <span class='ocrx_word' id='word_1_204' title='bbox 1569 1939 1931 2018; x_wconf 79' lang='lat' dir='ltr'>proprietas,</span> <span class='ocrx_word' id='word_1_205' title='bbox 1973 1937 2244 2016; x_wconf 77' lang='lat' dir='ltr'>quamuis</span> <span class='ocrx_word' id='word_1_206' title='bbox 2283 1933 2640 2014; x_wconf 81' lang='lat' dir='ltr'>essentialiS‚</span> <span class='ocrx_word' id='word_1_207' title='bbox 2677 1935 2756 2000; x_wconf 73' lang='lat' dir='ltr'>ad</span> <span class='ocrx_word' id='word_1_208' title='bbox 2794 1945 3139 2012; x_wconf 87' lang='lat' dir='ltr'>sequentem</span> <span class='ocrx_word' id='word_1_209' title='bbox 3181 1935 3380 1994; x_wconf 92' lang='lat' dir='ltr'>locum</span> <span class='ocrx_word' id='word_1_210' title='bbox 3419 1933 3523 2011; x_wconf 91' lang='lat' dir='ltr'>qui</span> 
     </span>
     <span class='ocr_line' id='line_1_21' title="bbox 596 2014 3521 2098; baseline -0.002 -16"><span class='ocrx_word' id='word_1_211' title='bbox 596 2024 673 2083; x_wconf 91' lang='lat' dir='ltr'>de</span> <span class='ocrx_word' id='word_1_212' title='bbox 711 2022 1025 2083; x_wconf 77' lang='lat' dir='ltr'>affectione</span> <span class='ocrx_word' id='word_1_213' title='bbox 1066 2023 1161 2083; x_wconf 80' lang='lat' dir='ltr'>vel</span> <span class='ocrx_word' id='word_1_214' title='bbox 1200 2022 1482 2083; x_wconf 78' lang='lat' dir='ltr'>relatione</span> <span class='ocrx_word' id='word_1_215' title='bbox 1517 2031 1609 2082; x_wconf 72' lang='lat' dir='ltr'>est</span> <span class='ocrx_word' id='word_1_216' title='bbox 1622 2063 1641 2098; x_wconf 85' lang='lat'>,</span> <span class='ocrx_word' id='word_1_217' title='bbox 1684 2019 1938 2082; x_wconf 66' lang='lat' dir='ltr'>maxime</span> <span class='ocrx_word' id='word_1_218' title='bbox 1981 2016 2218 2096; x_wconf 80' lang='lat' dir='ltr'>respicit</span> <span class='ocrx_word' id='word_1_219' title='bbox 2232 2061 2251 2094; x_wconf 89' lang='lat'>,</span> <span class='ocrx_word' id='word_1_220' title='bbox 2291 2027 2550 2095; x_wconf 76' lang='lat' dir='ltr'>praestat</span> <span class='ocrx_word' id='word_1_221' title='bbox 2588 2017 2682 2077; x_wconf 84' lang='lat' dir='ltr'>vel</span> <span class='ocrx_word' id='word_1_222' title='bbox 2721 2015 2798 2076; x_wconf 91' lang='lat' dir='ltr'>de</span> <span class='ocrx_word' id='word_1_223' title='bbox 2828 2034 2902 2076; x_wconf 90' lang='lat' dir='ltr'>eo</span> <span class='ocrx_word' id='word_1_224' title='bbox 2935 2015 3035 2076; x_wconf 85' lang='lat' dir='ltr'>hic</span> <span class='ocrx_word' id='word_1_225' title='bbox 3053 2014 3304 2092; x_wconf 76' lang='lat' dir='ltr'>amplius</span> <span class='ocrx_word' id='word_1_226' title='bbox 3325 2033 3521 2094; x_wconf 83' lang='lat' dir='ltr'>super-</span> 
     </span>
     <span class='ocr_line' id='line_1_22' title="bbox 598 2097 2150 2180; baseline -0.003 -17"><span class='ocrx_word' id='word_1_227' title='bbox 598 2101 915 2163; x_wconf 72' lang='lat' dir='ltr'>sedeamus</span> <span class='ocrx_word' id='word_1_228' title='bbox 954 2101 1155 2163; x_wconf 77' lang='lat' dir='ltr'>dicere</span> <span class='ocrx_word' id='word_1_229' title='bbox 1170 2145 1189 2180; x_wconf 92' lang='lat'>,</span> <span class='ocrx_word' id='word_1_230' title='bbox 1228 2101 1289 2162; x_wconf 89' lang='lat' dir='ltr'>in</span> <span class='ocrx_word' id='word_1_231' title='bbox 1330 2103 1531 2164; x_wconf 79' lang='lat' dir='ltr'>locum</span> <span class='ocrx_word' id='word_1_232' title='bbox 1570 2101 1821 2164; x_wconf 78' lang='lat' dir='ltr'>alterum</span> <span class='ocrx_word' id='word_1_233' title='bbox 1857 2097 2150 2160; x_wconf 80' lang='lat' dir='ltr'>reiecturi.</span> 
     </span>
    </p>
   </div>
   <div class='ocr_carea' id='block_1_3' title="bbox 1461 2513 2676 2577">
    <p class='ocr_par' dir='ltr' id='par_1_10' title="bbox 1461 2513 2676 2577">
     <span class='ocr_line' id='line_1_23' title="bbox 1461 2513 2676 2577; baseline -0.003 0"><span class='ocrx_word' id='word_1_234' title='bbox 1461 2516 1597 2577; x_wconf 86' lang='lat' dir='ltr'>DE</span> <span class='ocrx_word' id='word_1_235' title='bbox 1656 2514 2422 2577; x_wconf 83' lang='lat' dir='ltr'>PROVIDENTIA</span> <span class='ocrx_word' id='word_1_236' title='bbox 2476 2513 2676 2577; x_wconf 88' lang='lat' dir='ltr'><strong>DEI.</strong></span> 
     </span>
    </p>
   </div>
   <div class='ocr_carea' id='block_1_4' title="bbox 1848 2716 2281 2780">
    <p class='ocr_par' dir='ltr' id='par_1_11' title="bbox 1848 2716 2281 2780">
     <span class='ocr_line' id='line_1_24' title="bbox 1848 2716 2281 2780; baseline 0.002 -4"><span class='ocrx_word' id='word_1_237' title='bbox 1848 2716 2178 2780; x_wconf 68' lang='lat' dir='ltr'>Tarsis</span> <span class='ocrx_word' id='word_1_238' title='bbox 2230 2716 2281 2777; x_wconf 91' lang='grc' dir='ltr'>Ι.</span> 
     </span>
    </p>
   </div>
   <div class='ocr_carea' id='block_1_5' title="bbox 576 2890 3529 4487">
    <p class='ocr_par' dir='ltr' id='par_1_12' title="bbox 593 2890 3522 3057">
     <span class='ocr_line' id='line_1_25' title="bbox 682 2890 3522 2971; baseline -0.002 -13"><span class='ocrx_word' id='word_1_239' title='bbox 682 2898 1119 2958; x_wconf 69' lang='lat' dir='ltr'>PnovmnnnA</span> <span class='ocrx_word' id='word_1_240' title='bbox 1158 2896 1273 2957; x_wconf 88' lang='lat' dir='ltr'>Dei</span> <span class='ocrx_word' id='word_1_241' title='bbox 1314 2906 1403 2957; x_wconf 66' lang='lat' dir='ltr'>est</span> <span class='ocrx_word' id='word_1_242' title='bbox 1439 2895 1641 2957; x_wconf 84' lang='lat' dir='ltr'>diuina</span> <span class='ocrx_word' id='word_1_243' title='bbox 1679 2894 1779 2955; x_wconf 76' lang='lat' dir='ltr'>illa</span> <span class='ocrx_word' id='word_1_244' title='bbox 1818 2894 1969 2956; x_wconf 82' lang='lat' dir='ltr'>ratio</span> <span class='ocrx_word' id='word_1_245' title='bbox 2009 2894 2070 2955; x_wconf 89' lang='lat' dir='ltr'>in</span> <span class='ocrx_word' id='word_1_246' title='bbox 2113 2910 2346 2955; x_wconf 87' lang='lat' dir='ltr'>summo</span> <span class='ocrx_word' id='word_1_247' title='bbox 2387 2892 2656 2954; x_wconf 89' lang='lat' dir='ltr'>omnium</span> <span class='ocrx_word' id='word_1_248' title='bbox 2691 2890 2955 2971; x_wconf 88' lang='lat' dir='ltr'>principe</span> <span class='ocrx_word' id='word_1_249' title='bbox 2988 2890 3304 2955; x_wconf 69' lang='lat' dir='ltr'>constitum</span> <span class='ocrx_word' id='word_1_250' title='bbox 3318 2935 3337 2971; x_wconf 86' lang='lat'>,</span> <span class='ocrx_word' id='word_1_251' title='bbox 3370 2906 3522 2968; x_wconf 82' lang='lat' dir='ltr'>quae</span> 
     </span>
     <span class='ocr_line' id='line_1_26' title="bbox 593 2975 2020 3057; baseline 0 -20"><span class='ocrx_word' id='word_1_252' title='bbox 593 2976 857 3057; x_wconf 67' lang='lat' dir='ltr'>disponit</span> <span class='ocrx_word' id='word_1_253' title='bbox 896 2976 1100 3039; x_wconf 79' lang='lat' dir='ltr'>omnia</span> <span class='ocrx_word' id='word_1_254' title='bbox 1142 2975 1327 3037; x_wconf 79' lang='lat' dir='ltr'>libere</span> <span class='ocrx_word' id='word_1_255' title='bbox 1344 3019 1363 3054; x_wconf 87' lang='lat'>,</span> <span class='ocrx_word' id='word_1_256' title='bbox 1402 2985 1707 3055; x_wconf 73' lang='lat' dir='ltr'>potenter,</span> <span class='ocrx_word' id='word_1_257' title='bbox 1746 2977 1801 3037; x_wconf 78' lang='grc' dir='ltr'>δι</span> <span class='ocrx_word' id='word_1_258' title='bbox 1844 2976 2020 3037; x_wconf 71' lang='lat' dir='ltr'>bene.</span> 
     </span>
    </p>

    <p class='ocr_par' dir='ltr' id='par_1_13' title="bbox 595 3050 3524 3215">
     <span class='ocr_line' id='line_1_27' title="bbox 681 3050 3524 3134; baseline -0.002 -17"><span class='ocrx_word' id='word_1_259' title='bbox 681 3078 734 3117; x_wconf 85' lang='lat'>2.</span> <span class='ocrx_word' id='word_1_260' title='bbox 816 3055 1145 3134; x_wconf 87' lang='lat' dir='ltr'>Dispositio</span> <span class='ocrx_word' id='word_1_261' title='bbox 1185 3066 1387 3117; x_wconf 82' lang='lat' dir='ltr'>autem</span> <span class='ocrx_word' id='word_1_262' title='bbox 1426 3066 1517 3119; x_wconf 82' lang='lat' dir='ltr'>est</span> <span class='ocrx_word' id='word_1_263' title='bbox 1553 3054 1705 3117; x_wconf 82' lang='lat' dir='ltr'>ratio</span> <span class='ocrx_word' id='word_1_264' title='bbox 1738 3066 1907 3123; x_wconf 76' lang='lat' dir='ltr'>ortus</span> <span class='ocrx_word' id='word_1_265' title='bbox 1945 3055 2217 3120; x_wconf 81' lang='lat' dir='ltr'>omnium</span> <span class='ocrx_word' id='word_1_266' title='bbox 2255 3072 2453 3117; x_wconf 87' lang='lat' dir='ltr'>rerum</span> <span class='ocrx_word' id='word_1_267' title='bbox 2491 3052 2554 3114; x_wconf 88' lang='lat' dir='ltr'>in</span> <span class='ocrx_word' id='word_1_268' title='bbox 2587 3071 2748 3133; x_wconf 86' lang='lat' dir='ltr'>sese,</span> <span class='ocrx_word' id='word_1_269' title='bbox 2781 3053 2839 3113; x_wconf 78' lang='grc' dir='ltr'>δι</span> <span class='ocrx_word' id='word_1_270' title='bbox 2873 3050 3095 3115; x_wconf 86' lang='lat' dir='ltr'>ordinis</span> <span class='ocrx_word' id='word_1_271' title='bbox 3129 3069 3330 3113; x_wconf 75' lang='lat' dir='ltr'>earum</span> <span class='ocrx_word' id='word_1_272' title='bbox 3345 3096 3364 3131; x_wconf 81' lang='lat'>‚</span> <span class='ocrx_word' id='word_1_273' title='bbox 3399 3060 3524 3111; x_wconf 88' lang='lat' dir='ltr'>tum</span> 
     </span>
     <span class='ocr_line' id='line_1_28' title="bbox 595 3132 3076 3215; baseline -0.002 -18"><span class='ocrx_word' id='word_1_274' title='bbox 595 3137 674 3197; x_wconf 87' lang='lat' dir='ltr'>ad</span> <span class='ocrx_word' id='word_1_275' title='bbox 712 3137 924 3215; x_wconf 85' lang='lat' dir='ltr'>finem,</span> <span class='ocrx_word' id='word_1_276' title='bbox 971 3146 1099 3198; x_wconf 83' lang='lat' dir='ltr'>tum</span> <span class='ocrx_word' id='word_1_277' title='bbox 1130 3136 1218 3197; x_wconf 81' lang='lat' dir='ltr'>-ad</span> <span class='ocrx_word' id='word_1_278' title='bbox 1262 3134 1459 3197; x_wconf 70' lang='lat' dir='ltr'>media</span> <span class='ocrx_word' id='word_1_279' title='bbox 1494 3138 1553 3200; x_wconf 73' lang='grc' dir='ltr'>δε</span> <span class='ocrx_word' id='word_1_280' title='bbox 1593 3153 1939 3214; x_wconf 73' lang='lat' dir='ltr'>progressus</span> <span class='ocrx_word' id='word_1_281' title='bbox 1981 3135 2275 3214; x_wconf 75' lang='lat' dir='ltr'>ipsarum,</span> <span class='ocrx_word' id='word_1_282' title='bbox 2311 3145 2374 3194; x_wconf 90' lang='lat' dir='ltr'>vt</span> <span class='ocrx_word' id='word_1_283' title='bbox 2410 3144 2610 3212; x_wconf 81' lang='lat' dir='ltr'>partes</span> <span class='ocrx_word' id='word_1_284' title='bbox 2649 3143 2785 3194; x_wconf 89' lang='lat' dir='ltr'>sunt</span> <span class='ocrx_word' id='word_1_285' title='bbox 2824 3132 2887 3192; x_wconf 88' lang='lat' dir='ltr'>in</span> <span class='ocrx_word' id='word_1_286' title='bbox 2927 3142 3076 3194; x_wconf 92' lang='lat' dir='ltr'>toto.</span> 
     </span>
    </p>

    <p class='ocr_par' dir='ltr' id='par_1_14' title="bbox 596 3208 3527 3535">
     <span class='ocr_line' id='line_1_29' title="bbox 680 3208 3525 3295; baseline -0.002 -18"><span class='ocrx_word' id='word_1_287' title='bbox 680 3236 738 3293; x_wconf 82' lang='lat'>3.</span> <span class='ocrx_word' id='word_1_288' title='bbox 819 3215 1000 3277; x_wconf 76' lang='lat' dir='ltr'>Ratio</span> <span class='ocrx_word' id='word_1_289' title='bbox 1040 3226 1237 3295; x_wconf 74' lang='lat' dir='ltr'>ortus,</span> <span class='ocrx_word' id='word_1_290' title='bbox 1278 3213 1611 3279; x_wconf 74' lang='lat' dir='ltr'>Craentionis</span> <span class='ocrx_word' id='word_1_291' title='bbox 1650 3226 1769 3295; x_wconf 81' lang='lat' dir='ltr'>est,</span> <span class='ocrx_word' id='word_1_292' title='bbox 1805 3217 1863 3277; x_wconf 73' lang='grc' dir='ltr'>δι</span> <span class='ocrx_word' id='word_1_293' title='bbox 1905 3214 2254 3293; x_wconf 81' lang='lat' dir='ltr'>exsequutio</span> <span class='ocrx_word' id='word_1_294' title='bbox 2293 3213 2416 3277; x_wconf 84' lang='lat' dir='ltr'>eius</span> <span class='ocrx_word' id='word_1_295' title='bbox 2458 3232 2609 3293; x_wconf 85' lang='lat' dir='ltr'>opus</span> <span class='ocrx_word' id='word_1_296' title='bbox 2639 3211 2954 3273; x_wconf 85' lang='lat' dir='ltr'>creationis</span> <span class='ocrx_word' id='word_1_297' title='bbox 2987 3212 3343 3291; x_wconf 59' lang='lat' dir='ltr'>appellatum</span> <span class='ocrx_word' id='word_1_298' title='bbox 3375 3208 3525 3271; x_wconf 83' lang='lat' dir='ltr'>ratio</span> 
     </span>
     <span class='ocr_line' id='line_1_30' title="bbox 598 3290 3527 3375; baseline -0.003 -18"><span class='ocrx_word' id='word_1_299' title='bbox 598 3296 827 3358; x_wconf 68' lang='lat' dir='ltr'>ordinis</span> <span class='ocrx_word' id='word_1_300' title='bbox 858 3297 945 3357; x_wconf 62' lang='lat' dir='ltr'>ad</span> <span class='ocrx_word' id='word_1_301' title='bbox 988 3297 1205 3375; x_wconf 56' lang='lat' dir='ltr'>finem-2</span> <span class='ocrx_word' id='word_1_302' title='bbox 1246 3293 1487 3359; x_wconf 69' lang='lat' dir='ltr'>diuersa</span> <span class='ocrx_word' id='word_1_303' title='bbox 1524 3306 1613 3359; x_wconf 83' lang='lat' dir='ltr'>est</span> <span class='ocrx_word' id='word_1_304' title='bbox 1628 3338 1647 3373; x_wconf 87' lang='lat'>,</span> <span class='ocrx_word' id='word_1_305' title='bbox 1690 3296 1797 3359; x_wconf 84' lang='lat' dir='ltr'>sed</span> <span class='ocrx_word' id='word_1_306' title='bbox 1828 3294 1948 3373; x_wconf 65' lang='lat' dir='ltr'>qua</span> <span class='ocrx_word' id='word_1_307' title='bbox 1987 3295 2258 3369; x_wconf 72' lang='lat' dir='ltr'>homines</span> <span class='ocrx_word' id='word_1_308' title='bbox 2297 3305 2520 3372; x_wconf 75' lang='lat' dir='ltr'>spectat</span> <span class='ocrx_word' id='word_1_309' title='bbox 2564 3291 3018 3372; x_wconf 84' lang='lat' dir='ltr'>praedestinatio</span> <span class='ocrx_word' id='word_1_310' title='bbox 3059 3303 3178 3356; x_wconf 82' lang='lat' dir='ltr'>est:</span> <span class='ocrx_word' id='word_1_311' title='bbox 3213 3290 3363 3353; x_wconf 85' lang='lat' dir='ltr'>ratio</span> <span class='ocrx_word' id='word_1_312' title='bbox 3385 3295 3527 3358; x_wconf 70' lang='lat' dir='ltr'>vero</span> 
     </span>
     <span class='ocr_line' id='line_1_31' title="bbox 596 3369 3520 3455; baseline -0.001 -18"><span class='ocrx_word' id='word_1_313' title='bbox 596 3375 827 3450; x_wconf 65' lang='lat' dir='ltr'>ordinis</span> <span class='ocrx_word' id='word_1_314' title='bbox 866 3374 1048 3455; x_wconf 85' lang='lat' dir='ltr'>illius,</span> <span class='ocrx_word' id='word_1_315' title='bbox 1078 3393 1213 3453; x_wconf 90' lang='lat' dir='ltr'>·quo</span> <span class='ocrx_word' id='word_1_316' title='bbox 1256 3394 1350 3437; x_wconf 80' lang='lat' dir='ltr'>res</span> <span class='ocrx_word' id='word_1_317' title='bbox 1382 3374 1528 3437; x_wconf 87' lang='lat' dir='ltr'>-inde</span> <span class='ocrx_word' id='word_1_318' title='bbox 1562 3378 1639 3436; x_wconf 84' lang='lat' dir='ltr'>ab</span> <span class='ocrx_word' id='word_1_319' title='bbox 1670 3386 1806 3437; x_wconf 82' lang='lat' dir='ltr'>ortu</span> <span class='ocrx_word' id='word_1_320' title='bbox 1840 3392 1950 3438; x_wconf 80' lang='lat' dir='ltr'>suo</span> <span class='ocrx_word' id='word_1_321' title='bbox 1981 3376 2059 3444; x_wconf 86' lang='lat' dir='ltr'>ad</span> <span class='ocrx_word' id='word_1_322' title='bbox 2087 3378 2268 3445; x_wconf 83' lang='lat' dir='ltr'>finem</span> <span class='ocrx_word' id='word_1_323' title='bbox 2305 3392 2490 3451; x_wconf 82' lang='lat' dir='ltr'>vsque</span> <span class='ocrx_word' id='word_1_324' title='bbox 2524 3374 2946 3453; x_wconf 87' lang='lat' dir='ltr'>disponuntur,</span> <span class='ocrx_word' id='word_1_325' title='bbox 2981 3384 3068 3433; x_wconf 86' lang='lat' dir='ltr'>est</span> <span class='ocrx_word' id='word_1_326' title='bbox 3089 3369 3520 3436; x_wconf 79' lang='lat' dir='ltr'>Prouidentiae.</span> 
     </span>
     <span class='ocr_line' id='line_1_32' title="bbox 598 3450 2962 3535; baseline -0.002 -18"><span class='ocrx_word' id='word_1_327' title='bbox 598 3459 655 3517; x_wconf 74' lang='grc' dir='ltr'>δι</span> <span class='ocrx_word' id='word_1_328' title='bbox 697 3455 851 3517; x_wconf 88' lang='lat' dir='ltr'>illius</span> <span class='ocrx_word' id='word_1_329' title='bbox 892 3454 1208 3535; x_wconf 80' lang='lat' dir='ltr'>exequutio</span> <span class='ocrx_word' id='word_1_330' title='bbox 1250 3457 1329 3517; x_wconf 87' lang='lat' dir='ltr'>ab</span> <span class='ocrx_word' id='word_1_331' title='bbox 1368 3455 1735 3518; x_wconf 86' lang='lat' dir='ltr'>Orthodoxis</span> <span class='ocrx_word' id='word_1_332' title='bbox 1774 3454 2044 3515; x_wconf 88' lang='lat' dir='ltr'>Patribus</span> <span class='ocrx_word' id='word_1_333' title='bbox 2083 3474 2235 3534; x_wconf 80' lang='lat' dir='ltr'>opus</span> <span class='ocrx_word' id='word_1_334' title='bbox 2276 3452 2688 3529; x_wconf 59' lang='lat' dir='ltr'>Prouidentiae</span> <span class='ocrx_word' id='word_1_335' title='bbox 2729 3450 2962 3529; x_wconf 78' lang='lat' dir='ltr'>dicitur.</span> 
     </span>
    </p>

    <p class='ocr_par' dir='ltr' id='par_1_15' title="bbox 576 3530 3528 3854">
     <span class='ocr_line' id='line_1_33' title="bbox 679 3530 3526 3615; baseline -0.003 -18"><span class='ocrx_word' id='word_1_336' title='bbox 679 3556 737 3610; x_wconf 80' lang='grc'>4.</span> <span class='ocrx_word' id='word_1_337' title='bbox 818 3537 927 3597; x_wconf 80' lang='lat' dir='ltr'>Est</span> <span class='ocrx_word' id='word_1_338' title='bbox 954 3534 1141 3615; x_wconf 75' lang='lat' dir='ltr'>igitur</span> <span class='ocrx_word' id='word_1_339' title='bbox 1179 3534 1331 3597; x_wconf 76' lang='lat' dir='ltr'>haec</span> <span class='ocrx_word' id='word_1_340' title='bbox 1369 3534 1747 3600; x_wconf 75' lang='lat' dir='ltr'>Prouidentia</span> <span class='ocrx_word' id='word_1_341' title='bbox 1770 3534 1901 3598; x_wconf 80' lang='lat' dir='ltr'>-Dei</span> <span class='ocrx_word' id='word_1_342' title='bbox 1938 3536 2046 3611; x_wconf 72' lang='lat' dir='ltr'>(de</span> <span class='ocrx_word' id='word_1_343' title='bbox 2090 3552 2209 3613; x_wconf 66' lang='lat' dir='ltr'>qua⁴</span> <span class='ocrx_word' id='word_1_344' title='bbox 2245 3534 2366 3611; x_wconf 65' lang='lat' dir='ltr'>iam</span> <span class='ocrx_word' id='word_1_345' title='bbox 2408 3532 2760 3596; x_wconf 81' lang='lat' dir='ltr'>instituimus</span> <span class='ocrx_word' id='word_1_346' title='bbox 2797 3538 3000 3613; x_wconf 78' lang='lat' dir='ltr'>agere)</span> <span class='ocrx_word' id='word_1_347' title='bbox 3039 3530 3240 3613; x_wconf 78' lang='lat' dir='ltr'>diuina</span> <span class='ocrx_word' id='word_1_348' title='bbox 3259 3530 3357 3590; x_wconf 84' lang='lat' dir='ltr'>illa</span> <span class='ocrx_word' id='word_1_349' title='bbox 3376 3530 3526 3591; x_wconf 84' lang='lat' dir='ltr'>ratio</span> 
     </span>
     <span class='ocr_line' id='line_1_34' title="bbox 576 3611 3528 3695; baseline -0.002 -20"><span class='ocrx_word' id='word_1_350' title='bbox 576 3614 661 3695; x_wconf 30' lang='lat' dir='ltr'>uin</span> <span class='ocrx_word' id='word_1_351' title='bbox 726 3633 961 3677; x_wconf 87' lang='lat' dir='ltr'>summo</span> <span class='ocrx_word' id='word_1_352' title='bbox 1024 3614 1295 3677; x_wconf 90' lang='lat' dir='ltr'>omnium</span> <span class='ocrx_word' id='word_1_353' title='bbox 1354 3614 1621 3694; x_wconf 89' lang='lat' dir='ltr'>principe</span> <span class='ocrx_word' id='word_1_354' title='bbox 1678 3616 1813 3677; x_wconf 90' lang='lat' dir='ltr'>Deo</span> <span class='ocrx_word' id='word_1_355' title='bbox 1873 3616 2044 3675; x_wconf 88' lang='lat' dir='ltr'>Patre</span> <span class='ocrx_word' id='word_1_356' title='bbox 2061 3660 2078 3691; x_wconf 89' lang='lat'>,</span> <span class='ocrx_word' id='word_1_357' title='bbox 2141 3614 2326 3694; x_wconf 80' lang='lat' dir='ltr'>Filio,</span> <span class='ocrx_word' id='word_1_358' title='bbox 2386 3614 2442 3673; x_wconf 74' lang='grc' dir='ltr'>δι</span> <span class='ocrx_word' id='word_1_359' title='bbox 2485 3612 2701 3692; x_wconf 86' lang='lat' dir='ltr'>Spiritu</span> <span class='ocrx_word' id='word_1_360' title='bbox 2742 3624 2949 3676; x_wconf 85' lang='lat' dir='ltr'>sancto</span> <span class='ocrx_word' id='word_1_361' title='bbox 2991 3611 3334 3690; x_wconf 79' lang='lat' dir='ltr'>constituta,</span> <span class='ocrx_word' id='word_1_362' title='bbox 3374 3626 3528 3687; x_wconf 83' lang='lat' dir='ltr'>quae</span> 
     </span>
     <span class='ocr_line' id='line_1_35' title="bbox 602 3688 3526 3774; baseline -0.003 -17"><span class='ocrx_word' id='word_1_363' title='bbox 602 3695 882 3757; x_wconf 82' lang='lat' dir='ltr'>ordinem</span> <span class='ocrx_word' id='word_1_364' title='bbox 910 3714 1121 3757; x_wconf 72' lang='lat' dir='ltr'>remim</span> <span class='ocrx_word' id='word_1_365' title='bbox 1163 3706 1509 3757; x_wconf 68' lang='lat' dir='ltr'>onncmrum</span> <span class='ocrx_word' id='word_1_366' title='bbox 1548 3695 2033 3774; x_wconf 72' lang='lat' dir='ltr'>singularumque</span> <span class='ocrx_word' id='word_1_367' title='bbox 2071 3694 2209 3758; x_wconf 86' lang='lat' dir='ltr'>inde</span> <span class='ocrx_word' id='word_1_368' title='bbox 2249 3697 2327 3771; x_wconf 74' lang='lat' dir='ltr'>ab</span> <span class='ocrx_word' id='word_1_369' title='bbox 2367 3704 2502 3755; x_wconf 85' lang='lat' dir='ltr'>ortu</span> <span class='ocrx_word' id='word_1_370' title='bbox 2541 3694 2619 3753; x_wconf 89' lang='lat' dir='ltr'>ad</span> <span class='ocrx_word' id='word_1_371' title='bbox 2658 3695 2836 3753; x_wconf 88' lang='lat' dir='ltr'>finem</span> <span class='ocrx_word' id='word_1_372' title='bbox 2879 3710 3064 3771; x_wconf 71' lang='lat' dir='ltr'>vsque</span> <span class='ocrx_word' id='word_1_373' title='bbox 3107 3692 3364 3771; x_wconf 73' lang='lat' dir='ltr'>ipsarum</span> <span class='ocrx_word' id='word_1_374' title='bbox 3404 3688 3526 3749; x_wconf 87' lang='lat' dir='ltr'>dis-</span> 
     </span>
     <span class='ocr_line' id='line_1_36' title="bbox 600 3776 1687 3854; baseline -0.002 -16"><span class='ocrx_word' id='word_1_375' title='bbox 600 3776 775 3854; x_wconf 70' lang='lat' dir='ltr'>ponit</span> <span class='ocrx_word' id='word_1_376' title='bbox 817 3776 1037 3852; x_wconf 82' lang='lat' dir='ltr'>libere,</span> <span class='ocrx_word' id='word_1_377' title='bbox 1076 3785 1381 3854; x_wconf 65' lang='lat' dir='ltr'>potenter,</span> <span class='ocrx_word' id='word_1_378' title='bbox 1418 3780 1477 3838; x_wconf 74' lang='grc' dir='ltr'>δι</span> <span class='ocrx_word' id='word_1_379' title='bbox 1515 3776 1687 3840; x_wconf 85' lang='lat' dir='ltr'>bene.</span> 
     </span>
    </p>

    <p class='ocr_par' dir='ltr' id='par_1_16' title="bbox 598 3848 3528 4095">
     <span class='ocr_line' id='line_1_37' title="bbox 676 3848 3528 3934; baseline -0.003 -17"><span class='ocrx_word' id='word_1_380' title='bbox 676 3873 741 3934; x_wconf 67' lang='lat'>5.</span> <span class='ocrx_word' id='word_1_381' title='bbox 820 3857 921 3916; x_wconf 86' lang='lat' dir='ltr'>Ad</span> <span class='ocrx_word' id='word_1_382' title='bbox 946 3856 1118 3916; x_wconf 71' lang='lat' dir='ltr'>hanc</span> <span class='ocrx_word' id='word_1_383' title='bbox 1160 3854 1358 3933; x_wconf 80' lang='lat' dir='ltr'>itaque</span> <span class='ocrx_word' id='word_1_384' title='bbox 1401 3854 1835 3933; x_wconf 79' lang='lat' dir='ltr'>prouidentiam</span> <span class='ocrx_word' id='word_1_385' title='bbox 1870 3856 1993 3916; x_wconf 87' lang='lat' dir='ltr'>duo</span> <span class='ocrx_word' id='word_1_386' title='bbox 2035 3854 2358 3934; x_wconf 74' lang='lat' dir='ltr'>pertinent:</span> <span class='ocrx_word' id='word_1_387' title='bbox 2399 3853 2548 3929; x_wconf 77' lang='lat' dir='ltr'>ratio</span> <span class='ocrx_word' id='word_1_388' title='bbox 2591 3851 2812 3931; x_wconf 83' lang='lat' dir='ltr'>ordinis</span> <span class='ocrx_word' id='word_1_389' title='bbox 2855 3871 3050 3913; x_wconf 82' lang='lat' dir='ltr'>rerum</span> <span class='ocrx_word' id='word_1_390' title='bbox 3077 3869 3234 3929; x_wconf 87' lang='lat' dir='ltr'>quae</span> <span class='ocrx_word' id='word_1_391' title='bbox 3255 3848 3528 3929; x_wconf 80' lang='lat' dir='ltr'>prouisae</span> 
     </span>
     <span class='ocr_line' id='line_1_38' title="bbox 601 3925 3526 4015; baseline -0.002 -20"><span class='ocrx_word' id='word_1_392' title='bbox 601 3946 737 3995; x_wconf 87' lang='lat' dir='ltr'>sunt</span> <span class='ocrx_word' id='word_1_393' title='bbox 778 3936 855 3995; x_wconf 85' lang='lat' dir='ltr'>ad</span> <span class='ocrx_word' id='word_1_394' title='bbox 896 3937 1078 3995; x_wconf 89' lang='lat' dir='ltr'>finem</span> <span class='ocrx_word' id='word_1_395' title='bbox 1118 3934 1405 4014; x_wconf 83' lang='lat' dir='ltr'>ipsarum3</span> <span class='ocrx_word' id='word_1_396' title='bbox 1446 3946 1625 4015; x_wconf 85' lang='lat' dir='ltr'>atque</span> <span class='ocrx_word' id='word_1_397' title='bbox 1664 3936 1813 3996; x_wconf 88' lang='lat' dir='ltr'>haec</span> <span class='ocrx_word' id='word_1_398' title='bbox 1856 3935 1917 3995; x_wconf 86' lang='lat' dir='ltr'>in</span> <span class='ocrx_word' id='word_1_399' title='bbox 1952 3936 2087 3996; x_wconf 92' lang='lat' dir='ltr'>Deo</span> <span class='ocrx_word' id='word_1_400' title='bbox 2117 3948 2354 3995; x_wconf 85' lang='lat' dir='ltr'>aeterna</span> <span class='ocrx_word' id='word_1_401' title='bbox 2388 3946 2506 3996; x_wconf 84' lang='lat' dir='ltr'>est:</span> <span class='ocrx_word' id='word_1_402' title='bbox 2541 3936 2598 3995; x_wconf 69' lang='grc' dir='ltr'>δι</span> <span class='ocrx_word' id='word_1_403' title='bbox 2619 3925 2842 3994; x_wconf 84' lang='lat' dir='ltr'>ordinis</span> <span class='ocrx_word' id='word_1_404' title='bbox 2863 3932 3126 3993; x_wconf 86' lang='lat' dir='ltr'>eiusdem</span> <span class='ocrx_word' id='word_1_405' title='bbox 3145 3929 3526 4011; x_wconf 76' lang='lat' dir='ltr'>exsequutiO,</span> 
     </span>
     <span class='ocr_line' id='line_1_39' title="bbox 598 4014 2278 4095; baseline -0.002 -19"><span class='ocrx_word' id='word_1_406' title='bbox 598 4032 755 4093; x_wconf 70' lang='lat' dir='ltr'>quae</span> <span class='ocrx_word' id='word_1_407' title='bbox 792 4018 974 4095; x_wconf 69' lang='lat' dir='ltr'>vulgo</span> <span class='ocrx_word' id='word_1_408' title='bbox 1014 4014 1229 4077; x_wconf 80' lang='lat' dir='ltr'>dicitnr</span> <span class='ocrx_word' id='word_1_409' title='bbox 1254 4014 1651 4095; x_wconf 62' lang='lat' dir='ltr'>lgffiernatiO,</span> <span class='ocrx_word' id='word_1_410' title='bbox 1690 4018 1747 4077; x_wconf 86' lang='lat'>&amp;</span> <span class='ocrx_word' id='word_1_411' title='bbox 1786 4018 1853 4077; x_wconf 87' lang='lat' dir='ltr'>fit</span> <span class='ocrx_word' id='word_1_412' title='bbox 1891 4014 1949 4077; x_wconf 90' lang='lat' dir='ltr'>in</span> <span class='ocrx_word' id='word_1_413' title='bbox 1979 4025 2278 4092; x_wconf 59' lang='lat' dir='ltr'>tempore.</span> 
     </span>
    </p>

    <p class='ocr_par' dir='ltr' id='par_1_17' title="bbox 594 4088 3529 4397">
     <span class='ocr_line' id='line_1_40' title="bbox 684 4088 3529 4174; baseline -0.002 -19"><span class='ocrx_word' id='word_1_414' title='bbox 684 4096 746 4156; x_wconf 83' lang='lat'>6.</span> <span class='ocrx_word' id='word_1_415' title='bbox 833 4096 1173 4157; x_wconf 75' lang='lat' dir='ltr'>Secundum</span> <span class='ocrx_word' id='word_1_416' title='bbox 1216 4096 1373 4157; x_wconf 80' lang='lat' dir='ltr'>hanc</span> <span class='ocrx_word' id='word_1_417' title='bbox 1410 4095 1845 4163; x_wconf 83' lang='lat' dir='ltr'>Prouidentiam</span> <span class='ocrx_word' id='word_1_418' title='bbox 1864 4140 1881 4174; x_wconf 88' lang='lat'>,</span> <span class='ocrx_word' id='word_1_419' title='bbox 1920 4096 2194 4160; x_wconf 87' lang='lat' dir='ltr'>ordinem</span> <span class='ocrx_word' id='word_1_420' title='bbox 2214 4112 2408 4155; x_wconf 86' lang='lat' dir='ltr'>rerum</span> <span class='ocrx_word' id='word_1_421' title='bbox 2425 4106 2776 4173; x_wconf 74' lang='lat' dir='ltr'>cunctarum</span> <span class='ocrx_word' id='word_1_422' title='bbox 2797 4090 3272 4173; x_wconf 76' lang='lat' dir='ltr'>singularumque</span> <span class='ocrx_word' id='word_1_423' title='bbox 3290 4088 3529 4169; x_wconf 90' lang='lat' dir='ltr'>disponi</span> 
     </span>
     <span class='ocr_line' id='line_1_41' title="bbox 606 4172 3527 4255; baseline -0.002 -20"><span class='ocrx_word' id='word_1_424' title='bbox 606 4172 885 4255; x_wconf 84' lang='lat' dir='ltr'>dicimus,</span> <span class='ocrx_word' id='word_1_425' title='bbox 926 4176 1065 4253; x_wconf 82' lang='lat' dir='ltr'>quia</span> <span class='ocrx_word' id='word_1_426' title='bbox 1099 4194 1229 4237; x_wconf 86' lang='lat' dir='ltr'>non</span> <span class='ocrx_word' id='word_1_427' title='bbox 1274 4176 1469 4239; x_wconf 87' lang='lat' dir='ltr'>solum</span> <span class='ocrx_word' id='word_1_428' title='bbox 1508 4175 1799 4240; x_wconf 88' lang='lat' dir='ltr'>mundum</span> <span class='ocrx_word' id='word_1_429' title='bbox 1838 4176 1897 4242; x_wconf 86' lang='lat' dir='ltr'>in</span> <span class='ocrx_word' id='word_1_430' title='bbox 1939 4174 2309 4254; x_wconf 73' lang='lat' dir='ltr'>vniuersum,</span> <span class='ocrx_word' id='word_1_431' title='bbox 2349 4175 2456 4237; x_wconf 88' lang='lat' dir='ltr'>sed</span> <span class='ocrx_word' id='word_1_432' title='bbox 2495 4176 2550 4253; x_wconf 56' lang='lat' dir='ltr'>Rp</span> <span class='ocrx_word' id='word_1_433' title='bbox 2589 4172 2820 4253; x_wconf 82' lang='lat' dir='ltr'>singula</span> <span class='ocrx_word' id='word_1_434' title='bbox 2857 4190 3009 4251; x_wconf 83' lang='lat' dir='ltr'>quae</span> <span class='ocrx_word' id='word_1_435' title='bbox 3049 4172 3107 4231; x_wconf 87' lang='lat' dir='ltr'>in</span> <span class='ocrx_word' id='word_1_436' title='bbox 3127 4172 3352 4246; x_wconf 79' lang='lat' dir='ltr'>mundo</span> <span class='ocrx_word' id='word_1_437' title='bbox 3371 4181 3527 4248; x_wconf 87' lang='lat' dir='ltr'>sunt,</span> 
     </span>
     <span class='ocr_line' id='line_1_42' title="bbox 594 4250 3526 4335; baseline -0.003 -19"><span class='ocrx_word' id='word_1_438' title='bbox 594 4254 783 4316; x_wconf 72' lang='lat' dir='ltr'>etiam</span> <span class='ocrx_word' id='word_1_439' title='bbox 823 4255 1067 4333; x_wconf 79' lang='lat' dir='ltr'>quaeuis</span> <span class='ocrx_word' id='word_1_440' title='bbox 1104 4254 1493 4319; x_wconf 68' lang='lat' dir='ltr'>minutissima</span> <span class='ocrx_word' id='word_1_441' title='bbox 1534 4256 1795 4335; x_wconf 84' lang='lat' dir='ltr'>disponit</span> <span class='ocrx_word' id='word_1_442' title='bbox 1834 4257 2027 4333; x_wconf 87' lang='lat' dir='ltr'>Deus,</span> <span class='ocrx_word' id='word_1_443' title='bbox 2067 4254 2219 4315; x_wconf 85' lang='lat' dir='ltr'>adeo</span> <span class='ocrx_word' id='word_1_444' title='bbox 2263 4266 2326 4315; x_wconf 83' lang='lat' dir='ltr'>vt</span> <span class='ocrx_word' id='word_1_445' title='bbox 2365 4272 2440 4325; x_wconf 82' lang='lat' dir='ltr'>ne</span> <span class='ocrx_word' id='word_1_446' title='bbox 2480 4273 2682 4333; x_wconf 86' lang='lat' dir='ltr'>passer</span> <span class='ocrx_word' id='word_1_447' title='bbox 2714 4250 2955 4335; x_wconf 75' lang='lat' dir='ltr'>qpidem</span> <span class='ocrx_word' id='word_1_448' title='bbox 2976 4252 3033 4313; x_wconf 88' lang='lat' dir='ltr'>in</span> <span class='ocrx_word' id='word_1_449' title='bbox 3053 4262 3270 4313; x_wconf 83' lang='lat' dir='ltr'>terram</span> <span class='ocrx_word' id='word_1_450' title='bbox 3289 4250 3526 4311; x_wconf 88' lang='lat' dir='ltr'>decidat</span> 
     </span>
     <span class='ocr_line' id='line_1_43' title="bbox 600 4334 1285 4397; baseline 0.003 -2"><span class='ocrx_word' id='word_1_451' title='bbox 600 4334 729 4395; x_wconf 80' lang='lat' dir='ltr'>sine</span> <span class='ocrx_word' id='word_1_452' title='bbox 772 4338 1076 4397; x_wconf 80' lang='lat' dir='ltr'>voluntate</span> <span class='ocrx_word' id='word_1_453' title='bbox 1115 4334 1285 4397; x_wconf 85' lang='lat' dir='ltr'>illius.</span> 
     </span>
    </p>

    <p class='ocr_par' dir='ltr' id='par_1_18' title="bbox 3191 4409 3519 4487">
     <span class='ocr_line' id='line_1_44' title="bbox 3191 4409 3519 4487; baseline -0.012 -15"><span class='ocrx_word' id='word_1_454' title='bbox 3191 4429 3245 4487; x_wconf 87' lang='lat'>7.</span> <span class='ocrx_word' id='word_1_455' title='bbox 3303 4409 3519 4469; x_wconf 77' lang='lat' dir='ltr'>Libere</span> 
     </span>
    </p>
   </div>
  </div>
 </body>
</html>
