3923 4875
649 334 767 417 426
1728 344 2149 398 nannet
2206 353 2421 398 rans
2476 348 2518 399 ι.

648 526 712 577 vt
752 534 961 577 omnes
1000 515 1116 574 hac
1154 513 1382 575 ratione
1420 513 1548 590 (qui
1588 515 1810 575 fructus
1854 517 1946 575 est.
1985 513 2306 591 maximus,
2347 514 2422 575 de
2462 532 2584 592 quo
2625 516 2762 575 ante
2791 512 3073 591 diximus)
3097 524 3228 573 tum
3251 514 3600 575 Ecclesiam

644 596 709 657 in
766 598 935 673 De0,
996 606 1123 655 tum
1173 614 1286 655 nos
1336 593 1397 655 in
1447 592 1717 654 Ecclesia
1764 613 2114 673 noscamus,
2157 598 2212 655 δι
2254 598 2539 655 laetemur
2579 595 2656 654 de
2695 596 2816 655 hoc
2855 606 3113 671 vtroque
3155 596 3328 655 bono
3371 594 3603 657 laetitia

646 676 746 736 ina
788 674 1101 755 spirituali,
1141 692 1321 753 quam
1364 672 1552 734 sancti
1591 673 1737 734 olim
1774 675 2026 752 professi
2065 686 2219 738 sunt.

730 756 1059 816 Ecclesiam
1100 758 1273 833 ergo,
1314 753 1583 815 diuinum
1622 765 2034 846 argumentum
2067 752 2322 815 laetitiae
2354 764 2590 814 nostrae
2605 756 2940 833 ,Propheta
2957 755 3246 815 hocloco
3270 754 3599 833 descripsit

647 845 826 913 atque
883 834 1329 896 commendauit
1388 834 1623 896 duobus
1676 833 2050 914 nominibus,
2103 846 2166 895 vt
2207 834 2466 895 studium
2509 834 2740 913 piorum
2781 834 3042 895 adeundi
3085 855 3218 895 mm
3255 837 3312 895 δι
3359 855 3594 927 perma-

646 916 828 976 nendi
866 914 927 976 in
969 914 1039 976 ea
1081 914 1267 995 magis
1306 935 1377 974 ac
1417 912 1604 992 magis
1644 916 2031 975 accenderet:
2076 932 2262 1007 quum
2304 914 2562 974 ostendit
2602 914 2858 991 primum
2899 913 3045 991 quid
3087 914 3163 974 sit
3205 914 3490 975 Ecclesia
3530 912 3590 974 in

647 1014 745 1073 se,
787 994 1003 1057 deinde
1044 1013 1198 1072 quae
1237 994 1433 1055 officia
1474 997 1529 1056 &
1570 993 1946 1073 operationes
1987 993 2049 1055 in
2089 995 2248 1073 ipsa,
2288 1014 2362 1055 ex
2394 992 2609 1085 quibus
2643 994 2963 1054 internosci
2983 994 3190 1086 possit.
3233 996 3398 1055 Nam
3419 996 3590 1085 quod

646 1075 913 1154 plerique
966 1094 1177 1136 omnes
1228 1076 1347 1135 hoc
1386 1084 1655 1167 tempore
1696 1086 2172 1153 conqueruntur,
2211 1074 2274 1134 id
2315 1073 2700 1135 certissimum
2741 1085 2861 1150 est,
2901 1072 3272 1153 Ecclesiam,
3313 1088 3384 1135 vt
3423 1075 3486 1134 in
3529 1095 3590 1135 se

647 1166 767 1233 est,
804 1174 929 1216 ιιοιι
968 1155 1140 1215 facile
1178 1157 1259 1215 ab
1300 1153 1641 1247 hominibus
1684 1154 1973 1233 cognosci
2009 1174 2213 1233 posse,
2257 1155 2365 1215 sed
2404 1164 2576 1214 notas
2617 1153 2767 1215 illius
2790 1153 3093 1214 obseruari
3115 1120 3272 1214 foris
3280 1166 3588 1231 oportere.

646 1236 851 1295 Habet
885 1234 1127 1313 quidem
1168 1233 1439 1296 Ecclesia
1477 1233 1539 1294 ιιι
1578 1254 1707 1295 sese
1747 1245 1951 1312 notas,
1995 1235 2102 1295 sed
2145 1252 2292 1312 quas
2336 1232 2372 1309 ij
2415 1236 2608 1294 501ιιιιι
2651 1232 2885 1311 vident,
2907 1232 3012 1311 qui
3031 1234 3090 1294 ιιι
3116 1234 3400 1295 Ecclesia
3418 1248 3588 1294 sunt:

646 1316 765 1376 Sed
806 1332 1195 1393 quaecunque
1234 1315 1377 1376 soris
1415 1314 1670 1375 existunt
1710 1325 1921 1393 notae,
1965 1333 2071 1375 eae
2107 1318 2143 1374 a
2183 1312 2522 1375 domesticis
2565 1313 2816 1393 optime,
2838 1315 2915 1373 ab
2937 1312 3151 1375 exteris
3173 1315 3356 1375 etiam
3377 1315 3586 1392 aliquo

644 1405 856 1475 pacto,
876 1394 987 1456 etsi
1007 1414 1130 1455 non
1151 1394 1394 1474 optime,
1416 1394 1601 1456 videri
1624 1405 1889 1472 possunt.
1932 1396 2117 1454 Ηιιιιε
2138 1394 2310 1473 igitur
2331 1394 2601 1455 ordinem
2622 1396 2918 1471 Propheta
2939 1413 3202 1472 seruam,
3225 1394 3589 1471 Ecclesiam,

644 1486 823 1553 prout
862 1474 923 1535 ιιι
964 1495 1027 1536 se
1067 1486 1184 1555 est,
1212 1476 1333 1536 hoc
1372 1491 1549 1536 versu
1588 1474 1896 1553 describit,
1939 1473 2175 1535 dicens.
2217 1476 2638 1545 Jarz‘erosolyma
2673 1484 3006 1535 constructa
3020 1519 3039 1552 ,
3080 1484 3148 1536 vt
3183 1478 3401 1534 cebetas
3433 1494 3590 1551 quae

645 1564 1047 1631 coagmentata
1086 1518 1184 1616 est,
1206 1558 1363 1616 inter
1399 1574 1459 1615 se
1484 1558 1747 1646 pariter.
1788 1520 2130 1615 Meminisse
2169 1566 2368 1615 autem
2409 1554 2655 1614 velimus
2695 1556 2948 1615 lectores
2989 1574 3200 1615 eorum
3245 1573 3404 1632 quae
3445 1558 3586 1614 ante

645 1634 934 1714 diximuS,
975 1636 1051 1696 de
1091 1636 1653 1713 Hierosolymorum
1672 1633 2168 1712 interpretatione.
2212 1636 2475 1695 Fuerunt
2496 1632 2817 1694 materialia
2823 1637 2923 1725 ·(vt
2944 1634 3028 1694 ita
3049 1634 3344 1711 dicamus)
3369 1636 3586 1694 Hiero·

646 1716 879 1793 solyma
916 1680 991 1775 ιιι
1043 1726 1254 1775 natura
1294 1733 1520 1776 rerum·
1506 1760 1523 1793 ,
1584 1716 1849 1775 Fuerunt
1892 1714 2202 1792 figuratiua
2241 1717 2296 1775 δι
2333 1714 2782 1775 sacramentalia
2821 1713 3122 1775 instituto:
3187 1716 3322 1774 Fuit
3367 1715 3590 1775 veritas

648 1797 835 1874 figura
882 1794 1290 1856 sacramentali
1330 1797 1698 1856 adumbrata.
1747 1794 1915 1854 Vidit
1954 1794 2148 1872 prisca
2188 1794 2286 1854 illa
2327 1795 2592 1855 Ecclesia
2629 1794 2999 1867 materiatam
3039 1795 3249 1855 vrbem
3287 1793 3586 1854 Hieroso-

645 1876 970 1953 lymorum:
1012 1875 1243 1953 accepit
1280 1878 1317 1935 ὲ.
1356 1876 1489 1936 Deo
1534 1876 1753 1953 figurae
1792 1874 2121 1935 institutum
2162 1877 2216 1935 δι
2259 1874 2470 1935 coluit:
2515 1874 2780 1935 Credidit
2820 1874 3163 1948 veritatem,
3186 1878 3242 1935 δι
3261 1874 3587 1952 prehendit

648 1956 795 2015 fide·
858 1972 1037 2033 quam
1086 1974 1200 2016 nos
1252 1956 1460 2015 eadem
1500 1954 1616 2014 fide
1654 1955 2036 2047 percipimuS,
2077 1964 2396 2032 postquam
2437 1954 2742 2015 materiata
2780 1954 3206 2031 Hierosolyma
3245 1954 3586 2031 perierunt,

647 2038 703 2096 &
757 2036 977 2113 figurae
1030 2046 1165 2095 sunt
1204 2038 1240 2095 a
1281 2034 1520 2096 Christo
1566 2036 1920 2112 antiquatae.
1974 2036 2082 2095 Est
2123 2054 2266 2113 ergo
2311 2033 2372 2095 ιιι
2412 2034 2530 2095 hoc
2572 2037 2708 2095 loco
2747 2054 2972 2095 nomen
3015 2034 3339 2110 Hierosoly
3343 2053 3584 2095 morum

646 2114 734 2177 sic
785 2114 1203 2207 accipiendum
1239 2126 1419 2193 atque
1461 2114 1510 2174 si
1549 2114 1939 2194 perscriptum
1981 2118 2018 2175 ὲ.
2058 2114 2354 2191 Propheta
2391 2126 2577 2191 esset,
2617 2114 2884 2175 Ecclesia
2923 2126 3294 2189 constructa,
3339 2118 3458 2175 διε.
3504 2116 3582 2175 de

648 2212 767 2273 qua
826 2193 1093 2255 Ecclesia
1150 2197 1287 2255 ειιιιι
1342 2206 1651 2287 tantopere
1705 2196 1824 2255 hoc
1876 2204 2084 2255 nostro
2125 2195 2328 2255 seculo
2369 2196 2695 2273 laboretur,
2736 2195 3046 2255 audiamus
3090 2192 3235 2273 quid
3275 2196 3582 2272 Propheta

652 2276 834 2353 licat,
876 2276 933 2334 δι
970 2274 1349 2353 insequamur
1387 2274 1633 2353 vestigia
1671 2274 1825 2335 illius
1866 2275 1942 2334 ad
1987 2274 2500 2353 peruestigandam
2543 2274 2603 2334 in
2645 2274 2888 2335 veritate
2929 2275 3262 2335 Ecclesiam
3301 2274 3446 2335 Dei.

726 2319 889 2415 Dicit
927 2373 1100 2435 erg03
1141 2364 1473 2416 constructa
1514 2362 1579 2417 vt
1613 2358 1821 2415 ciuitas
1860 2374 2011 2432 quae
2046 2375 2270 2429 coagm.
2313 2356 2438 2417 &a
2480 2354 2712 2431 Quibus
2742 2355 2936 2415 verbis
2959 2354 3220 2415 ostendit
3241 2354 3581 2414 Ecclesiam

644 2434 703 2496 in
745 2455 807 2497 se
848 2434 978 2514 ipsa
1016 2434 1351 2498 aedificium
1392 2455 1545 2514 esse,
1586 2434 1804 2498 deinde
1845 2435 2106 2496 ostendit
2145 2434 2570 2496 aedificationis
2591 2436 2857 2496 modum.
2901 2436 3060 2496 Nam
3082 2432 3426 2496 aedificium
3449 2453 3578 2495 effic

642 2516 1024 2596 pronunciat,
1093 2517 1321 2596 Optime
1379 2525 1800 2577 constructam.-
1862 2515 2116 2576 Modum
2171 2520 2312 2577 vero
2365 2515 2791 2577 aedificationis
2845 2515 3232 2593 sequentibus
3271 2516 3578 2592 declarat,

644 2597 879 2658 dicens·
865 2642 882 2675 ,
934 2605 1001 2659 vt
1038 2599 1247 2656 ciuitas
1284 2615 1433 2674 quae
1470 2603 1871 2672 coagmentata
1911 2606 2000 2657 est
2033 2598 2188 2656 inter
2226 2616 2287 2654 se
2319 2601 2574 2673 pariter.
2634 2597 2754 2657 Sed
2795 2596 3314 2688 quemadmodum
3359 2595 3576 2655 Ηιειο-

642 2680 873 2754 solyma
932 2675 991 2736 ιιι
1051 2688 1197 2755 typo
1258 2676 1315 2735 δι
1365 2677 1551 2766 figura
1593 2675 1753 2736 dicta
1790 2687 1955 2754 sunt,
1995 2695 2105 2755 pro
2148 2694 2221 2736 eo
2263 2676 2428 2753 quod
2471 2686 2557 2738 est
2599 2674 2896 2754 Ecclesia3
2938 2675 3025 2736 sic
3065 2674 3245 2736 etiam
3287 2675 3578 2736 attributa

640 2758 791 2818 haec
831 2757 1157 2816 secundum
1198 2757 1447 2816 modum
1488 2754 1641 2818 illius
1682 2757 1903 2834 figurae
1942 2756 1999 2815 δι
2039 2756 2164 2846 typi
2205 2756 2546 2834 conscripta
2587 2767 2752 2816 sunt:
2796 2757 2874 2816 Et
2913 2757 3084 2833 quod
3124 2767 3252 2847 tum
3293 2754 3358 2814 ιιι
3397 2775 3580 2832 opere

640 2835 1009 2898 materiatum
1050 2834 1187 2916 fuit,
1226 2854 1387 2896 nunc
1428 2835 1489 2896 in
1530 2855 1711 2913 opere
1751 2837 1897 2896 citra
1937 2835 2242 2896 materiam
2279 2835 2442 2896 illam
2481 2835 2928 2914 intelligendum
2971 2849 3090 2914 est,
3131 2835 3272 2913 quia
3303 2836 3578 2896 Ecclesia

640 2935 793 2995 opus
833 2915 1131 2994 spirituale
1172 2927 1278 2976 est.
1338 2917 1494 2976 Nam
1536 2917 1644 2978 etsi
1683 2915 1955 2977 homines
1997 2919 2083 2992 (vt
2123 2919 2258 2976 ante
2291 2915 2568 2991 diximus)
2591 2916 2836 2977 materia
2857 2926 2992 2976 sunt
3011 2914 3358 2994 Ecclesiae,
3377 2926 3576 2976 tamen

639 3014 759 3057 ιιοιι
816 3007 951 3056 sunt
991 2995 1275 3057 materiati
1316 2997 1645 3057 secundum
1686 2995 1976 3074 animam,
2011 2996 2176 3074 quod
2217 3007 2306 3057 est
2344 2996 2728 3074 praecipuum
2766 2995 3064 3074 ipsorum:
3107 2997 3328 3056 deinde
3372 2995 3576 3056 Eccle-

638 3075 788 3138 siam
822 3077 1054 3170 forma,
1097 3095 1218 3137 non
1260 3075 1505 3136 materia
1547 3075 1712 3136 facit:
1754 3096 1828 3136 ac
1866 3075 2118 3153 proinde
2157 3075 2428 3137 homines
2469 3076 2529 3137 ιιι
2569 3076 2834 3137 Ecclesia
2877 3078 2933 3136 δι
2972 3077 3050 3136 de
3095 3074 3370 3137 Ecclesia
3411 3088 3578 3150 sunt,

640 3159 759 3234 qua
820 3155 868 3216 is
921 3156 1023 3234 qui
1063 3158 1257 3217 forma
1294 3155 1625 3230 Ecclesiae,
1668 3157 1730 3217 ιιι
1772 3155 1855 3216 eis
1897 3167 2013 3217 est:
2057 3175 2236 3235 quam
2278 3159 2529 3217 formam
2571 3155 2632 3216 ιιι
2671 3173 2906 3218 versum
2947 3155 3208 3234 primum
3251 3156 3571 3216 declaraui

639 3237 1003 3316 mu3,ci1m
1064 3237 1141 3296 de
1182 3236 1366 3297 domo
1407 3237 1666 3297 Iehouae
1706 3235 2054 3297 diceremus.
2117 3238 2442 3328 Postquam
2484 3235 2658 3316 igitur
2695 3239 2950 3298 formam
2993 3235 3156 3296 illam
3199 3236 3578 3297 essentialem

639 3317 695 3375 &
737 3281 1027 3376 internam
1066 3335 1141 3376 ex
1182 3316 1513 3394 Prophetae
1555 3315 1747 3376 verbis
1787 3315 2208 3394 cognouimuS,
2249 3314 2628 3378 iustissimum
2667 3327 2756 3378 est
2794 3321 2850 3378 δι
2893 3315 3091 3376 ordini
3137 3315 3578 3377 conuenientis-

639 3395 853 3456 simum
914 3396 1446 3473 (quemadmodum
1501 3397 1798 3474 Propheta
1846 3395 2005 3470 fecit)
2067 3406 2132 3456 ut
2191 3414 2602 3476 quaecumque
2646 3396 2786 3457 huic
2836 3399 3061 3456 formae
3117 3396 3402 3456 adiuncta
3439 3406 3581 3456 sunt

636 3475 966 3536 necessaria
1004 3494 1463 3554 cognoscamus:
1506 3477 1778 3554 Ctimque
1816 3494 1907 3537 res
1948 3495 2158 3536 omnes
2198 3480 2234 3536 a
2268 3478 2458 3538 forma
2490 3477 2746 3537 habeant
2766 3495 2938 3538 suum
2959 3496 3088 3537 esse
3111 3477 3168 3536 δι
3193 3474 3578 3568 operationes

635 3574 803 3697 siuas,
842 3566 907 3616 vt
945 3576 1019 3616 ex
1058 3558 1272 3618 eodem
1312 3568 1586 3637 auctore3
1622 3556 1770 3634 quid
1808 3553 1909 3616 illa
1946 3557 2142 3617 forma
2178 3555 2241 3616 in
2283 3558 2530 3618 materia
2568 3557 2820 3636 efficiat,
2861 3558 2916 3617 δι
2936 3557 3082 3634 quid
3104 3576 3213 3635 per
3235 3557 3578 3634 materiam,

679 3651 981 3697 oceamur.

710 3715 913 3776 Efficit
951 3736 1051 3793 er„
1026 3735 1095 3776 o
1136 3717 1329 3776 forma
1367 3714 1469 3776 illa
1505 3733 1685 3794 quam
1724 3719 1903 3794 supra
1943 3715 2230 3795 diximuS,
2274 3729 2336 3777 vt
2377 3715 2648 3778 Ecclesia
2687 3717 2760 3778 sit
2799 3715 3134 3777 aedificium
3155 3714 3498 3794 spirituale,
3521 3719 3580 3778 δι

630 3806 694 3856 vt
752 3795 827 3856 sit
867 3795 1205 3857 aedificium
1246 3796 1525 3856 omnibus
1565 3795 1759 3856 modis
1801 3813 2007 3857 vnum.
2047 3795 2176 3856 Etsi
2221 3815 2345 3856 non
2388 3799 2605 3858 temere
2645 3801 2684 3856 a
2725 3799 3024 3874 Propheta
3060 3796 3304 3874 dicitur,
3343 3799 3577 3856 „Hiero-

632 3878 854 3953 solyma
908 3879 1254 3954 aedificata,
1307 3895 1418 3953 pro
1460 3895 1534 3936 eo
1583 3877 1748 3968 quod
1791 3894 1901 3936 nos
1941 3875 2226 3954 dicimus,
2265 3876 2534 3938 Ecclesia
2573 3877 2931 3938 aedificium.
2993 3878 3149 3936 Nam
3185 3877 3301 3936 hac
3343 3875 3580 3938 ratione

634 3957 756 4016 duo
814 3955 1001 4016 voluit
1048 3957 1346 4035 Propheta
1394 3961 1433 4016 a
1471 3957 1647 4016 nobis
1657 3955 2020 4048 ‘obseruari,
2062 3957 2208 4033 quid
2250 3955 2354 4028 sit,
2398 3961 2454 4019 δι
2494 3961 2532 4016 a
2569 3975 2691 4034 quo
2733 3957 2806 4018 sit
2847 3959 3058 4018 effecta
3098 3977 3172 4016 ac
3213 3957 3414 4035 potiizs
3451 3957 3580 4018 effi-

633 4035 823 4096 ciatur
882 4035 945 4095 id
1003 4036 1168 4114 quod
1236 4047 1341 4096 est.
1403 4036 1511 4096 Est
1575 4035 1733 4096 enim
1798 4034 2169 4114 aedificium,
2218 4037 2274 4096 δι
2323 4037 2564 4114 quidem
2605 4036 2976 4098 aedificatum
3017 4037 3097 4097 ab
3145 4056 3222 4098 eo
3264 4037 3370 4112 qui
3409 4039 3578 4097 solus

632 4114 914 4176 diuinitus
976 4115 1239 4176 diuinam
1294 4115 1772 4176 aedificationem
1834 4125 2032 4193 potest
2091 4081 2408 4196 instruere,
2468 4121 2522 4178 δι
2583 4117 2749 4195 quod
2797 4117 2858 4178 in
2911 4116 3036 4176 dies
3075 4114 3424 4176 aedificatur
3469 4137 3580 4194 per

630 4195 879 4272 gratiam
922 4193 1105 4256 illius:
1146 4195 1659 4273 quemadmodum
1701 4195 1879 4255 etiam
1920 4199 2246 4274 Apostolus
2288 4197 2366 4256 ad
2408 4199 2751 4277 Hebraeos,
2769 4216 2923 4289 pap.
2957 4215 3022 4287 3.
3055 4198 3114 4256 6.
3136 4197 3295 4256 hanc
3319 4197 3576 4256 domum

630 4277 667 4334 a
710 4274 948 4335 Christo
989 4277 1124 4334 Iesu
1165 4285 1567 4336 constructam
1610 4275 1943 4367 praedicat,
1986 4279 2042 4336 δι
2085 4275 2328 4338 subesse
2369 4276 2520 4338 illius
2559 4289 2623 4338 vt
2644 4243 2782 4353 filij·
2767 4277 3013 4368 imperio
3033 4295 3107 4335 ac
3127 4275 3577 4353 gubernationi.

711 4355 854 4414 Hoc
894 4355 1283 4414 fundamento
1337 4354 1609 4415 vniuerse
1651 4355 1878 4435 posito,
1920 4356 2251 4417 Ecclesiam
2295 4375 2421 4418 esse
2461 4357 2795 4418 aedificium
2835 4355 2976 4432 Dei,
3020 4357 3334 4495 Prophetal
3369 4357 3581 4498 ganlsait

3252 4456 3290 4495 a
3419 4457 3496 4497 ec

3819 788 3830 829 -Ι

3819 830 3830 955 ι
