3923 4875
561 253 637 332 96
1348 248 1360 258 ‘
1546 265 1650 312 nr.
1710 263 1937 311 vana
1995 260 2528 310 Τιιιιοιοαιιι.

568 441 813 492 naturae
850 447 1008 508 eam,
1050 428 1105 486 &
1145 438 1547 504 superaturae,
1588 426 2072 504 proficiscuntur:
2129 429 2500 487 Incrementa
2536 429 2680 486 vere
2721 427 2849 486 sola
2889 425 3070 486 uirtus
3109 428 3330 506 gratiae
3369 431 3491 490 effi·

568 511 903 602 cacitasque
940 507 1186 586 perficit.
1246 509 1445 584 Atque
1504 506 1646 566 hinc
1708 507 1885 568 etiam
1934 507 2316 583 consequitur
2361 505 2678 566 discrimen
2720 508 2999 584 alterum,
3041 509 3136 567 vel
3176 508 3374 586 potius
3415 509 3488 585 (si

568 591 649 650 ita
691 589 810 650 dici
824 587 1159 681 placuerit)
1202 589 1447 648 effectus
1488 604 1562 645 ex
1602 587 1990 647 antecedente
2031 585 2370 678 discrimine
2414 584 2801 665 proueniens3
2843 587 3008 677 quod
3039 599 3215 662 prout
3247 588 3308 648 in
3329 609 3488 650 men-

564 671 721 730 tibus
782 667 890 746 piis
950 669 1187 728 effertur
1247 669 1302 726 δι
1362 665 1611 745 assurgit
1668 665 1853 758 gratia
1866 709 1885 745 ,
1928 665 2056 744 pari
2095 667 2313 745 mod0,
2355 685 2426 725 ac
2468 667 2628 731 velut
2667 666 2976 726 contrariis
3017 674 3104 741 (vt
3141 669 3486 746 loquuntur)

565 749 846 828 gradibus
892 758 1103 816 natum
1142 747 1521 825 deprimatur.
1565 748 1699 807 Pari
1730 763 1908 824 passu
1946 747 2282 825 procedunt
2296 712 2487 824 illae3
2527 745 2676 806 haec
2717 745 3026 825 deficiens3
3067 745 3282 839 illaque
3311 751 3486 827 profi-

568 829 753 890 ciens:
815 827 1064 888 Perinde
1111 846 1183 886 ac
1222 827 1401 905 siquis
1442 825 1669 886 dolium
1709 826 1984 903 vti-inque
2023 837 2327 904 pertusum
2367 791 2594 885 inferne
2633 825 2880 902 deplens
2921 831 3171 904 superne
3215 827 3488 919 impleret

564 911 795 987 liquore
836 911 1050 985 altero,
1091 907 1193 984 qui
1232 906 1567 967 inferiorem
1610 907 1975 984 detruderet3
2016 916 2116 965 aut
2154 906 2412 982 aliquem
2443 903 2740 982 impurum
2773 905 3062 984 liquorem
3085 906 3486 970 subsidentem

568 1007 719 1068 puro
762 989 981 1066 Spiritu
1020 991 1273 1064 superne
1312 985 1579 1046 immisso
1619 986 1977 1046 deturbaret.

646 1071 1071 1128 Verumtamen
1109 1077 1408 1142 vtcunque
1444 1065 1715 1128 homines
1756 1065 2024 1126 instructi
2063 1065 2283 1142 Spiritu
2322 1063 2440 1125 Dei
2477 1063 2842 1142 proficiant'
2825 1085 2886 1124 ιιι
2910 1065 3130 1144 gratiae
3151 1066 3306 1128 illius
3325 1087 3487 1129 com-

567 1147 995 1241 municatione3
1054 1145 1117 1206 id
1176 1165 1411 1224 semper
1471 1147 1629 1224 apud
1688 1165 1898 1208 omnes
1959 1146 2158 1206 bonos
2216 1146 2272 1204 δι
2322 1144 2612 1205 veritatis
2640 1155 2904 1205 amantes
2943 1146 3329 1207 constitutum
3369 1159 3458 1210 est
3471 1193 3490 1227 ,

568 1227 865 1288 neminem
904 1247 978 1287 ex
1018 1226 1295 1288 omnibus
1335 1237 1473 1304 post
1511 1244 1753 1286 omnem
1795 1224 2105 1286 hominum
2143 1223 2491 1284 memoriam
2532 1235 2720 1285 totam
2758 1227 3012 1286 formam
3043 1237 3284 1288 nostrae
3317 1228 3490 1288 huius

570 1308 935 1386 Theologiae
974 1309 1231 1384 perfecte
1269 1325 1376 1384 per
1416 1306 1616 1368 omnia
1656 1323 1917 1384 vnquam
1956 1304 2477 1383 comprehendisse
2490 1349 2508 1382 ,
2549 1315 2650 1365 aut
2687 1306 2808 1366 hoc
2840 1314 3110 1383 tempore
3145 1306 3266 1367 vita
3294 1306 3356 1368 in
3375 1309 3488 1368 hac

567 1387 1107 1480 comprehendere,
1147 1398 1249 1447 aut
1289 1387 1409 1448 vllo
1450 1388 1655 1447 seculo
1694 1386 2261 1476 comprehensurum
2293 1403 2422 1444 esse
2441 1401 2832 1464 quemquam,
2853 1385 3036 1446 dum
3019 1405 3081 1446 ιιι
3101 1387 3215 1447 hac
3236 1386 3490 1449 statione

567 1467 779 1528 misera
817 1487 924 1545 per
962 1467 1141 1527 fidem
1182 1465 1546 1545 incedimus,
1587 1486 1661 1526 ac
1698 1484 1823 1527 non
1863 1484 1970 1543 per
2009 1464 2268 1544 speciem
2310 1463 2650 1525 obtinemus
2689 1467 2869 1526 finem
2908 1465 3082 1528 huius
3123 1467 3490 1546 Theologiae

565 1549 821 1626 fidesque
860 1558 1114 1608 nostrae.
1170 1549 1327 1606 Ν3ιιι
1364 1549 1451 1622 (vt
1496 1512 1685 1622 inquit
1726 1547 2085 1623 ApostoluS,
2133 1565 2184 1606 ι.
2232 1544 2500 1605 Corinth.
2548 1565 2637 1621 13.
2689 1548 2804 1622 ια.)
2845 1544 3142 1637 cernimus
3181 1563 3344 1608 nunc
3381 1567 3488 1625 per

566 1629 873 1704 speculum
914 1629 969 1688 δι
1002 1646 1108 1704 per
1145 1625 1449 1704 aenigma,
1490 1635 1633 1687 tunc
1672 1637 1871 1686 autem
1910 1627 2117 1685 coram
2157 1641 2496 1686 cernemus:
2539 1627 2716 1685 Nunc
2757 1625 3176 1702 cognoscimus
3196 1645 3269 1686 ex
3291 1639 3491 1707 parte,

566 1718 709 1768 tunc
750 1712 893 1768 vero
932 1723 1363 1784 cognoscemus
1402 1716 1581 1782 prout
1619 1704 1898 1766 fuerimus
1938 1703 2182 1784 cogniti.
2243 1705 2336 1765 Ac
2375 1704 2626 1782 proinde
2665 1705 2884 1794 gradus
2921 1705 3165 1783 quidem
3206 1705 3267 1766 in
3305 1709 3490 1768 modo

571 1787 937 1865 Theologiae
994 1796 1232 1847 nostrae
1293 1795 1430 1846 sunt
1489 1784 1979 1846 innumerabiles·
1964 1829 1982 1864 ,
2041 1804 2257 1864 nempe
2312 1795 2600 1863 quantum
2661 1786 2740 1846 ab
2793 1783 2915 1846 imo
2969 1785 3120 1847 illius
3160 1786 3350 1878 gradu
3389 1785 3494 1865 qui

576 1867 761 1929 nihilo
825 1876 914 1926 est
966 1865 1299 1944 proximus,
1339 1865 1418 1925 ad
1456 1883 1753 1927 summum
1792 1865 2044 1957 gradum
2083 1883 2264 1942 quem
2304 1867 2493 1925 homo
2533 1881 2838 1943 nunquam
2877 1875 3074 1942 potest
3113 1865 3460 1946 contingere
3475 1912 3493 1946 ,

580 1947 953 2006 interuallum
1002 1945 1217 2006 accidit
1272 1947 1325 2006 &
1368 1947 1659 2020 graduum
1700 1944 2056 2006 differentia.
2119 1946 2227 2005 sed
2266 1955 2466 2005 tamen
2505 1964 2582 2006 ne
2620 1944 2719 2006 ille
2757 1943 2996 2022 quidem
3037 1947 3164 2024 ipse
3205 1947 3492 2039 (quisquis

580 2036 670 2086 est
707 2026 809 2102 qui
850 2025 980 2086 dari
1019 2035 1215 2103 potest
1254 2025 1333 2086 de
1370 2025 1693 2086 hominum·
1718 2043 1966 2086 numero
2007 2025 2326 2102 eiusmodi)
2363 2024 2424 2084 in
2465 2041 2585 2102 quo
2627 2035 2834 2086 natura
2873 2043 3248 2117 summopere
3271 2023 3498 2088 minuta

581 2106 685 2184 sit,
734 2108 790 2164 δι
850 2123 1031 2182 quam
1084 2104 1337 2165 maxime
1390 2105 1575 2183 gratia
1614 2103 1929 2166 increuerit
1968 2105 2424 2182 inualueritque:
2464 2105 2649 2182 Igitur
2688 2123 2764 2165 ne
2803 2105 2901 2165 ille
2941 2106 3184 2182 quidem
3222 2105 3350 2198 ipse
3391 2107 3498 2184 qui

580 2203 689 2262 per
746 2185 992 2263 gratiam
1050 2185 1167 2246 Dei
1225 2190 1299 2246 ee
1353 2197 1594 2248 euectus
1634 2197 1723 2246 est
1736 2229 1754 2264 ,
1804 2195 1994 2246 totam
2035 2187 2289 2245 formam
2329 2194 2566 2245 nostrae
2603 2185 2772 2246 huius
2809 2185 3178 2264 Theologiae
3215 2185 3301 2246 sic
3342 2205 3498 2248 asse-

582 2275 798 2357 quutus
857 2277 971 2342 est,
1030 2274 1095 2324 vt
1152 2268 1417 2343 perfecto
1477 2264 1661 2326 modo
1724 2266 2053 2325 secundum
2113 2264 2326 2325 iustam
2387 2265 2936 2342 comprehensionis
2990 2267 3210 2344 legem,
3251 2277 3353 2326 aut
3393 2286 3498 2344 per

579 2345 781 2406 omnia
820 2361 1061 2422 quoque
1092 2346 1417 2406 secundum
1457 2364 1665 2406 omnes
1713 2343 2082 2422 Theologiae
2121 2355 2358 2404 nostrae
2398 2355 2594 2421 partes
2627 2344 2986 2436 perceperit,
3028 2365 3100 2406 ea
3131 2345 3496 2424 perfectione

578 2443 733 2517 quae
771 2443 909 2485 cum
948 2424 1151 2486 diuina
1190 2427 1385 2486 forma
1424 2424 1791 2505 Theologiae
1830 2435 2068 2485 nostrae
2110 2426 2176 2500 (f.
2227 2429 2422 2502 1419.)
2463 2425 2936 2485 conuenientiam
2976 2426 3176 2486 habet.
3218 2427 3495 2488 Profecto

582 2506 740 2566 enim
802 2505 851 2567 si
911 2505 1013 2583 qui
1073 2515 1209 2565 sunt
1268 2510 1430 2597 §nam
1490 2507 1567 2567 de
1625 2525 1881 2583 persona
1932 2503 2150 2565 Christi
2203 2506 2322 2565 hoc
2361 2507 2498 2565 loco
2541 2504 2686 2564 nihil
2726 2504 3009 2584 dicimuS,
3051 2505 3218 2566 cuius
3259 2507 3498 2585 propria

581 2585 914 2665 Theologia
950 2595 1042 2647 est
1078 2585 1344 2665 unioniS,
1383 2588 1545 2647 velut
1583 2587 1717 2647 fons
1756 2586 2167 2663 inexhaustus,
2206 2585 2366 2644 unde
2407 2596 2610 2645 nostra
2649 2587 2796 2645 haec
2825 2586 3158 2663 Theologia
3175 2586 3495 2677 deriuatur)

582 2684 719 2727 eum
759 2670 917 2727 certe
956 2664 1263 2726 hominem
1306 2666 1384 2726 de
1421 2684 1671 2726 numero
1713 2667 2142 2743 Prophetarum
2178 2676 2279 2725 aut
2301 2665 2730 2741 Apostolorum
2751 2665 2928 2726 fuisse
2947 2676 3212 2757 oportet,
3233 2665 3294 2725 in
3314 2685 3494 2744 quem

582 2746 897 2825 singularia
934 2747 1097 2806 dona
1136 2745 1450 2806 contulerit
1488 2745 1782 2806 Dominus
1824 2764 1935 2823 pro
1977 2744 2259 2823 singulari
2300 2744 2612 2804 vocatione
2653 2749 2706 2804 δι
2746 2712 3302 2806 administratione
3285 2747 3464 2825 1psius
3479 2792 3498 2825 ,

582 2828 661 2885 ad
722 2826 966 2903 Spiritus
1026 2824 1179 2885 illius
1232 2828 1287 2886 δι
1328 2824 1648 2903 sapientiae
1689 2825 1925 2917 diuinae
1965 2824 2550 2885 demonstrationem.
2625 2826 2808 2900 Quod
2847 2824 2896 2885 si
2928 2835 3124 2915 tamen
3166 2825 3358 2886 Eliam
3396 2837 3496 2887 aut

582 2906 878 2967 Elisaeum
920 2907 997 2967 de
1036 2905 1465 2997 Prophetarum
1505 2906 1731 2965 choro:
1782 2904 1831 2965 si
1872 2905 2203 2965 Iohannem
2244 2904 2566 2981 Baptistam
2579 2948 2596 2981 ,
2637 2922 2822 2981 quem
2859 2904 3146 2965 maiorem
3185 2907 3494 2997 Prophetis

584 2986 849 3047 Christus
887 2984 1020 3077 ipse
1053 2984 1495 3062 pronunciauit:
1537 2985 1587 3045 si
1619 2987 1888 3064 Petrum,
1928 2986 2245 3061 Iacobum,
2267 2984 2627 3063 Iohannem,
2669 2996 2772 3045 aut
2811 2986 3057 3045 Paulum
3079 2985 3458 3064 respiciamus
3477 3031 3495 3065 ,

584 3085 661 3126 ne
692 3066 753 3125 ιιι
793 3066 884 3126 his
922 3064 1193 3143 quidem,
1228 3076 1330 3125 aut
1360 3067 1481 3126 vllo
1511 3067 1725 3126 horum
1756 3030 2067 3125 hominum
2089 3064 2235 3141 Dei,
2256 3063 2537 3140 perfectio
2557 3029 2656 3124 illa
2676 3064 2854 3125 fuisse
2873 3064 3132 3125 dicenda
3151 3076 3267 3127 est·
3292 3069 3397 3129 sed
3419 3066 3498 3126 ita

586 3147 961 3206 statuendum
976 3189 994 3222 ,
1034 3146 1542 3221 quemadmodum
1579 3145 1641 3205 ιιι
1680 3145 1909 3205 ratione
1943 3145 2098 3205 vitae
2131 3146 2294 3204 Deus
2315 3144 2562 3221 gratiam
2584 3162 2750 3205 suam
2773 3144 2960 3205 voluit
2981 3148 3276 3221 sufficere,
3299 3157 3498 3208 nostra

586 3225 919 3285 infirmitate
958 3224 1233 3285 uirtutem
1274 3243 1441 3285 suam
1481 3225 1716 3303 perfici3
1758 3223 1840 3285 ita
1878 3224 2056 3284 etiam
2089 3224 2266 3283 fuisse
2300 3222 2628 3283 Consilium
2664 3225 2788 3285 eius
2807 3242 3015 3285 caussa
3037 3220 3208 3303 fidei,
3228 3236 3293 3287 vt
3313 3225 3498 3305 gratia

588 3304 769 3384 ipsius
809 3304 1022 3382 cuique
1064 3306 1360 3366 sufficeret
1399 3306 1454 3363 &
1497 3304 1710 3364 veritas
1750 3304 1929 3381 ipsius
1971 3304 2032 3364 in
2061 3303 2162 3364 illa
2193 3320 2499 3364 seruorum
2533 3303 2713 3381 ipsius
2734 3304 3016 3367 tenuitate
3035 3306 3496 3382 conquiesceret.

667 3388 844 3445 Hanc
883 3404 1011 3444 rem
1049 3385 1253 3461 paucis
1293 3384 1487 3445 verbis
1526 3384 1605 3444 ita
1635 3382 2063 3463 conclusimuS,
2115 3386 2280 3443 Thes.
2324 3400 2583 3443 xxxvm.
2623 3386 2856 3444 Etenim
2895 3393 3070 3444 totam
3110 3388 3332 3461 quidem
3365 3396 3495 3463 per-

574 3467 908 3544 fectamque
933 3465 1203 3541 formam
1242 3466 1415 3525 huius
1465 3465 1809 3540 Theologiae
1834 3472 2230 3543 perceperunt
2255 3465 2584 3541 Prophetae
2613 3466 2689 3523 ἂν·
2705 3467 3001 3543 Apostoli,
3035 3474 3102 3523 at
3114 3467 3500 3545 nonperfecte

585 3550 648 3606 in
687 3566 833 3607 sese·
877 3564 1111 3623 eamque
1149 3552 1325 3605 totam
1365 3546 1739 3603 tradiderunt
1772 3546 2074 3620 singu-lari
2109 3546 2321 3605 virtute
2361 3544 2653 3621 Spiritus:
2691 3546 2908 3621 reliqui
2943 3564 3133 3604 omnes
3172 3566 3272 3605 nec
3292 3557 3466 3606 totam
3479 3591 3497 3622 ,

587 3647 687 3687 nec
730 3627 1003 3704 perfecte.
1063 3626 1282 3685 Totam
1334 3626 1587 3684 sormam
1636 3623 2001 3701 Theologiae
2039 3624 2432 3701 appellamus,
2473 3641 2624 3702 quae
2665 3642 2875 3685 ornnes
2913 3624 3250 3685 essentiales
3289 3630 3379 3701 (vt
3419 3625 3499 3685 ita

586 3709 923 3800 loquamur)
962 3714 1157 3784 partes
1201 3704 1355 3765 illius
1395 3704 1839 3781 complectitur:
1880 3705 2204 3781 perfectam
2244 3708 2386 3764 vere
2430 3722 2581 3781 quae
2621 3723 2824 3765 verum
2861 3706 3108 3765 modum
3124 3705 3497 3783 ,iustumque

583 3808 655 3848 ac
699 3785 1146 3879 imperfectione
1186 3795 1485 3845 carentem
1528 3784 1718 3863 capit,
1756 3785 2086 3844 secundum
2126 3782 2348 3863 ipsam,
2383 3786 2436 3843 δι
2459 3785 2784 3845 secundum
2807 3794 3000 3861 partes
3022 3784 3316 3863 singulas
3301 3784 3496 3863 1psius.

588 3870 766 3927 Hanc
824 3866 999 3945 igitur
1058 3865 1453 3943 Theologiam
1492 3868 1759 3925 nostram
1798 3874 1988 3924 totam
2029 3864 2467 3941 perfectamque
2506 3866 2624 3923 hoc
2665 3881 2842 3925 sensu
2879 3866 3259 3943 appellatam,
3302 3870 3338 3925 a
3377 3868 3498 3942 ple·

592 3946 784 4024 risque
841 3957 1125 4026 negamus
1184 3956 1402 4023 totam,
1454 3954 1555 4004 aut
1605 3946 1866 4022 perfecte
1906 3944 2083 4004 fuisse
2119 3946 2634 4022 comprehensam:
2675 3945 2781 4005 sed
2823 3944 2872 4003 si
2909 3944 3012 4020 qui
3050 3963 3184 4005 eam
3224 3964 3496 4022 percepe—

591 4038 755 4104 runt,
793 4044 897 4087 eos
936 4029 1130 4087 solum
1170 4025 1349 4086 fuisse
1389 4027 1712 4116 Prophetas
1754 4027 1808 4084 ὅτ
1848 4025 2208 4102 Apostolos,
2228 4024 2306 4084 ad
2331 4040 2480 4099 quos
2500 4026 2761 4102 perfecta
2781 4023 3244 4085 communicatio
3263 4035 3499 4087 nostrae

590 4072 761 4167 huius
800 4106 1167 4197 Theologiae
1206 4104 1589 4183 inspiratione
1628 4103 1905 4184 singulari
1946 4108 2000 4164 &
2022 4068 2382 4163 reuelatione
2401 4106 2753 4181 peruenerit.
2793 4106 2998 4181 Itaque
3019 4115 3081 4163 vt
3103 4106 3312 4165 demus
3333 4124 3504 4165 sanc-

591 4184 851 4247 tissimos
911 4184 1043 4249 illos
1104 4185 1220 4245 Dei
1270 4204 1509 4263 seruos,
1548 4187 1871 4262 Prophetas
1912 4185 1968 4242 &
2007 4184 2358 4274 Apostolos,
2400 4194 2586 4245 totam
2627 4187 2882 4245 formam
2923 4183 3093 4245 huius
3135 4185 3500 4263 Theologiae

589 4265 955 4349 percepisse,
994 4267 1059 4327 id
1095 4266 1423 4325 secundum
1462 4264 1754 4343 principia
1790 4264 1970 4341 ipsius
2012 4262 2376 4341 Theologiae
2394 4262 2841 4342 intelligendum
2860 4274 2975 4325 est:
2997 4266 3500 4403 quemadffiOdum

3333 4364 3498 4405 osem
