3923 4875
1366 318 1702 364 ‘tunsus
1757 317 2404 366 rntonosrcaa.
3222 321 3332 387 235

1663 558 1993 618 Tnasrs
2054 573 2095 616 1.

499 733 898 796 Ministerium
944 737 982 792 a
1033 731 1426 793 ministrando
1479 731 1704 793 dictum
1721 778 1739 810 ,
1796 732 2145 810 generaliter
2203 732 2447 792 sumitur
2502 750 2612 812 pro
2664 733 2735 793 ea
2784 733 3019 796 actione
3060 737 3115 796 δι
3156 755 3339 815 opera

419 815 641 892 aliena,
681 813 800 890 qua
841 824 1121 890 tanquam
1157 812 1354 872 media
1393 814 1470 872 ad
1505 811 1728 890 aliquid
1763 814 2250 889 consequendum
2285 811 2535 889 vtimur3
2577 814 2733 874 vnde
2752 825 2957 891 postea
2979 821 3105 875 κατ’
3128 819 3339 891 stow

420 894 788 973 restringitur
827 894 906 952 ad
945 893 1208 971 regimen
1253 893 1588 970 Ecclesiae3
1627 893 1751 953 siue
1794 893 2122 970 spirituale,
2158 892 2326 970 quod
2364 892 2631 970 spiritum
2674 893 2939 972 respicit,
2978 895 3105 955 siue
3123 915 3335 973 corpo-

419 978 577 1052 rale,
632 975 796 1052 quod
839 991 1058 1050 corpus
1100 975 1331 1033 tantum
1373 977 1652 1050 (quorum
1694 972 1870 1032 etiam
1910 975 1956 1032 Ι.
2000 975 2433 1050 Presbyterale,
2476 975 2551 1032 11.
2596 972 2923 1034 Diaconale
2960 975 3209 1044 dicitur,
3252 995 3336 1034 se-

420 1057 684 1115 cundum
727 1071 1014 1132 personas
1053 1052 1554 1128 administrantes)
1589 1053 1726 1129 quia
1765 1054 1886 1112 hoc
1926 1053 2089 1112 Deus
2130 1057 2413 1130 tanquam
2436 1053 2632 1114 medio
2654 1054 2991 1114 inseruienti
3012 1056 3089 1114 ad
3110 1057 3335 1115 electos

418 1153 562 1195 suos
621 1133 996 1211 colligendos
1011 1177 1030 1206 ,
1098 1141 1316 1210 eosque
1359 1134 1648 1212 regendos
1689 1131 1885 1194 vtitur.
1927 1134 2055 1192 Nos
2092 1131 2191 1192 hic
2230 1132 2531 1208 ministerij
2576 1151 2796 1193 nomen
2838 1134 3211 1213 spiritualiter
3248 1151 3339 1195 su-

421 1215 637 1276 mimus
688 1233 801 1292 pro
857 1211 1144 1291 spirituali
1186 1213 1242 1272 δι
1297 1211 1688 1290 Presbyterali
1739 1214 1902 1288 (cum
1941 1212 2188 1274 caeteris
2226 1215 2404 1291 longe
2444 1215 2742 1292 praestet).
2781 1213 2817 1273 i.
2860 1233 2971 1292 pro
3010 1213 3334 1276 ministerio

420 1313 631 1356 eorum
671 1311 826 1370 quos
867 1291 1012 1353 dicit
1051 1309 1092 1352 1.
1132 1293 1289 1352 Tim.
1334 1307 1390 1370 5.
1439 1310 1526 1368 17.
1567 1294 1786 1353 Paulus
1827 1291 2049 1371 duplici
2088 1292 2461 1370 potissimum
2501 1293 2732 1354 honore
2772 1292 3017 1372 dignos,
3056 1296 3221 1371 quod
3260 1296 3339 1354 la·

420 1375 640 1436 borent
703 1373 764 1432 in
807 1391 1084 1434 sermone
1123 1373 1180 1433 &
1220 1370 1490 1432 doctrina
1507 1417 1522 1442 ‚
1566 1391 1672 1433 eos
1713 1371 2079 1452 distinguens
2118 1373 2195 1433 ab
2242 1371 2313 1432 iis
2353 1373 2707 1451 presbyteris
2748 1375 2850 1450 qui
2890 1373 3239 1453 disciplinae
3280 1376 3335 1435 δι

428 1455 710 1520 uetustae
750 1469 955 1513 curam
995 1453 1222 1513 tantum
1262 1453 1503 1513 habent.

509 1553 564 1592 2.
643 1535 726 1592 Vt
765 1544 964 1594 autem
1005 1532 1238 1593 diuersa
1279 1532 1584 1592 Ecclesiae
1625 1531 1808 1593 facies
1823 1577 1840 1610 ,
1877 1531 1965 1592 sic
2008 1531 2391 1592 ministerium
2412 1531 2699 1610 reperitur
2718 1533 3038 1594 diuersum.
3063 1537 3134 1594 In
3155 1533 3338 1594 veteri

423 1615 810 1674 Testamento
857 1611 1410 1674 adumbrationibus
1453 1613 1648 1672 futura
1689 1611 2323 1691 praesignificantibuS,
2364 1614 2419 1672 δι
2472 1611 2771 1672 sacrificiis
2811 1631 2963 1692 opus
3002 1625 3159 1694 erat3
3200 1613 3337 1674 ideo

423 1691 812 1752 ministerium
869 1694 988 1753 tale
1049 1691 1175 1754 siue
1213 1709 1416 1753 earum
1472 1709 1668 1753 rerum
1709 1691 2147 1754 administratio
2186 1691 2513 1753 obtinebat.
2558 1695 2640 1752 At
2679 1696 2821 1755 vero
2862 1695 2999 1754 cum
3040 1694 3101 1754 in
3148 1695 3225 1754 N.
3263 1697 3337 1754 T.

426 1774 672 1832 vmbrae
736 1772 1016 1833 desierint
1074 1773 1132 1833 δι
1185 1771 1424 1850 corpori
1461 1772 1742 1834 cesserint
1757 1816 1776 1851 ,
1817 1771 2121 1834 diuersum
2158 1772 2239 1832 ab
2280 1772 2383 1832 illo
2424 1772 2541 1832 iam
2584 1771 2971 1834 ministerium
3010 1773 3341 1852 requiritur.

423 1852 540 1912 Sed
579 1851 635 1910 ἃ
674 1851 737 1911 in
772 1851 1009 1913 diuersa
1047 1851 1354 1913 Ecclesiae
1389 1851 1651 1914 eiusdem
1694 1851 2115 1914 constitutione
2155 1853 2267 1914 sub
2308 1852 2523 1912 eodem
2563 1853 2805 1914 foedere
2818 1899 2835 1929 ,
2889 1854 3048 1914 varie
3088 1853 3343 1916 ministe-

425 1929 576 1992 n‘um
637 1931 940 1993 constituit
999 1931 1251 2008 Domi(f.
1297 1935 1608 2010 1722.>nus
1647 1932 1725 1992 ad
1781 1942 2047 2010 pastum,
2104 1933 2161 1992 δι
2202 1931 2567 1992 curationem
2609 1931 2647 2009 i;
2674 1933 2810 1994 siuS.
2853 1935 3007 1994 Nam
3050 1944 3337 2012 tanquam

425 2009 858 2072 medicamenta
920 2011 1136 2090 quibus
1197 2023 1435 2072 curetur
1487 2013 1736 2074 morbus
1776 2011 2079 2073 Ecclesiae
2092 2055 2111 2086 ,
2150 2011 2209 2071 in
2252 2011 2375 2071 eius
2416 2014 2802 2092 corruptione
2842 2013 2897 2072 δι
2932 2013 3101 2091 quasi
3140 2013 3313 2074 ruina
3326 2059 3346 2092 ,

427 2091 962 2152 extraordinarium
999 2091 1246 2152 instituit
1277 2091 1662 2154 ministerium
1677 2138 1694 2166 ‚
1735 2093 1790 2152 δι
1831 2092 2087 2168 aliquem
2130 2092 2205 2152 ad
2251 2091 2782 2154 extraordinarium
2824 2109 2975 2172 opus
2998 2095 3053 2153 in
3078 2093 3344 2154 Ecclesia

431 2169 768 2231 faciendum
810 2181 987 2233 vocat
1025 2171 1352 2234 secundum
1393 2183 1696 2252 vrgentem
1737 2173 2147 2234 necessitatem
2162 2217 2180 2247 ,
2220 2170 2684 2233 extraordinario
2728 2183 2829 2234 aut
2848 2183 2981 2233 ortu
2996 2219 3013 2248 ,
3034 2186 3135 2234 aut
3158 2185 3342 2236 motu.

431 2252 606 2327 quale
647 2250 754 2311 fuit
794 2251 1182 2312 ministerium
1215 2251 1403 2312 Mosis
1443 2253 1546 2330 qui
1585 2255 1781 2334 legem
1819 2252 1987 2313 tulit:
2030 2252 2227 2328 Eliae,
2266 2250 2369 2329 qui
2400 2253 2811 2313 labefactatam
2836 2253 3214 2313 Israeliticam
3233 2255 3343 2313 Ec·

427 2329 668 2391 clesiam
707 2331 1068 2410 repurgauit:
1112 2334 1544 2410 Apostolorum
1587 2335 1642 2394 δι
1684 2333 2192 2411 Euangelistarum
2208 2376 2225 2410 ,
2270 2331 2374 2408 qui
2412 2331 2799 2410 Euangelium
2821 2332 3095 2410 gentibus
3114 2351 3341 2393 annun-

429 2409 682 2489 tiaruntr,
739 2413 794 2473 δι
852 2410 1182 2491 primorum
1243 2421 1578 2473 nostrorum
1641 2413 2096 2475 instauratorum
2112 2458 2129 2491 ,
2174 2411 2278 2490 qui
2316 2411 2626 2473 Pontifici&
2666 2412 2977 2491 tyrannide
3015 2416 3339 2491 collapsam

429 2490 756 2551 Ecclesiam
797 2492 1076 2571 pristinae
1115 2510 1256 2553 suae
1295 2492 1532 2571 puritati
1571 2495 1974 2557 reddiderunt.
2015 2496 2328 2570 Tanquam
2370 2503 2603 2571 pastum
2624 2498 2765 2555 vero
2788 2493 3027 2555 exhibet
3045 2495 3343 2553 ordinario

430 2570 772 2633 ministerio.
831 2573 988 2649 Nos,
1047 2574 1188 2632 cum
1227 2572 1303 2633 de
1347 2573 1650 2635 Ecclesiae
1690 2576 1844 2636 bene
1883 2572 2238 2634 constitutae
2298 2582 2453 2633 statu
2496 2590 2675 2651 supra
2712 2584 2911 2634 actum
2954 2572 3060 2650 sit,
3100 2575 3178 2633 de
3217 2573 3343 2633 eius

429 2648 752 2713 ministerio
785 2650 1092 2712 ordinario
1107 2698 1124 2725 ,
1167 2652 1334 2729 quod
1374 2653 1630 2715 maxime
1667 2653 1728 2714 in
1771 2654 1842 2715 ea
1884 2652 2071 2731 viget,
2110 2652 2466 2713 instituimus
2507 2653 2725 2715 dicere.

507 2748 564 2806 3.
645 2730 762 2792 His
799 2731 1036 2810 positis,
1077 2732 1162 2791 sic
1207 2732 1546 2794 definimus:
1587 2733 1980 2795 Ministerium
2020 2732 2501 2793 Ecclesiasticum
2540 2744 2631 2793 est
2670 2748 2883 2794 munus
2912 2732 3037 2793 siue
3058 2731 3347 2809 officium,

428 2812 466 2869 a
525 2811 660 2871 Deo
722 2810 782 2871 in
829 2811 1098 2873 Ecclesia
1143 2830 1256 2891 pro
1301 2830 1406 2873 sua
1451 2818 1860 2895 φιλανθρωπίᾳ
1899 2812 2227 2874 institutum
2244 2856 2261 2883 ‚
2308 2811 2567 2889 virisque
2599 2814 2675 2873 ad
2718 2814 2777 2874 id
2818 2812 3075 2890 legitime
3114 2812 3342 2873 vocatis

432 2890 888 2971 demandatum,
947 2911 1020 2952 ex
1075 2908 1198 2969 quo
1262 2892 1382 2953 vita
1395 2938 1414 2971 ,
1471 2898 1528 2953 δι
1570 2896 1843 2953 doctrina
1883 2903 2258 2972 praeeuntes,
2297 2892 2565 2953 Verbum
2606 2896 2661 2955 δι
2702 2902 3067 2953 sacramenta
3104 2892 3343 2970 publice

427 2969 871 3050 administrant,
912 2974 968 3033 δι
1010 2971 1286 3049 priuatim
1323 2989 1806 3050 vnumquemque
1848 2974 2027 3050 otfic‘u‘
2071 2982 2344 3049 monent,
2385 2972 2463 3031 ad
2494 2973 2757 3034 fidelium
2798 2973 3307 3033 confirmationem
3324 3016 3343 3050 ,

431 3047 756 3109 infidelium
797 3050 1174 3112 vocationem
1190 3095 1210 3128 ,
1249 3054 1304 3113 δι
1345 3052 1743 3130 respuentium
1785 3051 2141 3113 euictionem
2157 3097 2176 3130 ,
2198 3062 2263 3111 vt
2282 3052 2417 3113 Deo
2438 3070 2549 3129 pro
2571 3052 2931 3131 benignitate
2952 3054 3007 3111 ἃ
3032 3052 3345 3113 clementia

431 3146 538 3189 sua
570 3149 710 3209 erga
749 3131 984 3203 fideles,
1026 3130 1242 3193 iustitia
1280 3135 1423 3194 vero
1463 3132 1522 3191 in
1565 3132 1898 3211 improbos,
1942 3132 2003 3193 in
2044 3142 2349 3193 aeternum
2389 3131 2578 3211 gloria
2619 3132 2910 3193 tribuitur.

510 3227 566 3282 4.
651 3210 744 3269 Ex
781 3226 905 3302 quo
945 3211 1100 3272 duos
1135 3211 1196 3271 in
1235 3210 1523 3289 Pastoris,
1559 3209 1686 3273 siue
1723 3212 2007 3291 Episcopi
2046 3215 2101 3274 ἃ
2138 3211 2473 3289 Presbyteri
2514 3213 2871 3289 (συνωνυμῶς
2906 3210 3063 3272 enim
3106 3211 3201 3271 illa
3222 3213 3345 3271 duo

431 3300 744 3349 sumuntur
802 3308 862 3349 m
925 3290 1106 3351 Sacra
1145 3292 1205 3351 S.
1257 3293 1370 3351 Tit.
1419 3312 1469 3351 1.
1515 3306 1569 3369 5.
1611 3292 1666 3351 δι
1712 3310 1763 3368 7.
1807 3298 1936 3353 Act.
1983 3312 2079 3353 20.
2124 3294 2243 3367 28.)
2284 3293 2501 3369 gradus
2540 3292 2903 3352 considerari
2936 3292 3344 3353 animaduerti-

432 3384 596 3429 must
658 3386 840 3431 vnum
897 3388 1280 3431 communem
1343 3374 1399 3431 ὅτ
1439 3372 1688 3431 alterurn
1742 3373 2069 3450 proprium.
2108 3370 2460 3433 Communis
2493 3384 2582 3431 est
2624 3374 2959 3449 exemplum
2978 3417 2994 3449 ,
3035 3390 3159 3449 quo
3192 3372 3347 3433 vitae

431 3449 659 3525 probae
697 3450 974 3511 omnibus
1015 3449 1302 3542 exemplis
1339 3470 1468 3511 sese
1507 3452 1822 3528 praebent:
1863 3454 1983 3513 hoc
2024 3452 2182 3513 enim
2222 3452 2428 3511 fideles
2467 3464 2753 3528 quantum
2792 3450 2853 3510 in
2884 3452 3024 3529 ipsis
3044 3463 3165 3529 est,
3188 3470 3347 3529 prae—

435 3538 594 3588 stare
633 3528 886 3590 debent:
931 3530 1036 3591 sed
1079 3530 1450 3608 potissimum
1497 3532 1738 3603 Pastor,
1786 3533 1902 3593 Tit.
1949 3552 2003 3593 2.
2048 3550 2101 3608 7.
2148 3532 2247 3609 qui
2284 3532 2419 3591 cum
2466 3530 2543 3591 sit
2582 3550 2835 3609 persona
2874 3532 3143 3609 publica.
3184 3530 3242 3590 in
3284 3550 3349 3591 se

435 3608 708 3669 omnium
763 3610 974 3671 oculos
1015 3610 1194 3670 habet
1232 3610 1572 3688 coniectos,
1615 3610 1872 3689 ideoque
1913 3610 2172 3690 primum
2210 3622 2273 3669 vt
2312 3610 2371 3669 in
2415 3610 2536 3670 vita
2587 3610 2815 3688 priuata
2848 3628 3029 3689 purus
3067 3611 3166 3689 sit,
3208 3611 3347 3671 eniti

435 3688 643 3749 debet:
703 3700 824 3749 tum
867 3688 926 3749 in
982 3700 1110 3749 tota
1149 3691 1638 3761 conuersatione,
1679 3694 1767 3767 (vt
1805 3690 1971 3768 pium
2012 3692 2069 3753 δι
2102 3708 2343 3770 grauem
2382 3690 2573 3749 virum
2614 3691 2813 3766 decet)
2850 3707 2985 3769 sua,
3025 3693 3080 3751 δι
3118 3690 3347 3768 vxoris,

433 3768 490 3827 ἃ
531 3767 886 3845 liberorum,
925 3770 982 3829 δι
1022 3768 1311 3845 famulitii.

517 3862 572 3923 5.
653 3850 828 3909 Alter
865 3848 926 3909 in
967 3848 1227 3911 Pastoris
1267 3848 1470 3909 officio
1511 3850 1762 3943 graduS,
1802 3860 1891 3911 est
1928 3849 2012 3910 illi
2051 3849 2355 3930 proprius,
2395 3849 2535 3926 quia
2572 3847 2657 3908 illi
2674 3848 2960 3927 competit
2982 3850 3207 3909 tantum
3228 3854 3348 3927 qua

435 3926 670 4005 Pastor,
708 3931 766 3990 δι
807 3931 954 3990 duas
997 3938 1198 4007 partes
1217 3928 1512 3990 continet:
1543 3928 2110 3991 administrationem
2131 3932 2189 3992 δι
2208 3928 2501 3990 ordinem.
2522 3928 3111 3990 Administrationem
3132 3941 3350 4007 autem,

429 4006 618 4067 Verbi
658 4009 715 4068 ἃ
759 4010 1302 4069 sacramentorum.
1345 4010 1557 4086 Itaque
1601 4008 1792 4086 prima
1832 4020 1918 4070 est
1955 4010 2125 4071 verbi
2168 4007 2597 4070 administratio
2610 4052 2627 4087 ‚
2669 4026 2821 4085 quae
2860 4020 2949 4071 est
2988 4026 3169 4069 sanae
3208 4010 3352 4070 doc-

431 4086 654 4159 trinae,
699 4099 823 4149 tum
865 4088 1110 4167 publice
1153 4088 1212 4148 in
1249 4088 1644 4149 concionibus
1683 4090 1872 4149 fidelis
1911 4089 2241 4168 propositio
2258 4134 2275 4159 ,
2318 4090 2441 4148 tum
2484 4088 2759 4166 priuatim
2800 4090 2855 4149 δι
2900 4090 3057 4167 apud
3092 4090 3356 4168 singulos

431 4184 544 4243 pro
581 4170 938 4230 necessitate
977 4168 1340 4245 explicatiO,
1377 4168 1636 4229 maxime
1675 4173 1820 4229 vero
1859 4169 2113 4230 afflictos
2154 4168 2279 4229 siue
2320 4168 2635 4247 spirituali,
2676 4167 2799 4229 siue
2818 4169 3113 4247 corporali
3134 4172 3352 4229 morbo

430 4248 714 4323 precibus
765 4250 822 4309 δι
879 4248 1305 4309 consolatione
1363 4248 1640 4309 leuando.
1683 4250 1880 4325 Atque
1921 4249 2069 4311 haec
2106 4248 2381 4309 immensi
2424 4258 2561 4308 sunt
2602 4247 2821 4309 laboris
2862 4266 2913 4311 1.
2965 4251 3115 4309 Tim,
3157 4269 3211 4323 4.
3264 4253 3354 4309 18.

428 4326 868 4407 lectionemque
909 4331 966 4390 ἃ
1012 4328 1288 4390 studium
1327 4328 1462 4407 iuge
1504 4328 1852 4387 desiderant.
1898 4336 2266 4411 Χιρισματα.
2306 4346 2367 4387 n.
2408 4328 2505 4389 illa
2524 4330 2751 4405 quaein
2774 4328 3067 4407 primitiua
3086 4328 3355 4389 Ecclesia

2994 4408 3345 4471 miraculose
