3923 4875
118 4105 125 4152 —
118 3947 125 4072 -..-
118 3701 125 3910 -.--,.-.

118 4591 131 4638 Q
118 4515 127 4558 5-
118 4351 129 4474 *-
118 4253 127 4312 “..

1412 424 1815 469 stanmcr
1875 424 2208 469 PARSII.
3148 408 3263 488 485

345 585 575 647 vicinos
618 604 827 648 omnes
842 632 859 663 ,
900 586 1003 665 qui
1042 588 1227 650 modo
1266 606 1441 650 nares
1482 604 1617 649 suas
1658 594 1745 666 (vt
1786 588 1867 649 ita
1906 587 2196 665 dicamus)
2237 588 2524 650 malitiose
2563 608 2684 649 non
2723 587 3195 668 compresserint,
3215 590 3272 650 &

346 667 741 727 odoramenta
796 666 899 727 illa
958 666 1205 745 Spiritus
1264 667 1412 745 Dei,
1472 668 1685 746 quibus
1744 668 2014 731 Ecclesia
2069 668 2438 747 perfunditur
2476 670 2530 729 δι
2570 667 2896 747 perfundit.
2935 668 3270 747 refugerint.

349 746 717 825 perfunditur
756 746 917 807 enim
956 766 995 806 a
1035 749 1173 808 Deo
1214 748 1483 809 caelitus:
1527 748 1827 827 perfundit
1864 760 2064 809 autem
2087 748 2146 811 in
2169 750 2338 810 terris
2357 752 2682 811 secundum
2703 752 2900 810 Deum
2923 769 3026 809 eos
3045 768 3272 827 omnes,

349 825 566 905 quibus
604 826 811 887 datum
852 837 941 887 est
978 826 1309 889 Ecclesiam
1352 830 1703 908 obseruare,
1747 834 1803 891 δι
1842 830 2084 909 Spiritui
2121 831 2236 891 Dei
2275 830 2624 891 inhabitanti
2664 830 2852 907 ipsam
2893 828 3134 889 minime
3167 830 3274 889 ob·

343 906 565 969 sistere.
609 909 991 985 Quapropter
1032 908 1111 967 ad
1152 908 1363 971 iustam
1397 908 1569 970 huius
1586 908 1978 971 similitudinis
1997 908 2442 989 intelligentiam
2463 910 2688 988 optime
2707 909 2984 989 distingui
3003 909 3272 971 ordinem

344 988 509 1047 illum
548 1006 789 1049 necesse
834 998 951 1065 est,
992 988 1321 1049 secundum
1360 1006 1539 1067 quem
1581 990 1877 1068 Propheta
1895 1008 2132 1051 causam
2155 994 2212 1051 δε
2233 992 2441 1052 effecta
2462 990 2833 1051 amoenitatis
2857 990 3274 1067 suauitatisque

344 1066 511 1128 istius
570 1066 631 1129 in
693 1067 967 1129 Ecclesia
1020 1066 1300 1148 distingui
1338 1070 1545 1131 voluit.
1586 1086 1765 1130 causa
1802 1072 1968 1131 Deus
2009 1081 2096 1131 est
2138 1070 2466 1131 Ecclesiam
2506 1070 2864 1148 perfundens
2878 1114 2897 1149 ‚
2937 1072 2992 1129 δι
3031 1069 3273 1146 quidem

341 1146 577 1210 actione
636 1149 789 1209 adeo
828 1147 1087 1226 gratiosa
1126 1161 1191 1210 vt
1230 1148 1461 1227 singula
1500 1152 1771 1211 membra
1808 1153 1843 1209 a
1882 1150 2076 1229 capite
2114 1152 2192 1211 ad
2233 1152 2460 1211 calcem
2503 1152 2559 1211 &
2598 1170 2734 1212 oras
2771 1150 2926 1228 ipsas
2963 1150 3272 1211 vestimen·

340 1239 541 1290 torum
600 1226 831 1289 imbuat
870 1230 1263 1290 odoramento
1301 1230 1539 1291 salutari
1576 1248 1705 1292 suo.
1772 1231 2000 1292 Effecta
2031 1235 2176 1292 vero
2215 1241 2352 1292 sunt
2389 1233 2538 1291 haec
2578 1232 2718 1291 tria:
2777 1231 3066 1309 primurn,
3109 1231 3271 1307 quod

339 1307 485 1369 nibil
524 1319 615 1369 est
652 1306 713 1369 in
753 1309 1051 1386 Ecclesia,
1090 1308 1235 1370 nihil
1277 1309 1607 1389 Ecclesiae,
1648 1330 1727 1371 ne
1766 1310 2112 1371 adiunctum
2153 1310 2392 1388 quidem
2436 1310 2547 1389 ipsi
2585 1313 2749 1389 quod
2791 1309 2848 1371 in
2895 1330 2958 1371 se
2977 1309 3272 1371 redditum

338 1406 464 1449 non
504 1387 579 1449 sit
616 1390 935 1449 odoratum
975 1388 1394 1451 benedictione
1434 1390 1570 1452 Dei.
1630 1392 1991 1466 Secundum,
2053 1392 2218 1469 quod
2260 1392 2412 1452 hanc
2454 1390 2798 1453 suauitatem
2837 1390 2963 1453 siue
3005 1392 3276 1452 fivoeotnr.

336 1486 489 1547 quae
532 1468 595 1529 in
634 1468 812 1530 nobis
850 1479 968 1549 est,
1014 1468 1111 1547 alii
1152 1470 1283 1533 aliis
1326 1480 1597 1532 testatam
1634 1470 1917 1551 facimus,
1958 1474 2016 1533 &
2047 1471 2558 1533 communicamus
2581 1472 2734 1533 inter
2754 1492 2866 1533 nos
2887 1490 2996 1550 pro
3021 1469 3272 1530 modulo

337 1548 675 1611 donationis
734 1548 975 1611 Christi.
1035 1550 1304 1611 Tertium
1320 1595 1339 1627 ‚
1400 1550 1565 1629 quod
1624 1550 1805 1613 etiam
1858 1562 2092 1613 exteros
2132 1553 2210 1612 ab
2251 1551 2521 1613 Ecclesia
2537 1598 2554 1630 ,
2615 1553 2829 1630 quibus
2869 1552 3270 1630 spectaculum

336 1628 479 1689 facti
518 1647 723 1691 sumus
736 1674 753 1707 ,
793 1630 1083 1691 afficimus
1122 1630 1547 1693 odoratissimis
1588 1632 1701 1693 illis
1739 1631 1999 1710 vestigiis
2037 1648 2192 1709 quae
2231 1632 2292 1692 in
2331 1631 2509 1693 nobis
2549 1631 2840 1710 impressit
2870 1634 3054 1693 Deus.

420 1711 619 1786 Atque
654 1711 775 1772 hoc
814 1710 1059 1789 quidem
1100 1710 1161 1771 in
1201 1711 1407 1789 primis
1446 1712 1527 1773 ad
1568 1731 1673 1773 eos
1712 1712 1966 1791 pertinet
1979 1758 1996 1791 ,
2037 1714 2092 1771 δι
2133 1712 2447 1790 obstringit
2489 1730 2594 1774 eos
2611 1711 3142 1781 vehementissime,
3167 1712 3267 1789 qui

342 1802 627 1867 tanquam
684 1791 931 1852 Aharon
992 1791 1073 1851 ad
1126 1810 1359 1853 sacrum
1400 1791 1787 1853 ministerium
1828 1792 2026 1853 vocati
2067 1802 2222 1853 sunt.
2275 1792 2362 1853 Hi
2399 1792 2556 1853 enim
2599 1793 2810 1855 sedulo
2849 1810 3091 1871 operam
3132 1792 3274 1852 dare

342 1871 593 1941 debent,
646 1881 711 1931 vt
759 1886 897 1932 cum
938 1873 1235 1963 Apostolo
1276 1870 1479 1931 dicant
1518 1890 1592 1933 ex
1630 1872 1913 1953 veritate3
1954 1872 2162 1933 Gratia
2203 1874 2338 1933 Deo
2355 1918 2375 1946 ,
2417 1872 2518 1950 qui
2559 1872 2723 1934 omni
2762 1884 3034 1951 tempore
3071 1870 3271 1931 trium·

338 1952 527 2029 phum
580 1950 721 2011 facit
778 1951 957 2013 nobis
1000 1969 1059 2011 m
1099 1950 1338 2013 Christo
1354 1997 1371 2026 .,
1414 1955 1469 2014 &
1510 1952 1847 2014 manifestat
1884 1972 1992 2031 per
2031 1970 2146 2013 nos
2181 1954 2438 2013 odorem
2479 1952 2834 2033 cognitionis
2873 1953 2962 2013 sui
3001 1951 3062 2013 in
3107 1952 3272 2013 omni

342 2032 481 2091 loco
496 2074 513 2109 ‚
578 2050 631 2090 2.
672 2032 813 2093 Cor.
860 2052 915 2093 2.
978 2050 1069 2105 14.
1118 2032 1240 2093 Sed
1289 2034 1519 2093 nullum
1574 2045 1663 2093 est
1720 2044 1841 2093 tam
1894 2033 2168 2103 exiguum
2213 2033 2546 2093 membrum
2588 2033 2684 2095 cui
2723 2052 2834 2111 pro
2877 2050 2986 2095 suo
3025 2033 3273 2092 modulo

342 2112 492 2171 haec
552 2128 793 2189 quoque
852 2111 1159 2191 prouincia
1198 2110 1621 2174 diffundendae
1661 2112 1811 2175 illius
1856 2116 2111 2181 δικιδίοις
2151 2132 2274 2173 non
2315 2113 2388 2175 sit
2425 2114 2800 2175 demandata.
2875 2112 3036 2189 Quid
3077 2108 3274 2173 enim?

340 2210 545 2251 annon
590 2210 799 2254 omnes
840 2191 1017 2253 etiam
1058 2190 1287 2253 minimi
1326 2192 1387 2253 in
1428 2211 1613 2285 regno
1652 2194 1955 2255 caelorum
1996 2193 2395 2255 odoramento
2447 2194 2550 2255 illo
2591 2194 2706 2255 Dei
2744 2194 2802 2255 in
2840 2192 3108 2254 Ecclesia
3147 2212 3272 2269 per·

338 2274 453 2331 fun
506 2269 675 2332 sunt?
740 2290 943 2333 annon
1004 2272 1255 2333 odorem
1298 2273 1463 2334 illum
1498 2291 1559 2333 1n
1601 2273 1871 2335 Ecclesia
1909 2284 2259 2352 perceptum
2299 2273 2358 2335 in
2400 2274 2610 2335 eadem
2652 2292 2804 2353 opus
2850 2285 2938 2335 est
2979 2271 3272 2334 exhiberi?

342 2368 548 2411 annon
609 2352 799 2413 odore
841 2352 945 2412 illo
984 2372 1183 2413 aerem
1224 2352 1703 2415 circumstantem
1738 2354 1821 2415 sic
1862 2352 2128 2431 impleri,
2169 2364 2232 2415 vt
2271 2354 2456 2415 exteri
2496 2354 2748 2415 sentiant
2789 2373 2899 2415 nos
2939 2354 2999 2414 in
3037 2350 3276 2415 Christo

346 2432 635 2494 odoratos
694 2427 859 2494 esse?
920 2435 1099 2510 quam
1140 2431 1455 2494 ridiculum
1496 2445 1585 2496 est
1599 2481 1616 2510 .,
1676 2433 1727 2495 si
1765 2433 1899 2513 quis
1940 2433 2396 2496 odoramentum
2436 2435 2656 2497 habere
2697 2436 2866 2514 velit,
2927 2439 2983 2496 δι
3023 2434 3274 2495 odorem

343 2511 617 2574 manibus
656 2511 1093 2592 comprimere?
1136 2513 1501 2575 Christianus
1540 2514 1805 2592 quisquis
1846 2516 2206 2594 appellatur,
2247 2525 2348 2576 aut
2387 2515 2844 2577 odoramentum
2879 2517 3068 2576 factus
3107 2525 3198 2575 est
3215 2515 3276 2575 in

343 2591 616 2672 Christo,
656 2597 713 2655 &
754 2593 931 2655 odori
970 2603 1061 2654 est
1096 2592 1256 2672 aliis3
1294 2605 1399 2656 aut
1437 2594 1489 2655 si
1526 2594 1699 2655 odori
1740 2613 1865 2657 non
1906 2605 2025 2672 est,
2081 2595 2198 2656 iam
2240 2614 2364 2657 non
2405 2605 2496 2656 est
2533 2597 2988 2658 odoramentum
3023 2594 3274 2656 Christi:

342 2674 495 2733 haec
532 2674 789 2736 suauitas
828 2692 951 2735 non
992 2683 1191 2752 potest
1230 2672 1417 2752 magis
1448 2674 1795 2753 comprimi,
1833 2679 2013 2753 quam
2045 2675 2532 2736 suauissimorum
2553 2677 3080 2738 odoramentorum
3099 2675 3277 2753 odor,

344 2751 448 2829 qui
507 2754 587 2815 ad
644 2773 751 2816 eos
810 2753 1073 2814 dimanet
1124 2754 1229 2832 qui
1286 2752 1671 2817 circumstant
1726 2774 1859 2818 nos.
1900 2757 2170 2816 Ecclesia
2203 2755 2700 2835 praestantissima
2739 2766 2828 2816 est
2867 2756 3278 2834 vnguentaria:

344 2831 556 2912 singuli
596 2832 659 2894 in
697 2833 969 2895 Ecclesia
1010 2845 1149 2896 sunt
1187 2833 1491 2895 narthecia
1529 2834 1949 2914 pretiosissima
1973 2881 1990 2914 ‚
2033 2835 2082 2897 si
2125 2837 2204 2898 ad
2245 2835 2654 2898 conditionem
2675 2851 2842 2896 suam
2864 2837 3018 2896 bene
3040 2853 3278 2911 aspexe-

342 2912 479 2974 rint.
559 2915 733 2974 Haec
786 2925 1119 2994 vnguenta,
1172 2915 1323 2976 haec
1376 2916 1765 2976 odoramenta
1816 2935 1925 2976 cur
1969 2914 2440 2978 dissimulemus?
2503 2933 2610 2977 cur
2649 2934 2772 2976 non
2811 2910 3114 2976 colamus?
3171 2931 3278 2974 cur

346 2992 563 3054 muscis
618 2993 843 3056 iniectis
898 2999 987 3072 (vt
1026 2994 1271 3074 Sapiens
1309 2995 1372 3055 in
1414 2995 1769 3058 Ecclesiaste
1808 2996 2094 3074 loquitur)
2135 3017 2268 3089 cap.
2311 3016 2402 3058 10.
2437 3017 2495 3058 v.
2539 3017 2590 3057 1.
2630 2991 3110 3074 corrumpamus?
3149 2995 3274 3056 Cur

342 3073 751 3151 disperdamus
766 3121 783 3152 ,
824 3074 1105 3153 proiectis
1144 3075 1263 3136 huc
1301 3076 1443 3136 illuc
1480 3077 1537 3136 &
1578 3075 1935 3155 proculcatis
1975 3087 2254 3138 aromatis
2295 3095 2448 3153 quae
2485 3077 2566 3136 ad
2605 3075 3042 3138 confectionem
3065 3091 3270 3136 eorum

344 3163 485 3214 sunt
524 3150 715 3232 opus?
754 3154 991 3216 Etenim
1030 3158 1119 3232 (vt
1156 3155 1454 3234 Propheta
1492 3155 1708 3236 inquit)
1749 3158 1978 3218 bonum
2019 3159 2076 3218 &
2115 3173 2436 3217 amoenum
2465 3167 2552 3218 est
2583 3156 2850 3217 habitare
2869 3157 3074 3216 fratres
3095 3153 3270 3216 etiarn

343 3237 500 3294 vna:
542 3233 603 3295 in
642 3235 759 3295 hac
798 3235 1219 3297 coniunctione
1258 3235 1368 3296 sita
1408 3245 1499 3296 est
1534 3237 1889 3299 amoenitas:
1925 3257 2000 3298 ex
2039 3239 2152 3297 hac
2172 3236 2614 3298 cohabitatione
2635 3255 2707 3297 ac
2725 3237 2908 3297 veluti
2925 3235 3273 3298 confusione

346 3316 405 3374 δι
444 3315 991 3394 contemperatione
1030 3325 1363 3378 aromatum
1404 3317 1665 3396 exsurgit
1704 3316 1851 3378 illud
1890 3316 2146 3395 spiritale
2183 3327 2548 3396 vnguentum
2579 3315 2892 3409 optimum,
2927 3315 3092 3394 quod
3112 3318 3275 3376 Deus

346 3393 490 3455 olim
532 3394 819 3456 materiali
856 3397 1149 3476 figurabat
1164 3439 1181 3474 ‚
1234 3407 1299 3456 vt
1358 3395 1653 3458 Dauidem
1715 3399 2005 3458 habemus
2065 3406 2370 3459 auctorem
2410 3397 2583 3458 huius
2623 3396 3133 3476 interpretationis.
3174 3396 3274 3457 Ad

346 3473 519 3535 buius
578 3476 863 3554 vnguenti
923 3475 1407 3538 constitutionem
1446 3495 1633 3554 vsque
1676 3477 1831 3539 adeo
1874 3478 2200 3538 secundum
2240 3479 2436 3540 Deum
2471 3477 2812 3539 communio
2859 3475 2960 3537 illa
2999 3477 3274 3551 sancto(f.

352 3557 623 3632 754Jrum
661 3559 717 3616 &
760 3563 1085 3637 συγκρασία
1124 3557 1453 3618 necessaria
1492 3568 1613 3636 est,
1652 3569 1717 3618 vt
1754 3556 2100 3636 insipidum,
2155 3561 2211 3618 δι
2251 3559 2600 3636 inodorum,
2639 3577 2712 3618 ac
2751 3556 2948 3635 potius
2987 3555 3273 3617 foetidum

348 3634 453 3712 sit,
496 3633 789 3713 quidquid
826 3637 889 3696 in
928 3635 1039 3696 ista
1078 3637 1503 3699 communione
1542 3637 1783 3698 minime
1822 3637 2174 3699 continetur.
2205 3640 2422 3700 Totum
2449 3639 2908 3699 odoramentum
2927 3647 3018 3698 est
3036 3635 3275 3714 Christi,

348 3734 423 3776 ex
472 3732 595 3793 quo
650 3717 781 3777 solo
819 3717 875 3774 &
914 3715 973 3776 in
1014 3733 1139 3794 quo
1177 3717 1431 3779 odorata
1468 3728 1558 3779 est
1596 3716 1942 3779 communio
1983 3729 2211 3798 nostra,
2273 3730 2452 3797 prout
2487 3718 2549 3778 in
2589 3716 2840 3778 Cantico
2887 3715 3271 3777 Canticorum

350 3793 637 3857 docemur
676 3795 913 3876 passim.
954 3795 1127 3858 huius
1165 3797 1541 3859 odoramenti
1574 3819 1645 3858 ea
1682 3809 1891 3858 natura
1930 3809 2020 3860 est
2057 3809 2122 3858 vt
2161 3809 2442 3876 tanquam
2483 3801 2682 3860 oleum
2723 3798 2902 3858 stillet
2936 3815 3042 3875 per
3081 3807 3274 3858 totum

352 3876 657 3937 Ecclesiae
716 3893 933 3954 corpus
992 3880 1030 3936 a
1089 3877 1281 3955 capite
1332 3879 1413 3939 ad
1464 3881 1661 3940 calces
1711 3877 1881 3938 illius.
1935 3877 2039 3956 qui
2077 3878 2140 3940 in
2169 3880 2294 3939 -hac
2335 3878 2761 3940 communione
2798 3877 3016 3939 Christi
3054 3876 3274 3937 versari

346 3954 541 4034 cupit,
600 3972 737 4017 eum
800 3957 861 4017 in
920 3957 1345 4018 communione
1406 3958 1709 4020 Ecclesiae
1762 3977 1889 4020 sese
1938 3977 2092 4036 opus
2145 3969 2235 4020 est
2273 3958 2604 4032 continere,
2663 3975 2844 4035 quam
2885 3957 3275 4035 praecedente

348 4037 585 4096 Psalmo
643 4055 717 4096 ex
771 4035 1004 4098 Dauide
1057 4037 1477 4118 cognouimus,
1536 4044 1592 4100 81
1632 4040 1915 4101 membris
1954 4037 2068 4100 sibi
2107 4039 2376 4099 adunatis
2413 4039 2476 4099 in
2517 4037 2756 4099 Christo
2797 4047 3138 4098 constanter
3171 4037 3274 4098 ad-

348 4117 611 4178 haerere.
650 4117 825 4177 Solus
864 4117 1133 4178 Christus
1172 4118 1419 4180 seorsim
1460 4118 1745 4180 odoratus
1786 4129 1903 4197 est,
1944 4129 2126 4196 atque
2165 4120 2317 4180 adeo
2357 4119 2811 4180 odoramentum
2831 4117 3054 4196 ipsum:
3095 4135 3274 4178 nemo

348 4205 617 4256 nostrum
656 4196 781 4258 sine
823 4196 1063 4259 Christo
1102 4201 1159 4260 δι
1198 4198 1327 4259 sine
1370 4197 1645 4260 fratribus
1684 4217 1813 4260 esse
1854 4201 2140 4262 odoratus
2179 4209 2413 4277 potest:
2471 4197 2595 4260 sine
2636 4198 2894 4272 Christo,
2951 4197 3090 4274 quia
3129 4198 3276 4258 odo-

354 4287 621 4337 ramento
660 4287 778 4355 est,
818 4278 875 4335 81
914 4297 1025 4338 nos
1065 4277 1127 4339 in
1166 4299 1241 4340 eo
1281 4279 1443 4340 bona
1486 4280 1803 4358 fragrantia
1842 4297 2044 4341 sumus
2085 4299 2292 4340 coram
2331 4279 2629 4340 Domino:
2673 4278 2799 4338 sine
2825 4276 3118 4351 fratribus,
3139 4275 3274 4354 quia

358 4371 575 4434 corpus
632 4356 807 4418 simul
866 4367 1057 4418 totum
1070 4405 1087 4438 ,
1147 4377 1272 4419 non
1330 4368 1530 4420 autem
1588 4362 1942 4438 fastuosum,
2004 4359 2314 4420 confidens
2329 4405 2346 4438 ,
2395 4369 2498 4420 aut
2537 4358 2902 4419 fastidiosum
2941 4359 3274 4418 membrum

356 4435 603 4498 seorsim
662 4437 1029 4516 perfunditur
1086 4440 1277 4502 odore
1316 4439 1555 4502 Christi.
1635 4440 1897 4502 Omnino
1940 4438 2365 4518 perfectionem
2405 4436 2782 4502 amoenitatis
2819 4437 2993 4498 huius
3030 4436 3276 4582 insstituit

3141 4534 3272 4578 eus:
