3923 4875
578 266 651 322 82
1538 274 1640 317 nr.
1702 269 1927 317 vexa
1985 271 2526 316 ‘remotorum

577 454 780 514 causa,
820 437 1147 497 Ecclesiam
1188 435 1575 496 Vniuersalem
1612 432 1949 495 consideret
1987 433 2258 494 absolute
2272 477 2291 512 ,
2335 444 2439 493 aut
2476 451 2609 494 eam
2650 448 2788 493 cum
2820 432 3046 495 mundo
3067 435 3294 512 reliquo
3315 457 3482 498 com·

578 528 775 596 paret,
836 528 936 577 aut
974 516 1023 576 si
1060 515 1192 593 quis
1230 521 1420 577 totam
1459 513 1765 574 veritatem
1804 513 2069 574 diuinam
2105 523 2308 574 nostra
2346 514 2461 573 hac
2499 512 2832 590 Theologia
2869 532 3206 591 expressam
3237 517 3484 577 seorsim

576 597 637 656 in
676 615 741 656 se
779 597 919 656 velit
956 595 1291 674 expendere
1304 639 1323 674 ,
1362 595 1461 655 vel
1500 611 1636 654 cum
1674 592 1920 654 veritate
1958 601 2204 653 naturae
2241 604 2482 653 nostrae
2521 593 2601 652 ad
2637 593 2728 652 sui
2757 591 3182 654 institutionem
3205 597 3262 656 δι
3280 597 3484 674 ampli·

576 677 912 737 ficationem
964 675 1199 736 diuinae
1254 675 1475 753 gratiae
1514 673 1903 734 committere.
1942 674 2205 733 Rursum
2241 675 2386 733 vere
2427 672 2551 733 eius
2589 671 2770 750 ipsius
2807 671 2920 750 rei,
2959 673 3126 734 cuius
3143 674 3206 734 in
3225 676 3483 736 solidum

574 756 979 816 consideratur
1036 755 1251 816 veritas
1264 799 1281 834 ,
1342 763 1536 832 partes
1596 753 1811 814 eodem
1872 752 2060 812 modo
2118 751 2293 812 nobis
2343 762 2718 830 exponuntur
2731 798 2750 831 ,
2801 755 2860 812 δι
2897 754 3199 832 expositae
3235 774 3274 814 a
3308 755 3485 816 nobis

575 837 981 914 explorantur,
1043 845 1327 926 tanquam
1378 833 1429 894 si
1470 849 1861 910 vnaquaeque
1900 830 2079 892 totius
2119 851 2254 909 pars
2291 841 2486 892 totum
2526 830 2774 908 aliquod
2811 849 2920 910 per
2966 852 3030 893 se
3069 835 3481 895 constitueret:

576 915 1084 994 quemadmodum
1134 933 1185 974 si
1224 915 1354 992 quis
1394 913 1723 974 Ecclesiam
1764 911 2211 972 Corinthiorum
2251 921 2355 972 aut
2393 911 2854 990 Philippensium
2869 955 2890 990 ,
2929 922 3031 972 aut
3068 913 3243 974 aliam
3282 931 3488 992 quam·

572 995 717 1056 libet
755 995 818 1055 in
855 994 1189 1073 particulari
1226 997 1313 1069 (vt
1348 994 1695 1071 loquuntur)
1734 991 2228 1052 considerandam
2267 990 2604 1069 susciperet.
2639 991 2792 1052 Ctim
2811 1001 3008 1052 autem
3029 993 3312 1073 partium,
3329 1011 3486 1072 quae

576 1074 1025 1135 considerantur
1063 1074 1365 1134 intellectu
1402 1083 1641 1151 nostro,
1679 1070 2046 1148 comparatio
2085 1071 2189 1130 fiat
2227 1071 2680 1149 exploretur-que
2719 1075 2757 1131 a
2795 1071 2974 1131 nobis
3005 1071 3158 1132 inter
3187 1091 3251 1133 se
3279 1091 3486 1134 secun·

576 1155 721 1214 dum
780 1155 1069 1215 rationem
1128 1153 1307 1214 totius
1354 1153 1538 1231 vnici,
1586 1160 1687 1211 aut
1726 1152 1904 1212 etiam
1954 1150 2326 1210 diuersorum
2339 1194 2358 1228 ,
2399 1153 2715 1229 propterea
2754 1151 2962 1211 harum
3003 1170 3245 1230 quoque
3286 1171 3486 1214 rerum

574 1234 727 1294 inter
778 1251 841 1294 se
890 1232 1425 1312 comparandarum
1477 1231 1689 1292 veritas
1728 1231 1997 1308 iustaque
2033 1230 2184 1290 ratio
2221 1231 2556 1310 Theologia
2595 1230 2806 1290 eadem
2847 1230 3204 1311 ostenditur,
3236 1251 3314 1294 ne
3353 1233 3486 1310 quis

576 1317 613 1373 a
671 1313 917 1374 veritate
978 1314 1179 1374 diuina
1192 1358 1211 1392 ,
1256 1329 1410 1390 quae
1450 1313 1578 1372 sola
1616 1309 1880 1370 salutaris
1918 1321 2009 1371 est
2045 1328 2120 1370 ac
2157 1320 2319 1370 certa
2356 1311 2574 1372 veritas
2587 1355 2605 1389 ,
2644 1311 2918 1370 aberrare
2957 1310 3163 1388 possit.
3203 1313 3487 1390 quemad-

577 1393 825 1454 modum
864 1394 914 1455 si
951 1393 1112 1472 quis,
1150 1394 1319 1454 verbi
1354 1391 1567 1471 gratia,
1606 1391 1964 1451 beneficium
2003 1388 2316 1450 creationis
2355 1408 2496 1451 cum
2534 1389 2908 1470 prouidentia
2945 1391 3008 1450 in
3028 1402 3238 1452 natura
3255 1409 3450 1452 rerum
3466 1438 3485 1468 ,

575 1483 677 1534 aut
716 1472 1007 1535 beneficia
1046 1473 1333 1551 naturalia
1372 1491 1510 1533 cum
1547 1469 1847 1532 beneficiis
1886 1477 1923 1529 a
1960 1469 2148 1548 gratia
2186 1468 2728 1548 profisciscentibus
2765 1481 3098 1550 comparet,
3139 1471 3218 1531 ad
3253 1471 3486 1532 inuesti-

575 1554 833 1631 gandam
892 1557 948 1613 δι
1007 1553 1438 1632 assequendam
1502 1549 1687 1628 magis
1730 1547 2034 1628 magisque
2073 1549 2398 1610 veritatem.
2439 1550 2637 1610 Huius
2673 1559 2871 1610 autem
2917 1549 3173 1610 veritatis
3211 1550 3489 1611 diuinitus

576 1651 886 1711 expressae
943 1631 1004 1692 in
1044 1632 1377 1710 Theologia
1436 1640 1639 1691 nostra
1652 1674 1669 1709 ,
1728 1639 1891 1690 certa
1927 1630 2222 1706 quaedam
2261 1629 2541 1690 attributa
2579 1639 2744 1708 sunt,
2785 1646 2940 1706 quae
2979 1629 3216 1708 proprie
3253 1630 3314 1690 in
3357 1631 3486 1708 ipsa

576 1711 913 1790 obsignauit
962 1713 1155 1788 Deus,
1194 1723 1261 1772 vt
1298 1730 1431 1772 eam
1468 1713 1506 1768 a
1544 1709 1846 1772 consortio
1884 1708 2148 1786 reliquae
2186 1708 2475 1788 veritatis,
2515 1727 2668 1788 quae
2705 1710 2768 1769 in
2805 1719 3015 1770 natura
3053 1726 3248 1770 rerum
3285 1711 3484 1771 obser-

578 1801 749 1852 uatur
762 1837 781 1869 ,
820 1790 1223 1870 potentissime
1261 1790 1606 1850 vindicaret.
1646 1789 1773 1848 Etsi
1810 1793 1955 1850 vero
1995 1787 2158 1850 istius
2195 1789 2426 1867 generis
2465 1807 2644 1867 quam
2683 1789 2938 1868 plurima
2967 1789 3180 1850 adferri
3213 1799 3488 1868 possunt,

576 1889 651 1930 ex
711 1869 795 1930 eis
850 1879 1051 1931 tamen
1106 1870 1424 1949 praecipua
1485 1868 1777 1946 quaedam
1826 1871 1883 1928 &
1936 1874 2166 1928 summa
2219 1869 2415 1946 capita
2455 1887 2568 1930 vna
2605 1881 2709 1930 aut
2746 1871 2928 1930 altera
2965 1869 3149 1930 Thesi
3185 1869 3484 1948 complexi

576 1967 807 2028 sumus,
848 1969 923 2010 ex
962 1949 1177 2028 quibus
1214 1949 1346 2028 piae
1383 1951 1440 2011 &
1479 1949 1800 2027 prudentes
1839 1945 2072 2008 animae
2113 1948 2229 2007 alia
2265 1948 2332 2008 id
2371 1965 2586 2028 genus,
2625 1949 2674 2009 si
2713 1965 2832 2026 qua
2871 1958 3038 2029 sunt,
3077 1969 3152 2010 ex
3189 1950 3305 2010 Dei
3342 1950 3486 2010 doc·
3588 1952 3605 1965 ’

576 2028 731 2088 trina
788 2029 1065 2107 perfacile
1122 2039 1523 2108 assequentur.
1583 2027 1682 2089 Sic
1742 2027 1901 2088 enim
1960 2026 2264 2087 statuimus
2323 2029 2553 2106 pauciS,
2607 2029 2772 2088 Thes.
2813 2045 2986 2088 xxvr.
3043 2031 3220 2088 Haec
3255 2031 3484 2089 Veritas

576 2116 810 2188 sancta,
850 2111 1039 2188 iusta,
1078 2119 1250 2187 atque
1275 2109 1551 2189 perfecta
1590 2117 1705 2187 est,
1742 2109 1953 2186 quippe
1991 2125 2142 2184 quae
2181 2108 2338 2166 nihil
2353 2108 2644 2188 profani,
2688 2109 2917 2186 iniusti,
2956 2109 3284 2188 imperfecti
3297 2111 3482 2188 docet,

576 2189 831 2266 nihilque
870 2191 1084 2269 sancti,
1122 2191 1291 2268 iusti,
1314 2189 1576 2268 perfecti
1610 2208 1726 2248 non
1768 2189 1953 2266 docet,
1991 2195 2058 2248 vt
2089 2188 2178 2246 ad
2207 2189 2644 2248 sanctimonium
2685 2190 2750 2247 in
2788 2187 2948 2248 nobie
2961 2231 2980 2267 ,
3020 2191 3295 2250 iustitium
3335 2209 3484 2266 erga

578 2287 797 2347 omnes,
840 2269 917 2328 ὁ·
940 2271 1366 2349 perfectionem
1393 2277 1517 2348 per
1555 2269 1749 2328 omnia
1788 2285 1964 2343 quam
1989 2265 2418 2344 perfectissime
2453 2269 2810 2343 dirigamur.

652 2347 767 2408 His
806 2349 1011 2426 paucis
1049 2348 1244 2410 verbis
1282 2346 1619 2408 essentiales
1648 2345 1877 2422 aliquot
1901 2345 2290 2423 proprietates
2309 2345 2542 2408 diuinae
2560 2345 2818 2407 veritatis
2837 2345 3025 2408 visum
3047 2357 3136 2408 est
3153 2366 3450 2426 exponere
3468 2393 3485 2424 ,

571 2437 892 2506 antequam
930 2429 1009 2491 de
1046 2428 1357 2490 virtutibus
1396 2427 1660 2489 eiusdem
1697 2422 1958 2487 veritatis
1987 2423 2200 2487 exinde
2229 2426 2727 2504 consequentibus
2745 2425 3094 2507 diceremus,
3113 2428 3280 2507 quod
3297 2428 3478 2489 Thesi

570 2509 839 2586 proxime
904 2519 1185 2587 sequente
1241 2506 1453 2569 facturi
1512 2524 1731 2567 sumus.
1776 2504 1885 2565 tria
1940 2504 2119 2582 igitur
2155 2504 2438 2566 attributa
2475 2518 2614 2567 sunt
2630 2551 2648 2585 ,
2689 2524 2844 2585 quae
2882 2507 2960 2568 de
3005 2508 3248 2569 veritate
3285 2508 3402 2569 hac
3440 2512 3480 2568 a

569 2588 745 2649 nobis
783 2587 1232 2668 praedicantur:
1273 2587 1551 2648 nimirum
1588 2585 1753 2663 quod
1790 2592 2026 2661 sancta,
2065 2587 2247 2664 iusta,
2285 2593 2458 2663 atque
2487 2587 2750 2664 perfecta
2771 2597 2877 2647 est.
2919 2588 3154 2648 Etenim
3189 2587 3239 2648 si
3257 2598 3479 2649 rectam

567 2666 814 2729 alicuius
877 2667 1184 2729 doctrinae
1225 2665 1711 2729 constitutionem
1750 2668 1907 2724 recte
1945 2663 2205 2743 placebit
2245 2668 2553 2743 explorare
2567 2711 2586 2743 ,
2623 2665 2871 2728 omnino
2909 2666 3021 2727 tria
3059 2669 3208 2729 haec
3247 2678 3485 2746 oportet

568 2747 909 2808 obseruari:
952 2750 1155 2808 Vnum
1168 2792 1187 2828 ,
1226 2758 1291 2808 vt
1328 2746 1391 2807 in
1430 2765 1493 2807 se
1530 2747 1693 2806 bona
1732 2744 1841 2805 sit:
1884 2746 2156 2804 Alterum
2169 2788 2188 2823 ,
2227 2754 2290 2805 vt
2333 2763 2473 2823 erga
2509 2746 2695 2807 alios:
2735 2745 3001 2807 Tertium
3015 2792 3032 2826 ,
3073 2757 3138 2807 vt
3157 2766 3265 2825 per
3283 2746 3486 2808 omnia

568 2826 643 2886 sit
681 2827 863 2889 bona.
904 2828 1061 2888 Nam
1100 2826 1151 2887 si
1190 2826 1333 2905 quid
1372 2827 1589 2887 horum
1628 2822 2054 2885 desiderabitur
2089 2822 2153 2884 in
2191 2823 2464 2885 doctrina
2501 2827 2648 2905 vlla,
2690 2844 2817 2887 non
2855 2836 3051 2905 potest
3079 2826 3290 2889 merito
3321 2836 3486 2887 recta

568 2906 947 2982 pronunciari
982 2906 1137 2967 illius
1174 2904 1537 2967 constitutio.
1574 2903 1673 2964 Ad
1712 2904 1865 2963 haec
1900 2902 2079 2981 igitur
2115 2902 2314 2965 officia
2343 2904 2748 2983 respicientes,
2770 2906 3022 2967 totidem
3041 2906 3321 2967 attributa
3337 2906 3484 2967 veri-

568 2985 675 3044 tati
712 2986 948 3047 diuinae
986 2988 1415 3066 arrogauimuS,
1455 3002 1641 3064 quum
1682 3002 1815 3043 eam
1852 2993 2118 3043 sanctam
2157 2983 2220 3043 in
2259 3002 2386 3044 sese
2399 3029 2418 3065 ,
2458 2985 2670 3047 iustam
2709 3005 2849 3065 erga
2885 3004 3123 3066 omneS,
3161 2988 3218 3047 &
3257 2988 3484 3065 perfec·

566 3072 691 3124 tam
730 3084 859 3126 esse
897 3084 1004 3143 per
1041 3066 1243 3127 omnia
1282 3067 1630 3127 diceremus.
1673 3060 1909 3123 Etenim
1947 3062 2090 3141 quid
2129 3074 2398 3124 sanctum
2413 3110 2432 3145 ,
2473 3065 2689 3126 iustvm
2704 3110 2723 3144 ,
2763 3068 2819 3126 δι
2865 3067 3193 3144 perfectum
3223 3065 3286 3126 in
3305 3066 3482 3127 rebus

565 3144 837 3205 humanis
875 3155 977 3205 aut
1015 3146 1225 3206 creatis
1262 3146 1393 3207 vllis
1430 3142 1709 3205 affirmari
1746 3150 1978 3221 posset,
2015 3144 2298 3223 obsecro,
2339 3163 2482 3222 prae
2519 3145 2620 3205 illa
2657 3145 2928 3224 veritate,
2967 3162 3121 3224 quae
3159 3150 3198 3207 a
3236 3148 3404 3224 De0,
3423 3149 3482 3206 δι

565 3224 889 3284 secundum
928 3226 1127 3286 Deum
1166 3222 1289 3286 est?
1328 3244 1469 3286 nam
1506 3224 1631 3284 siue
1668 3223 2052 3299 archetypam
2091 3222 2399 3283 veritatem
2437 3234 2697 3304 specteS,
2735 3226 2872 3285 fons
2911 3235 3001 3285 est
3017 3226 3289 3305 perennis
3309 3244 3483 3285 sanc-

562 3300 871 3383 timoniae,
928 3305 1458 3382 perfectionisque:
1518 3303 1642 3363 siue
1701 3301 2205 3363 communicatam
2263 3302 2423 3363 illam
2481 3308 2520 3363 a
2567 3306 2703 3365 Deo
2751 3305 3060 3366 veritatem
3107 3308 3164 3383 ξι
3217 3306 3479 3365 humano

563 3381 765 3459 generi
805 3382 1134 3461 expositam
1148 3430 1167 3464 ,
1206 3382 1635 3445 sanctissimum
1678 3391 1767 3442 est
1780 3426 1798 3460 ,
1837 3380 2214 3441 iustissimum
2227 3426 2246 3460 ,
2287 3383 2343 3442 δι
2381 3384 2866 3460 perfectissimum
2899 3388 2988 3462 (vt
3006 3403 3143 3446 cum
3163 3384 3479 3446 artificibus

560 3462 793 3539 loquar)
852 3464 1157 3523 castellum
1216 3464 1398 3525 fontis
1456 3461 1611 3523 illius
1624 3506 1642 3540 ,
1702 3459 1826 3521 siue
1885 3464 2376 3539 conceptaculum
2435 3464 2492 3522 δι
2534 3474 2714 3542 caput
2751 3481 2943 3543 aquae
2982 3465 3279 3545 salutaris,
3316 3464 3478 3524 vnde

560 3540 896 3603 hauriamus
945 3561 1155 3603 omnes
1192 3542 1617 3604 sanctimoniae
1631 3586 1650 3620 ,
1688 3539 1969 3619 iustitiae,
2014 3540 2509 3620 perfectionisque
2548 3543 2883 3605 doctrinam
2923 3544 3306 3606 certissimam
3321 3590 3339 3623 ,
3380 3544 3480 3605 cui

558 3638 670 3681 nos
730 3621 1001 3701 religiose
1060 3625 1499 3683 conformemus
1512 3666 1531 3700 ,
1591 3629 1998 3697 exspectantes
2057 3622 2387 3699 praemium
2447 3622 2586 3684 fidei
2643 3634 2912 3705 nostrae,
2967 3626 3030 3685 id
3069 3634 3190 3701 est,
3229 3626 3476 3686 salutem

558 3700 888 3761 animarum
927 3712 1283 3765 nostrarum.
1331 3722 1356 3761 1
1402 3702 1566 3761 Petr.
1616 3720 1667 3760 1.
1708 3720 1766 3777 9.
1804 3700 2047 3759 Horum
2087 3703 2228 3762 vero
2267 3701 2713 3782 attributorum,
2752 3722 2906 3781 quae
2944 3704 3069 3765 iure
3101 3704 3474 3766 meritissimo

556 3780 784 3841 veritati
842 3781 1077 3842 diuinae
1133 3782 1443 3843 tribuimus
1457 3826 1475 3859 ,
1513 3780 1727 3840 modus
1768 3782 1805 3839 a
1843 3778 2020 3839 nobis
2061 3780 2376 3859 dupliciter
2414 3782 2744 3843 ostenditur
2759 3829 2776 3864 ,
2826 3785 2882 3843 δε
2921 3784 3441 3862 comprehenditur
3455 3828 3474 3865 ,

556 3864 772 3938 nempe
812 3861 1135 3922 substantia
1152 3908 1169 3943 ,
1210 3864 1265 3922 &
1306 3864 1520 3923 effectu
1561 3858 1821 3920 veritatis
1859 3858 2030 3919 illius.
2077 3862 2177 3920 Ad
2209 3860 2598 3922 substantiam
2617 3862 2851 3923 diuinae
2871 3862 3128 3925 veritatis
3149 3864 3476 3926 secundum

554 3937 701 3997 haec
740 3940 1019 4001 attributa
1038 3941 1189 4002 inter
1209 3943 1277 4019 (f.
1305 3943 1479 4017 1407)
1499 3940 1769 4000 homines
1792 3938 2316 4000 demonstrandam
2335 3940 2459 4001 duo
2479 3951 2616 4002 sunt
2639 3960 2816 4021 opus:
2858 3946 3061 4003 Vnum
3080 3943 3364 4022 quicquid
3384 3944 3474 4004 his

553 4017 843 4078 attributis
876 4020 1247 4101 aduersatur,
1282 4024 1457 4101 plane
1495 4018 1817 4080 remoueri:
1852 4019 2151 4097 Alterum,
2182 4018 2462 4097 quicquid
2481 4022 2556 4081 de
2579 4022 2806 4083 ratione
2823 4024 3039 4084 horum
3057 4034 3145 4083 est
3167 4024 3474 4084 attributo-

554 4112 703 4173 rum,
742 4098 805 4158 id
847 4099 924 4159 de
960 4099 1205 4163 veritate
1244 4100 1444 4161 diuina
1482 4102 1657 4177 plane
1676 4096 2033 4159 confirmari.
2072 4098 2238 4161 Prius
2259 4099 2349 4159 his
2369 4102 2564 4164 verbis
2587 4101 2994 4180 expressimuS,
3011 4104 3216 4163 diuina
3235 4106 3477 4165 veritate

553 4176 707 4233 nihil
724 4178 1067 4267 prophani,
1106 4183 1337 4260 iniusti,
1380 4182 1457 4241 ἂν·
1494 4180 1817 4257 imperfecti
1850 4180 2078 4237 doceri:
2121 4179 2412 4257 posterius
2451 4180 2593 4260 illis,
2633 4184 2789 4242 nihil
2819 4184 3009 4241 sancti
3035 4184 3178 4243 iusti
3179 4182 3448 4262 perfecti
3453 4227 3472 4257 ,

553 4255 716 4335 quod
754 4258 995 4333 quidem
1030 4259 1104 4318 sit
1133 4261 1409 4319 διδακτὸν
1449 4265 1547 4319 καὶ
1587 4260 1878 4333 μαθητὸν,
1914 4256 1977 4317 id
2017 4268 2136 4337 est,
2170 4259 2336 4334 quod
2355 4260 2558 4321 doceri
2573 4306 2591 4339 ,
2611 4262 2786 4341 disci,
2806 4272 2982 4340 atque
3003 4261 3139 4322 sciri
3157 4264 3373 4342 possit,
3401 4280 3473 4320 ea

3355 4360 3473 4401 non
