3923 4875
1469 342 1873 387 rRANC1sct
1925 341 2132 395 JUNn
2192 343 2392 385 VITA.
3311 343 3377 404 15

468 504 645 564 ratio·
630 549 649 583 ,
688 505 789 564 vbi
828 505 883 563 &
924 503 1213 563 librorum
1254 503 1428 581 copia
1466 506 1846 565 abundabam
1875 505 1931 564 &
1970 505 2133 565 varia
2150 505 2250 564 illa
2269 504 2488 578 studia,
2511 519 2767 593 quorum
2784 498 3079 561 desiderio
3099 501 3385 579 flagrabat

466 584 725 676 animuS,
767 582 915 644 citra
954 583 1444 662 impedimentum
1484 587 1852 647 excolebam.
1906 585 2002 645 lbi
2031 602 2214 662 quum
2244 585 2323 646 ad
2351 584 2572 646 variam
2603 581 3047 660 multiplicemq.
3069 581 3387 642 lectionem

464 663 827 724 insaturabili
860 663 1059 724 animo
1094 665 1458 724 attenderem
1476 663 1749 743 ,optime
1769 669 1910 726 sane
1932 675 2110 742 atque
2130 665 2479 742 tempestiue
2497 665 2688 755 (quod
2708 662 2936 722 dictum
2957 662 3390 721 adolescentiae

464 747 630 819 volo)
696 743 959 805 eruditus
1010 742 1108 804 ille
1158 743 1251 804 vir
1290 746 1608 806 obseruato
1649 744 1887 824 ingenio
1928 764 2067 805 meo
2109 744 2405 807 consuluit
2445 742 2591 804 mihi
2628 744 2706 803 de
2743 740 3073 802 studiorum
3113 759 3383 801 meorum

464 835 592 883 tota
629 824 891 902 ratione,
930 823 1137 884 dicens
1174 824 1378 885 videre
1417 843 1481 885 se
1525 829 1705 902 quam
1748 828 1961 886 multas
2002 828 2058 886 &
2098 825 2286 886 varias
2324 824 2609 885 lectiones
2644 821 3008 882 instituerem
3040 821 3165 881 sine
3197 823 3383 882 modo

467 907 522 964 &
562 904 691 964 sine
728 905 883 963 fine:
924 913 1231 982 expertum
1269 924 1333 965 se
1372 923 1592 982 magno
1626 908 1787 965 malo
1808 921 1951 984 su0,
1975 906 2119 966 mihi
2137 915 2444 997 auctorem
2483 923 2639 977 esse,
2679 913 2745 963 vt
2764 901 2827 962 id
2845 920 2922 961 ne
2941 903 3236 960 facerem:
3259 905 3383 960 non

464 1001 681 1062 nempe
717 983 905 1044 iuuari
943 985 1062 1044 hoc
1102 994 1314 1076 pacto,
1352 986 1459 1044 sed
1498 985 1831 1063 perturbari
1868 951 2091 1062 studia,
2131 988 2187 1046 81
2230 984 2466 1064 ingenia
2485 983 2688 1045 obrui:
2711 981 2772 1042 id
2805 981 2947 1041 mihi
2963 980 3160 1058 potius
3179 998 3384 1041 curan-

466 1064 610 1123 dum
670 1083 831 1141 esse,
872 1073 937 1123 vt
974 1073 1201 1124 certum
1240 1029 1497 1141 aliquem
1538 1064 1867 1126 studiorum
1908 1083 2178 1126 meorum
2216 1082 2468 1143 scopum
2507 1073 2646 1124 ante
2685 1063 2895 1123 oculos
2933 1079 3220 1138 ponerem
3258 1061 3385 1139 ipse

466 1143 639 1221 mihi,
698 1143 761 1203 in
811 1160 989 1221 quem
1048 1143 1223 1204 vnice
1284 1147 1339 1204 &
1400 1163 1630 1220 semper
1669 1144 2258 1224 collimarem3ci1m
2299 1145 2576 1206 omnibus
2617 1142 2794 1204 simul
2833 1139 3039 1202 studiis
3079 1159 3193 1201 nec
3233 1141 3383 1218 vita,

464 1241 580 1283 nec
638 1242 805 1284 mens
864 1224 1121 1284 humana
1179 1234 1357 1300 queat
1414 1226 1710 1285 sufficere:
1770 1225 1883 1286 alia
1920 1230 2064 1286 vero
2105 1224 2296 1286 studia
2336 1227 2392 1286 δι
2430 1223 2668 1285 alterius
2704 1220 3034 1300 argumenti
3072 1220 3256 1281 libros
3295 1221 3381 1281 sic

465 1312 810 1380 tractarem,
847 1315 913 1365 vt
944 1302 1323 1365 ancillaturos
1363 1303 1507 1364 mihi
1543 1303 1621 1364 ad
1659 1323 1911 1382 scopum
1952 1322 2152 1366 meum
2195 1303 2598 1366 contendenti.
2659 1305 2803 1362 Hoc
2822 1319 2934 1380 ego
2955 1302 3380 1361 documentum

465 1381 659 1460 reipsa
695 1383 963 1474 comperi
1002 1383 1064 1442 in
1096 1394 1223 1445 tota
1261 1383 1383 1444 vita
1420 1384 1687 1461 perutile.
1740 1385 1861 1444 Sed
1900 1384 1960 1445 in
2001 1385 2093 1446 his
2134 1397 2336 1447 tamen
2366 1382 2670 1463 principiis
2711 1382 2834 1442 duo
2873 1380 3199 1460 grauissimi
3231 1381 3380 1458 peri-

468 1461 881 1540 culosissimiq.
913 1464 1140 1542 scopuli
1180 1465 1554 1525 offenderunt
1595 1464 2057 1525 adolescentiam
2098 1475 2320 1526 meam:
2357 1481 2611 1542 quorum
2650 1463 2838 1523 altero
2857 1462 3141 1539 perualde
3164 1461 3379 1521 exerci-

467 1553 623 1604 tatus
680 1559 844 1616 sum,
905 1546 1091 1604 altero
1150 1547 1305 1636 pene
1356 1560 1694 1622 oppressus.
1752 1547 1908 1606 Nam
1972 1550 2061 1623 (vt
2097 1545 2357 1606 maxima
2397 1555 2488 1606 est
2527 1543 2683 1604 illius
2720 1541 2880 1603 vrbis
2921 1542 2976 1600 δι
3017 1541 3382 1602 incredibilis

469 1627 645 1701 plane
703 1621 965 1699 licentia)
1004 1623 1295 1685 faeminae
1335 1626 1390 1684 δι
1428 1626 1662 1702 puellae
1700 1623 1955 1702 aliquot,
1996 1631 2065 1703 τῇ
2103 1627 2378 1685 &vasania
2416 1625 2683 1703 litanteS,
2723 1624 2975 1682 ruebant
3014 1622 3280 1681 certatim
3321 1621 3382 1680 in

470 1723 595 1781 me,
635 1714 701 1763 vt
737 1722 935 1796 meam
964 1713 1215 1765 aetatem
1247 1715 1711 1782 corrumperent:
1714 1704 1834 1782 idq.
1838 1722 2045 1766 eorum
2075 1705 2340 1782 ipsorum
2351 1689 2664 1780 consilio,
2694 1705 2731 1761 a
2762 1701 2975 1780 quibus
2997 1701 3140 1761 mihi
3159 1701 3383 1780 optime

469 1784 805 1844 consultum
843 1783 917 1844 iri
968 1785 1309 1845 confidebat
1348 1795 1535 1862 pater.
1575 1787 1646 1845 In
1686 1786 1901 1846 horum
1939 1801 2189 1846 numero
2228 1786 2399 1847 facile
2439 1785 2718 1865 princeps
2757 1782 3000 1860 quidam
3037 1781 3182 1840 nihil
3220 1781 3383 1842 dissi-

470 1866 701 1924 mulans
714 1909 733 1943 ,
792 1863 1167 1942 impudenter
1214 1864 1571 1944 obiurgabat
1610 1885 1707 1925 me
1766 1864 2061 1957 quotidie,
2121 1867 2424 1926 affirmans
2480 1882 2786 1942 nunquam
2849 1881 2946 1922 me
3005 1880 3240 1922 comem
3283 1872 3383 1921 aut

470 1947 760 2004 vrbanum
816 1946 946 2006 fore
962 1987 979 2022 ,
1039 1945 1233 2006 donec
1291 1965 1536 2037 operam
1594 1946 1737 2006 dare
1795 1945 2126 2038 coepissem
2186 1950 2275 2023 (vt
2323 1945 2519 2007 aiebat
2558 1945 2678 2021 ille)
2718 1941 3050 2021 amoribuS,
3089 1944 3145 2002 &
3187 1941 3382 2002 multis

471 2024 877 2102 sermonibuS,
916 2024 1256 2116 artibusque
1294 2024 1355 2086 in
1395 2025 1793 2118 perditionem
1832 2025 2093 2086 animam
2132 2045 2327 2086 meam
2367 2026 2708 2087 sollicitans.
2726 2027 2934 2116 Itaque
2953 2023 3080 2082 dies
3097 2023 3152 2081 &
3173 2032 3380 2082 noctes

468 2106 829 2182 appetebant
867 2123 1045 2164 canes
1087 2103 1221 2166 illae
1259 2105 1623 2182 promiscue,
1664 2105 1932 2166 nescium
1969 2104 2115 2184 quid
2135 2104 2248 2166 sibi
2267 2107 2516 2185 vellent,
2538 2108 2595 2166 δι
2615 2103 2917 2194 grauitatis
2938 2104 3381 2178 honestattsque

467 2183 620 2245 illius
634 2229 653 2259 ‚
691 2202 869 2262 quam
908 2184 969 2244 in
1009 2185 1196 2246 domo
1236 2195 1483 2262 paterna
1520 2186 1813 2265 videram,
1852 2185 2107 2246 subinde
2145 2187 2577 2247 recordantem.
2619 2188 2830 2262 Neque
2869 2183 2931 2243 id
2965 2183 3211 2242 seorsim
3251 2193 3379 2242 ten-

466 2265 673 2324 tabant
728 2263 1015 2343 singulae,
1073 2265 1459 2326 verumetiam
1520 2276 1721 2327 ternae
1778 2275 1880 2326 aut
1939 2276 2257 2344 quaternae
2315 2266 2490 2328 simul
2542 2265 2829 2327 consertis
2871 2263 3142 2323 manibus
3183 2261 3245 2321 in
3282 2281 3380 2322 me

468 2343 770 2404 irruebant
823 2344 1375 2423 immodestissime,
1431 2355 1498 2406 vt
1546 2347 1840 2423 perducto
1878 2347 1957 2407 ad
1996 2363 2163 2408 suam
2201 2346 2602 2423 impuritatem
2639 2344 2840 2406 animo
2884 2362 3019 2403 meo
3061 2342 3136 2401 de
3176 2341 3380 2419 spoliis

462 2422 707 2501 pudoris
766 2425 881 2486 mei
938 2424 1384 2518 triumpharent.
1443 2426 1720 2487 Tandem
1778 2431 1923 2487 vero
1983 2428 2134 2489 adeo
2191 2446 2286 2487 me
2325 2426 2537 2506 puduit
2574 2426 2806 2487 illarum
2845 2420 3273 2502 impudentiae,
3314 2431 3379 2483 vt

461 2522 646 2582 quum
684 2524 803 2566 vna
840 2506 1037 2567 multis
1073 2505 1473 2597 spectantibus
1512 2526 1610 2567 me
1648 2506 1934 2568 amatorie
1975 2518 2132 2568 esset
2169 2507 2382 2567 adorsa
2419 2510 2633 2586 palpo,
2673 2524 2786 2599 ego
2827 2507 3036 2565 contra
3057 2504 3375 2579 colaphum

462 2602 705 2662 grauem
738 2584 794 2645 ei
823 2586 1191 2664 impegerim:
1194 2603 1371 2663 quem
1404 2586 1505 2646 illa
1522 2586 1881 2647 addubitans
1902 2597 2092 2647 vtram
2111 2586 2174 2647 in
2193 2590 2370 2665 par(f.
2392 2608 2446 2664 9.
2451 2590 2599 2662 >tem
2617 2588 2941 2676 acciperet,
2963 2582 3169 2643 defixis
3189 2583 3377 2643 oculis

462 2674 685 2725 attenta
742 2666 1003 2744 respexit
1062 2665 1141 2726 ad
1200 2686 1299 2727 me
1313 2711 1331 2745 ,
1371 2666 1792 2745 aliquantisper
1830 2668 2156 2728 obseruans
2195 2667 2452 2745 aliquam
2493 2667 2612 2728 mei
2646 2666 2830 2727 animi
2869 2630 3374 2754 significationem.

462 2753 525 2805 vt
585 2754 783 2805 autem
836 2766 961 2807 rem
1001 2745 1213 2807 seriam
1252 2750 1289 2806 a
1328 2765 1425 2806 me
1464 2764 1593 2807 esse
1632 2748 1812 2822 vidit,
1853 2758 1980 2807 tum
2020 2746 2122 2808 illa
2162 2747 2680 2809 vociferationibus
2720 2748 2776 2807 &
2816 2744 3075 2806 eiulatib.
3113 2741 3378 2820 impleuit

460 2825 740 2916 domum,
781 2826 1166 2903 omniumque
1205 2825 1386 2886 risum
1424 2824 1770 2905 imprudens
1810 2825 1870 2887 in
1910 2846 2064 2905 sese,
2105 2830 2415 2888 stultorum
2449 2828 2625 2889 odia'
2608 2848 2668 2887 ιιι
2689 2846 2786 2888 me
2806 2821 3143 2887 concitauit.
3181 2826 3378 2899 Atque

460 2904 573 2965 hae
610 2904 851 2981 quidem
890 2904 1247 2967 tentationes
1285 2907 1530 2966 crebrae
1572 2907 1652 2967 ita
1690 2926 1785 2967 me
1825 2918 2244 2987 exercuerunt,
2283 2918 2348 2967 vt
2384 2909 2460 2969 de
2489 2929 2586 2969 me
2618 2908 2954 2967 clanculum
2987 2902 3375 2963 subducendo

460 2983 783 3045 insalutatis
841 2984 1173 3064 hospitibus
1230 3004 1512 3077 persaepe
1551 2982 1968 3079 cogitauerim,
2007 2989 2062 3047 &
2102 2988 2444 3065 recipiendo
2485 2989 2546 3048 in
2589 2998 2892 3066 paternam
2933 2986 3199 3044 domum.
3259 2984 3376 3042 Sed

458 3062 609 3124 aliae
668 3083 741 3125 ex
791 3065 1045 3127 aduerso
1107 3084 1203 3126 me
1262 3064 1651 3145 cogitationes
1708 3065 1956 3126 inuitum
2016 3066 2377 3128 detinebant:
2417 3067 2762 3146 praesertim
2803 3065 2968 3143 quod
3005 3060 3282 3141 reputatis
3319 3064 3374 3122 &

460 3144 767 3205 subductis
826 3162 965 3206 cum
1005 3144 1208 3206 animo
1248 3165 1385 3207 meo
1423 3146 1750 3208 rationibus
1790 3149 1920 3207 fore
1960 3156 2309 3225 statuerem,
2349 3158 2414 3207 vt
2452 3147 2536 3209 illi
2573 3147 2684 3225 ipsi
2723 3145 2984 3223 hospites
3029 3143 3155 3221 (qui
3193 3142 3378 3233 gratia

459 3225 619 3301 apud
673 3234 938 3304 patrem,
993 3243 1142 3285 vnus
1182 3225 1358 3287 etiam
1386 3226 1749 3318 ‚auctoritate
1793 3228 2030 3287 valebat
2076 3227 2420 3318 plurimum)
2462 3229 2772 3288 malefacta
2809 3243 2916 3295 sua
2955 3223 3116 3284 mille
3155 3220 3377 3282 artibus

458 3312 809 3365 excusantes
846 3305 1212 3367 adducerent
1248 3325 1345 3366 me
1382 3305 1444 3366 in
1484 3306 1693 3367 odium
1739 3305 1949 3385 patris,
1989 3306 2092 3397 qui
2129 3306 2364 3367 illorum
2405 3308 2625 3368 iudicio
2669 3307 2855 3386 magis
2876 3315 3029 3367 esset
3047 3302 3375 3363 crediturus

457 3386 639 3461 qnam
698 3385 875 3445 aetati
934 3406 1135 3465 meae,
1195 3395 1297 3445 aut
1334 3384 1678 3448 alieniorem
1720 3393 1877 3447 certe
1916 3386 2181 3446 animum
2219 3384 2400 3464 ipsius
2439 3390 2762 3449 efficerent.
2841 3385 3105 3447 Inuictus
3145 3385 3224 3443 ab
3264 3382 3375 3443 ista

456 3474 623 3541 peste
678 3432 1135 3527 adolescentiae
1153 3486 1262 3543 per
1298 3466 1415 3526 Dei
1452 3466 1731 3545 gratiam,
1771 3466 1936 3528 alteri
1975 3468 2135 3527 malo
2175 3468 2460 3529 succubui
2500 3470 2706 3547 plane,
2747 3476 2924 3545 atque
2968 3465 3028 3526 in
3069 3483 3142 3524 eo
3183 3463 3371 3541 iacui,

458 3544 656 3604 donec
695 3544 965 3606 misertus
1008 3557 1098 3607 est
1139 3544 1255 3606 mei
1292 3544 1553 3624 optimus
1591 3547 1688 3607 ille
1714 3514 1994 3607 caelestis
2032 3549 2204 3607 Pater
2217 3553 2365 3627 ,qui
2389 3568 2483 3609 me
2502 3548 2713 3627 elegit
2697 3567 2756 3607 m
2778 3548 3014 3609 Christo
3035 3546 3112 3605 ab
3133 3554 3373 3604 aeterno

456 3623 781 3715 secundum
823 3625 1259 3703 beneplacitum
1299 3626 1615 3687 voluntatis
1654 3644 1813 3687 suae.
1853 3627 2010 3687 Illud
2049 3630 2270 3688 malum
2301 3639 2391 3688 est
2410 3629 2682 3707 ἀθεότης,
2705 3631 2926 3689 malum
2946 3623 3376 3717 grauissimum,

454 3702 517 3763 in
558 3703 723 3765 cuius
766 3706 1221 3766 consensionem
1261 3707 1317 3765 &
1357 3706 1851 3783 approbationem
1890 3706 2110 3767 sensim
2150 3708 2469 3785 perductus
2510 3726 2640 3768 sum
2682 3709 2874 3769 aliena
2893 3705 3172 3784 audacia,
3194 3703 3286 3763 &
3269 3724 3371 3763 ιιιι-

456 3784 769 3859 prudentia
808 3805 961 3847 mea.
1012 3785 1291 3864 Memini,
1330 3802 1514 3862 quum
1554 3786 1740 3847 libros
1770 3790 1857 3847 M.
1897 3786 2073 3863 Tullij
2112 3788 2188 3847 de
2229 3786 2457 3865 legibus
2494 3807 2601 3865 per
2637 3788 2783 3848 illud
2821 3799 3052 3865 tempus
3066 3831 3083 3865 ,
3128 3794 3372 3843 auctore

456 3863 513 3921 δι
552 3880 795 3925 suasore
834 3866 1033 3926 Anulo
1095 3865 1194 3943 (de
1236 3882 1357 3943 quo
1396 3870 1534 3927 ante
1576 3866 1721 3942 dixi)
1762 3866 2191 3946 expenderem,
2232 3868 2288 3927 δι
2328 3878 2500 3928 notas
2538 3868 2824 3945 quasdam
2864 3868 2927 3928 in
2969 3884 3070 3927 eos
3111 3864 3371 3923 animad-

454 3943 871 4034 uersionesque
929 3945 1301 4037 colligerem,
1362 3946 1564 4007 venire
1618 3948 1920 4008 hominem
1975 3946 2053 4007 ad
2097 3967 2221 4027 me,
2285 3948 2341 4007 δι
2381 3947 2481 4007 illa
2519 3947 2760 4026 Epicuri
2803 3947 2986 4009 verba
3023 3962 3176 4021 quae
3214 3943 3371 4003 libro

455 4021 652 4100 primo
712 4035 974 4104 exstant,
1033 4024 1179 4086 nihil
1239 4043 1447 4086 curare
1502 4028 1701 4087 Deum
1742 4046 1856 4087 nec
1908 4028 2032 4105 sui,
2072 4046 2185 4088 nec
2222 4026 2430 4106 alieni,
2475 4027 2670 4088 multis
2709 4045 2887 4105 quam
2928 4023 3373 4103 diligentissime

455 4104 839 4166 confirmare.
884 4106 962 4166 ad
1001 4122 1152 4182 quae
1193 4124 1306 4198 ego
1346 4125 1471 4167 non
1510 4106 1739 4168 ratione
1768 4106 2113 4185 iudicioque
2143 4118 2308 4169 certo
2329 4108 2796 4185 respondebam:
2833 4108 2938 4169 sed
2970 4104 3370 4165 assensionem

455 4183 736 4259 paulatim
777 4185 1095 4277 adhibens,
1136 4185 1465 4247 sentiebam
1505 4204 1801 4248 venenum
1844 4206 2088 4265 serpens
2104 4232 2121 4265 ,
2160 4188 2323 4265 quod
2367 4187 2753 4265 imbiberam,
2794 4184 3169 4248 confirmari
3154 4204 3214 4245 ιιι
3235 4204 3369 4245 me:

454 4264 511 4323 &
572 4281 709 4324 cum
766 4265 1115 4326 auctoritate
1174 4265 1431 4327 hominis
1444 4311 1461 4344 ,
1520 4278 1648 4328 tum
1701 4266 1941 4345 argutiis
1983 4266 2280 4328 dictorum
2317 4267 2444 4329 eius
2483 4286 2767 4347 praeceps
2809 4276 2880 4329 eo
2923 4266 3264 4337 deferebar,
3305 4273 3370 4323 vt

456 4360 621 4403 meus
661 4345 891 4407 animus
918 4344 979 4405 in
1012 4345 1125 4407 isto
1154 4347 1314 4405 malo
1342 4347 1587 4407 haerens
1609 4348 2032 4408 occallesceret
2045 4353 2358 4427 ,totusque
2377 4350 2543 4410 fieret
2561 4349 2946 4421 ἀναισθητός.
2991 4346 3366 4421 Recordatns

3268 4441 3362 4495 es,
