<?xml version="1.0" encoding="UTF-8"?>
<!DOCTYPE html PUBLIC "-//W3C//DTD XHTML 1.0 Transitional//EN"
    "http://www.w3.org/TR/xhtml1/DTD/xhtml1-transitional.dtd">
<html xmlns="http://www.w3.org/1999/xhtml" xml:lang="en" lang="en">
 <head>
  <title>
</title>
<meta http-equiv="Content-Type" content="text/html;charset=utf-8" />
  <meta name='ocr-system' content='tesseract 3.04.00' />
  <meta name='ocr-capabilities' content='ocr_page ocr_carea ocr_par ocr_line ocrx_word'/>
</head>
<body>
  <div class='ocr_page' id='page_1' title='image "./dfranciscijunii00junigoog_0043.png"; bbox 0 0 3923 4875; ppageno 0'>
   <div class='ocr_carea' id='block_1_1' title="bbox 562 331 2558 395">
    <p class='ocr_par' dir='ltr' id='par_1_1' title="bbox 562 331 2558 395">
     <span class='ocr_line' id='line_1_1' title="bbox 562 331 2558 395; baseline 0 -9"><span class='ocrx_word' id='word_1_1' title='bbox 562 331 631 386; x_wconf 90' lang='lat'><strong>18</strong></span> <span class='ocrx_word' id='word_1_2' title='bbox 1499 341 1978 387; x_wconf 63' lang='lat' dir='ltr'><strong>rnancrscr</strong></span> <span class='ocrx_word' id='word_1_3' title='bbox 2031 341 2271 395; x_wconf 71' lang='lat' dir='ltr'><strong>sunu</strong></span> <span class='ocrx_word' id='word_1_4' title='bbox 2335 341 2558 386; x_wconf 73' lang='lat' dir='ltr'><strong>vr‘rA.</strong></span> 
     </span>
    </p>
   </div>
   <div class='ocr_carea' id='block_1_2' title="bbox 550 500 3536 4475">
    <p class='ocr_par' dir='ltr' id='par_1_2' title="bbox 550 500 3536 4475">
     <span class='ocr_line' id='line_1_2' title="bbox 555 500 3458 584; baseline 0 -20"><span class='ocrx_word' id='word_1_5' title='bbox 555 505 759 582; x_wconf 89' lang='lat' dir='ltr'><strong>audio,</strong></span> <span class='ocrx_word' id='word_1_6' title='bbox 799 524 913 565; x_wconf 90' lang='lat' dir='ltr'><strong>nec</strong></span> <span class='ocrx_word' id='word_1_7' title='bbox 950 505 1087 566; x_wconf 89' lang='lat' dir='ltr'><strong>inde</strong></span> <span class='ocrx_word' id='word_1_8' title='bbox 1126 505 1375 583; x_wconf 87' lang='lat' dir='ltr'><strong>proficio</strong></span> <span class='ocrx_word' id='word_1_9' title='bbox 1414 504 1681 567; x_wconf 90' lang='lat' dir='ltr'><strong>nihilum.</strong></span> <span class='ocrx_word' id='word_1_10' title='bbox 1716 504 2049 583; x_wconf 90' lang='lat' dir='ltr'><strong>Regredior</strong></span> <span class='ocrx_word' id='word_1_11' title='bbox 2068 504 2316 563; x_wconf 88' lang='lat' dir='ltr'><strong>domum</strong></span> <span class='ocrx_word' id='word_1_12' title='bbox 2332 546 2349 580; x_wconf 89' lang='lat'><strong>,</strong></span> <span class='ocrx_word' id='word_1_13' title='bbox 2391 500 2650 562; x_wconf 88' lang='lat' dir='ltr'><strong>incertus</strong></span> <span class='ocrx_word' id='word_1_14' title='bbox 2668 501 2812 579; x_wconf 92' lang='lat' dir='ltr'><strong>quid</strong></span> <span class='ocrx_word' id='word_1_15' title='bbox 2831 522 3002 582; x_wconf 88' lang='lat' dir='ltr'><strong>agam</strong></span> <span class='ocrx_word' id='word_1_16' title='bbox 3017 547 3035 582; x_wconf 89' lang='lat'><strong>,</strong></span> <span class='ocrx_word' id='word_1_17' title='bbox 3073 501 3218 580; x_wconf 90' lang='lat' dir='ltr'><strong>quid</strong></span> <span class='ocrx_word' id='word_1_18' title='bbox 3237 505 3458 584; x_wconf 85' lang='lat' dir='ltr'><strong>legam,</strong></span> 
     </span>
     <span class='ocr_line' id='line_1_3' title="bbox 557 581 3461 664; baseline 0 -19"><span class='ocrx_word' id='word_1_19' title='bbox 557 602 678 661; x_wconf 93' lang='lat' dir='ltr'><strong>quo</strong></span> <span class='ocrx_word' id='word_1_20' title='bbox 717 585 914 646; x_wconf 86' lang='lat' dir='ltr'><strong>studio</strong></span> <span class='ocrx_word' id='word_1_21' title='bbox 955 602 1235 664; x_wconf 90' lang='lat' dir='ltr'><strong>occuper.</strong></span> <span class='ocrx_word' id='word_1_22' title='bbox 1274 589 1346 646; x_wconf 93' lang='lat' dir='ltr'><strong>In</strong></span> <span class='ocrx_word' id='word_1_23' title='bbox 1385 602 1611 646; x_wconf 89' lang='lat' dir='ltr'><strong>nouum</strong></span> <span class='ocrx_word' id='word_1_24' title='bbox 1651 588 2098 646; x_wconf 85' lang='lat' dir='ltr'><strong>Testamentum</strong></span> <span class='ocrx_word' id='word_1_25' title='bbox 2137 581 2480 661; x_wconf 83' lang='lat' dir='ltr'><strong>imprudens</strong></span> <span class='ocrx_word' id='word_1_26' title='bbox 2524 581 2724 643; x_wconf 91' lang='lat' dir='ltr'><strong>incido</strong></span> <span class='ocrx_word' id='word_1_27' title='bbox 2737 627 2756 663; x_wconf 87' lang='lat'><strong>,</strong></span> <span class='ocrx_word' id='word_1_28' title='bbox 2814 583 2978 660; x_wconf 90' lang='lat' dir='ltr'><strong>quod</strong></span> <span class='ocrx_word' id='word_1_29' title='bbox 3021 593 3188 660; x_wconf 89' lang='lat' dir='ltr'><strong>pater</strong></span> <span class='ocrx_word' id='word_1_30' title='bbox 3225 585 3461 663; x_wconf 85' lang='lat' dir='ltr'><strong>legebat</strong></span> 
     </span>
     <span class='ocr_line' id='line_1_4' title="bbox 555 661 3458 743; baseline 0.001 -19"><span class='ocrx_word' id='word_1_31' title='bbox 555 667 827 742; x_wconf 78' lang='lat' dir='ltr'>frequens</span> <span class='ocrx_word' id='word_1_32' title='bbox 840 710 857 743; x_wconf 88' lang='lat'><strong>,</strong></span> <span class='ocrx_word' id='word_1_33' title='bbox 899 667 954 724; x_wconf 87' lang='lat'>&amp;</span> <span class='ocrx_word' id='word_1_34' title='bbox 992 665 1054 726; x_wconf 91' lang='lat' dir='ltr'><strong>in</strong></span> <span class='ocrx_word' id='word_1_35' title='bbox 1092 667 1377 726; x_wconf 87' lang='lat' dir='ltr'><strong>conclaue</strong></span> <span class='ocrx_word' id='word_1_36' title='bbox 1417 665 1566 726; x_wconf 85' lang='lat' dir='ltr'><strong>illud</strong></span> <span class='ocrx_word' id='word_1_37' title='bbox 1604 664 1935 726; x_wconf 90' lang='lat' dir='ltr'><strong>subiecerat</strong></span> <span class='ocrx_word' id='word_1_38' title='bbox 1974 662 2165 724; x_wconf 90' lang='lat' dir='ltr'><strong>oculis</strong></span> <span class='ocrx_word' id='word_1_39' title='bbox 2205 661 2352 722; x_wconf 90' lang='lat' dir='ltr'><strong>meis</strong></span> <span class='ocrx_word' id='word_1_40' title='bbox 2393 661 2712 740; x_wconf 89' lang='lat' dir='ltr'><strong>legendum</strong></span> <span class='ocrx_word' id='word_1_41' title='bbox 2743 661 2806 738; x_wconf 88' lang='lat' dir='ltr'><strong>(fi</strong></span> <span class='ocrx_word' id='word_1_42' title='bbox 2842 664 2994 724; x_wconf 81' lang='lat' dir='ltr'><strong>forte</strong></span> <span class='ocrx_word' id='word_1_43' title='bbox 3027 662 3276 740; x_wconf 86' lang='lat' dir='ltr'><strong>gratiam</strong></span> <span class='ocrx_word' id='word_1_44' title='bbox 3295 667 3458 726; x_wconf 89' lang='lat' dir='ltr'><strong>Deus</strong></span> 
     </span>
     <span class='ocr_line' id='line_1_5' title="bbox 553 740 3459 825; baseline 0 -20"><span class='ocrx_word' id='word_1_45' title='bbox 553 745 673 805; x_wconf 89' lang='lat' dir='ltr'><strong>hoc</strong></span> <span class='ocrx_word' id='word_1_46' title='bbox 716 747 899 806; x_wconf 91' lang='lat' dir='ltr'><strong>modo</strong></span> <span class='ocrx_word' id='word_1_47' title='bbox 939 747 1181 823; x_wconf 89' lang='lat' dir='ltr'><strong>faceret)</strong></span> <span class='ocrx_word' id='word_1_48' title='bbox 1218 744 1665 825; x_wconf 62' lang='lat' dir='ltr'><strong>prudentissime</strong></span> <span class='ocrx_word' id='word_1_49' title='bbox 1706 755 1967 807; x_wconf 87' lang='lat' dir='ltr'><strong>mentem</strong></span> <span class='ocrx_word' id='word_1_50' title='bbox 2007 761 2174 804; x_wconf 88' lang='lat' dir='ltr'><strong>suam</strong></span> <span class='ocrx_word' id='word_1_51' title='bbox 2213 741 2290 802; x_wconf 91' lang='lat' dir='ltr'><strong>de</strong></span> <span class='ocrx_word' id='word_1_52' title='bbox 2331 760 2427 801; x_wconf 90' lang='lat' dir='ltr'><strong>me</strong></span> <span class='ocrx_word' id='word_1_53' title='bbox 2468 742 2524 800; x_wconf 75' lang='grc' dir='ltr'><strong>δι</strong></span> <span class='ocrx_word' id='word_1_54' title='bbox 2561 740 2824 802; x_wconf 85' lang='lat' dir='ltr'><strong>animum</strong></span> <span class='ocrx_word' id='word_1_55' title='bbox 2865 760 3038 803; x_wconf 88' lang='lat' dir='ltr'><strong>suum</strong></span> <span class='ocrx_word' id='word_1_56' title='bbox 3058 742 3459 825; x_wconf 76' lang='lat' dir='ltr'><strong>dissimulanS,</strong></span> 
     </span>
     <span class='ocr_line' id='line_1_6' title="bbox 556 819 3456 905; baseline 0 -22"><span class='ocrx_word' id='word_1_57' title='bbox 556 843 629 883; x_wconf 84' lang='lat' dir='ltr'><strong>ex</strong></span> <span class='ocrx_word' id='word_1_58' title='bbox 670 841 790 902; x_wconf 92' lang='lat' dir='ltr'><strong>quo</strong></span> <span class='ocrx_word' id='word_1_59' title='bbox 830 825 1023 886; x_wconf 88' lang='lat' dir='ltr'><strong>letalia</strong></span> <span class='ocrx_word' id='word_1_60' title='bbox 1064 824 1376 904; x_wconf 89' lang='lat' dir='ltr'><strong>impietatis</strong></span> <span class='ocrx_word' id='word_1_61' title='bbox 1414 825 1566 886; x_wconf 88' lang='lat' dir='ltr'><strong>illius</strong></span> <span class='ocrx_word' id='word_1_62' title='bbox 1606 825 1859 905; x_wconf 90' lang='lat' dir='ltr'><strong>semina,</strong></span> <span class='ocrx_word' id='word_1_63' title='bbox 1898 842 2048 904; x_wconf 88' lang='lat' dir='ltr'><strong>quae</strong></span> <span class='ocrx_word' id='word_1_64' title='bbox 2087 826 2222 884; x_wconf 89' lang='lat' dir='ltr'><strong>ante</strong></span> <span class='ocrx_word' id='word_1_65' title='bbox 2261 819 2490 881; x_wconf 87' lang='lat' dir='ltr'><strong>radices</strong></span> <span class='ocrx_word' id='word_1_66' title='bbox 2529 833 2769 900; x_wconf 88' lang='lat' dir='ltr'><strong>egerant</strong></span> <span class='ocrx_word' id='word_1_67' title='bbox 2807 823 2868 882; x_wconf 93' lang='lat' dir='ltr'><strong>in</strong></span> <span class='ocrx_word' id='word_1_68' title='bbox 2909 843 3032 903; x_wconf 86' lang='lat' dir='ltr'><strong>me,</strong></span> <span class='ocrx_word' id='word_1_69' title='bbox 3094 823 3456 886; x_wconf 88' lang='lat' dir='ltr'><strong>animaduer-</strong></span> 
     </span>
     <span class='ocr_line' id='line_1_7' title="bbox 556 899 3454 997; baseline 0 -33"><span class='ocrx_word' id='word_1_70' title='bbox 556 915 723 966; x_wconf 86' lang='lat' dir='ltr'><strong>terat.</strong></span> <span class='ocrx_word' id='word_1_71' title='bbox 784 903 1022 967; x_wconf 86' lang='lat' dir='ltr'><strong>Sciebat</strong></span> <span class='ocrx_word' id='word_1_72' title='bbox 1059 906 1217 967; x_wconf 90' lang='lat' dir='ltr'><strong>enim</strong></span> <span class='ocrx_word' id='word_1_73' title='bbox 1256 905 1347 966; x_wconf 86' lang='lat' dir='ltr'><strong>vir</strong></span> <span class='ocrx_word' id='word_1_74' title='bbox 1385 903 1838 997; x_wconf 86' lang='lat' dir='ltr'><strong>sapientissimus</strong></span> <span class='ocrx_word' id='word_1_75' title='bbox 1851 949 1869 984; x_wconf 96' lang='lat'><strong>,</strong></span> <span class='ocrx_word' id='word_1_76' title='bbox 1911 923 2036 965; x_wconf 90' lang='lat' dir='ltr'><strong>non</strong></span> <span class='ocrx_word' id='word_1_77' title='bbox 2076 900 2295 963; x_wconf 85' lang='lat' dir='ltr'><strong>intrudi</strong></span> <span class='ocrx_word' id='word_1_78' title='bbox 2332 899 2638 982; x_wconf 79' lang='lat' dir='ltr'><strong>pietatem,</strong></span> <span class='ocrx_word' id='word_1_79' title='bbox 2679 903 2784 963; x_wconf 91' lang='lat' dir='ltr'><strong>sed</strong></span> <span class='ocrx_word' id='word_1_80' title='bbox 2823 901 3089 964; x_wconf 84' lang='lat' dir='ltr'><strong>instillari</strong></span> <span class='ocrx_word' id='word_1_81' title='bbox 3129 903 3454 966; x_wconf 85' lang='lat' dir='ltr'><strong>mentibus:</strong></span> 
     </span>
     <span class='ocr_line' id='line_1_8' title="bbox 558 978 3456 1064; baseline 0 -20"><span class='ocrx_word' id='word_1_82' title='bbox 558 1003 681 1045; x_wconf 90' lang='lat' dir='ltr'><strong>non</strong></span> <span class='ocrx_word' id='word_1_83' title='bbox 735 984 978 1064; x_wconf 87' lang='lat' dir='ltr'><strong>impingi</strong></span> <span class='ocrx_word' id='word_1_84' title='bbox 992 1032 1009 1064; x_wconf 87' lang='lat'><strong>,</strong></span> <span class='ocrx_word' id='word_1_85' title='bbox 1072 987 1179 1048; x_wconf 92' lang='lat' dir='ltr'><strong>sed</strong></span> <span class='ocrx_word' id='word_1_86' title='bbox 1230 985 1489 1046; x_wconf 76' lang='lat' dir='ltr'><strong>infundi:</strong></span> <span class='ocrx_word' id='word_1_87' title='bbox 1548 1004 1671 1046; x_wconf 90' lang='lat' dir='ltr'><strong>non</strong></span> <span class='ocrx_word' id='word_1_88' title='bbox 1710 985 2020 1064; x_wconf 83' lang='lat' dir='ltr'><strong>imperari,</strong></span> <span class='ocrx_word' id='word_1_89' title='bbox 2074 982 2180 1044; x_wconf 90' lang='lat' dir='ltr'><strong>sed</strong></span> <span class='ocrx_word' id='word_1_90' title='bbox 2218 978 2448 1041; x_wconf 90' lang='lat' dir='ltr'><strong>doceri:</strong></span> <span class='ocrx_word' id='word_1_91' title='bbox 2489 1000 2612 1042; x_wconf 93' lang='lat' dir='ltr'><strong>non</strong></span> <span class='ocrx_word' id='word_1_92' title='bbox 2651 981 2820 1063; x_wconf 84' lang='lat' dir='ltr'>cogi,</span> <span class='ocrx_word' id='word_1_93' title='bbox 2859 983 2964 1044; x_wconf 91' lang='lat' dir='ltr'><strong>sed</strong></span> <span class='ocrx_word' id='word_1_94' title='bbox 3003 982 3237 1044; x_wconf 87' lang='lat' dir='ltr'><strong>suaderi</strong></span> <span class='ocrx_word' id='word_1_95' title='bbox 3274 987 3456 1045; x_wconf 84' lang='lat' dir='ltr'><strong>velle:</strong></span> 
     </span>
     <span class='ocr_line' id='line_1_9' title="bbox 558 1059 3460 1143; baseline 0 -20"><span class='ocrx_word' id='word_1_96' title='bbox 558 1084 629 1124; x_wconf 89' lang='lat' dir='ltr'><strong>ac</strong></span> <span class='ocrx_word' id='word_1_97' title='bbox 672 1070 989 1143; x_wconf 81' lang='lat' dir='ltr'><strong>propterea</strong></span> <span class='ocrx_word' id='word_1_98' title='bbox 1024 1083 1165 1127; x_wconf 90' lang='lat' dir='ltr'><strong>cum</strong></span> <span class='ocrx_word' id='word_1_99' title='bbox 1202 1065 1433 1126; x_wconf 90' lang='lat' dir='ltr'><strong>silentio</strong></span> <span class='ocrx_word' id='word_1_100' title='bbox 1475 1067 1531 1126; x_wconf 71' lang='grc' dir='ltr'><strong>δι</strong></span> <span class='ocrx_word' id='word_1_101' title='bbox 1569 1064 2030 1126; x_wconf 82' lang='lat' dir='ltr'><strong>dissimulatione</strong></span> <span class='ocrx_word' id='word_1_102' title='bbox 2069 1059 2402 1124; x_wconf 90' lang='lat' dir='ltr'><strong>incredibili</strong></span> <span class='ocrx_word' id='word_1_103' title='bbox 2441 1063 2800 1138; x_wconf 85' lang='lat' dir='ltr'><strong>procurabat</strong></span> <span class='ocrx_word' id='word_1_104' title='bbox 2839 1062 3066 1124; x_wconf 89' lang='lat' dir='ltr'><strong>omneis</strong></span> <span class='ocrx_word' id='word_1_105' title='bbox 3105 1063 3226 1124; x_wconf 86' lang='lat' dir='ltr'><strong>vias</strong></span> <span class='ocrx_word' id='word_1_106' title='bbox 3248 1064 3460 1141; x_wconf 89' lang='lat' dir='ltr'><strong>quibus</strong></span> 
     </span>
     <span class='ocr_line' id='line_1_10' title="bbox 562 1141 3458 1223; baseline 0 -19"><span class='ocrx_word' id='word_1_107' title='bbox 562 1164 656 1205; x_wconf 88' lang='lat' dir='ltr'><strong>me</strong></span> <span class='ocrx_word' id='word_1_108' title='bbox 714 1146 792 1206; x_wconf 91' lang='lat' dir='ltr'><strong>ad</strong></span> <span class='ocrx_word' id='word_1_109' title='bbox 854 1163 1060 1207; x_wconf 88' lang='lat' dir='ltr'><strong>verum</strong></span> <span class='ocrx_word' id='word_1_110' title='bbox 1098 1156 1294 1207; x_wconf 89' lang='lat' dir='ltr'><strong>castae</strong></span> <span class='ocrx_word' id='word_1_111' title='bbox 1332 1144 1629 1223; x_wconf 86' lang='lat' dir='ltr'><strong>religionis</strong></span> <span class='ocrx_word' id='word_1_112' title='bbox 1669 1163 1905 1206; x_wconf 89' lang='lat' dir='ltr'><strong>sensum</strong></span> <span class='ocrx_word' id='word_1_113' title='bbox 1945 1145 2003 1204; x_wconf 75' lang='grc' dir='ltr'><strong>δε</strong></span> <span class='ocrx_word' id='word_1_114' title='bbox 2041 1143 2205 1223; x_wconf 90' lang='lat' dir='ltr'><strong>pium</strong></span> <span class='ocrx_word' id='word_1_115' title='bbox 2243 1143 2467 1201; x_wconf 90' lang='lat' dir='ltr'><strong>cultum</strong></span> <span class='ocrx_word' id='word_1_116' title='bbox 2507 1141 2850 1203; x_wconf 89' lang='lat' dir='ltr'><strong>adduceret.</strong></span> <span class='ocrx_word' id='word_1_117' title='bbox 2891 1143 3012 1203; x_wconf 89' lang='lat' dir='ltr'><strong>Hic</strong></span> <span class='ocrx_word' id='word_1_118' title='bbox 3051 1162 3194 1222; x_wconf 87' lang='lat' dir='ltr'><strong>ergo</strong></span> <span class='ocrx_word' id='word_1_119' title='bbox 3233 1162 3458 1205; x_wconf 91' lang='lat' dir='ltr'><strong>nouum</strong></span> 
     </span>
     <span class='ocr_line' id='line_1_11' title="bbox 559 1219 3458 1304; baseline 0 -20"><span class='ocrx_word' id='word_1_120' title='bbox 559 1224 703 1285; x_wconf 91' lang='lat' dir='ltr'><strong>illud</strong></span> <span class='ocrx_word' id='word_1_121' title='bbox 762 1236 1173 1287; x_wconf 88' lang='lat' dir='ltr'><strong>testamentum</strong></span> <span class='ocrx_word' id='word_1_122' title='bbox 1231 1225 1508 1291; x_wconf 86' lang='lat' dir='ltr'><strong>diuinitus</strong></span> <span class='ocrx_word' id='word_1_123' title='bbox 1566 1227 1833 1286; x_wconf 92' lang='lat' dir='ltr'><strong>oblatum</strong></span> <span class='ocrx_word' id='word_1_124' title='bbox 1893 1223 2123 1303; x_wconf 90' lang='lat' dir='ltr'><strong>aperio:</strong></span> <span class='ocrx_word' id='word_1_125' title='bbox 2181 1220 2344 1282; x_wconf 85' lang='lat' dir='ltr'><strong>aliud</strong></span> <span class='ocrx_word' id='word_1_126' title='bbox 2401 1219 2596 1297; x_wconf 89' lang='lat' dir='ltr'><strong>agenti</strong></span> <span class='ocrx_word' id='word_1_127' title='bbox 2649 1222 2889 1284; x_wconf 86' lang='lat' dir='ltr'><strong>exhibet</strong></span> <span class='ocrx_word' id='word_1_128' title='bbox 2929 1243 2993 1284; x_wconf 90' lang='lat' dir='ltr'><strong>se</strong></span> <span class='ocrx_word' id='word_1_129' title='bbox 3033 1223 3177 1284; x_wconf 91' lang='lat' dir='ltr'><strong>mihi</strong></span> <span class='ocrx_word' id='word_1_130' title='bbox 3215 1236 3458 1304; x_wconf 88' lang='lat' dir='ltr'><strong>aspectu</strong></span> 
     </span>
     <span class='ocr_line' id='line_1_12' title="bbox 554 1300 3462 1385; baseline 0.001 -21"><span class='ocrx_word' id='word_1_131' title='bbox 554 1304 747 1382; x_wconf 91' lang='lat' dir='ltr'><strong>primo</strong></span> <span class='ocrx_word' id='word_1_132' title='bbox 786 1307 1257 1385; x_wconf 88' lang='lat' dir='ltr'><strong>augustissimum</strong></span> <span class='ocrx_word' id='word_1_133' title='bbox 1308 1305 1454 1366; x_wconf 91' lang='lat' dir='ltr'><strong>illud</strong></span> <span class='ocrx_word' id='word_1_134' title='bbox 1505 1315 1683 1384; x_wconf 90' lang='lat' dir='ltr'><strong>caput</strong></span> <span class='ocrx_word' id='word_1_135' title='bbox 1721 1304 1961 1367; x_wconf 85' lang='lat' dir='ltr'><strong>Ioannis</strong></span> <span class='ocrx_word' id='word_1_136' title='bbox 2001 1300 2410 1381; x_wconf 88' lang='lat' dir='ltr'><strong>Euangelistae</strong></span> <span class='ocrx_word' id='word_1_137' title='bbox 2447 1300 2504 1358; x_wconf 85' lang='lat'>&amp;</span> <span class='ocrx_word' id='word_1_138' title='bbox 2544 1302 2850 1381; x_wconf 80' lang='lat' dir='ltr'><strong>Apostoli,</strong></span> <span class='ocrx_word' id='word_1_139' title='bbox 2891 1307 2964 1368; x_wconf 87' lang='lat' dir='ltr'><strong>In</strong></span> <span class='ocrx_word' id='word_1_140' title='bbox 3003 1303 3297 1382; x_wconf 89' lang='lat' dir='ltr'><strong>principio</strong></span> <span class='ocrx_word' id='word_1_141' title='bbox 3337 1316 3462 1366; x_wconf 88' lang='lat' dir='ltr'><strong>erat</strong></span> 
     </span>
     <span class='ocr_line' id='line_1_13' title="bbox 555 1381 3460 1466; baseline 0.001 -22"><span class='ocrx_word' id='word_1_142' title='bbox 555 1387 851 1465; x_wconf 84' lang='lat' dir='ltr'><strong>Verbum,</strong></span> <span class='ocrx_word' id='word_1_143' title='bbox 890 1387 1001 1447; x_wconf 74' lang='grc' dir='ltr'><strong>διε.</strong></span> <span class='ocrx_word' id='word_1_144' title='bbox 1043 1389 1208 1466; x_wconf 89' lang='lat' dir='ltr'><strong>Lego</strong></span> <span class='ocrx_word' id='word_1_145' title='bbox 1244 1395 1467 1465; x_wconf 91' lang='lat' dir='ltr'><strong>partem</strong></span> <span class='ocrx_word' id='word_1_146' title='bbox 1509 1384 1747 1464; x_wconf 86' lang='lat' dir='ltr'><strong>capitis,</strong></span> <span class='ocrx_word' id='word_1_147' title='bbox 1790 1387 1845 1444; x_wconf 72' lang='grc' dir='ltr'><strong>δι</strong></span> <span class='ocrx_word' id='word_1_148' title='bbox 1890 1385 1972 1446; x_wconf 65' lang='lat' dir='ltr'><strong>im</strong></span> <span class='ocrx_word' id='word_1_149' title='bbox 2009 1398 2400 1445; x_wconf 88' lang='lat' dir='ltr'><strong>commoueor</strong></span> <span class='ocrx_word' id='word_1_150' title='bbox 2437 1381 2670 1460; x_wconf 87' lang='lat' dir='ltr'><strong>legens,</strong></span> <span class='ocrx_word' id='word_1_151' title='bbox 2710 1392 2775 1443; x_wconf 86' lang='lat' dir='ltr'><strong>vt</strong></span> <span class='ocrx_word' id='word_1_152' title='bbox 2814 1395 3056 1463; x_wconf 88' lang='lat' dir='ltr'><strong>repente</strong></span> <span class='ocrx_word' id='word_1_153' title='bbox 3095 1383 3460 1446; x_wconf 66' lang='lat' dir='ltr'><strong>diuinitatem</strong></span> 
     </span>
     <span class='ocr_line' id='line_1_14' title="bbox 550 1458 3460 1545; baseline 0.001 -21"><span class='ocrx_word' id='word_1_154' title='bbox 550 1465 905 1545; x_wconf 88' lang='lat' dir='ltr'><strong>argumenti,</strong></span> <span class='ocrx_word' id='word_1_155' title='bbox 959 1468 1015 1526; x_wconf 87' lang='lat'>&amp;</span> <span class='ocrx_word' id='word_1_156' title='bbox 1068 1466 1269 1545; x_wconf 87' lang='lat' dir='ltr'><strong>scripti</strong></span> <span class='ocrx_word' id='word_1_157' title='bbox 1307 1465 1671 1526; x_wconf 86' lang='lat' dir='ltr'><strong>maiestatem</strong></span> <span class='ocrx_word' id='word_1_158' title='bbox 1710 1465 2241 1542; x_wconf 87' lang='lat' dir='ltr'><strong>auctoritatemque</strong></span> <span class='ocrx_word' id='word_1_159' title='bbox 2281 1458 2564 1522; x_wconf 85' lang='lat' dir='ltr'><strong>senserim</strong></span> <span class='ocrx_word' id='word_1_160' title='bbox 2603 1461 2787 1539; x_wconf 88' lang='lat' dir='ltr'><strong>longo</strong></span> <span class='ocrx_word' id='word_1_161' title='bbox 2827 1463 3140 1526; x_wconf 89' lang='lat' dir='ltr'><strong>interuallo</strong></span> <span class='ocrx_word' id='word_1_162' title='bbox 3183 1465 3460 1526; x_wconf 89' lang='lat' dir='ltr'><strong>omnibus</strong></span> 
     </span>
     <span class='ocr_line' id='line_1_15' title="bbox 552 1541 3460 1624; baseline 0.001 -21"><span class='ocrx_word' id='word_1_163' title='bbox 552 1545 921 1622; x_wconf 89' lang='lat' dir='ltr'><strong>eloquentiae</strong></span> <span class='ocrx_word' id='word_1_164' title='bbox 973 1548 1265 1608; x_wconf 88' lang='lat' dir='ltr'><strong>humanae</strong></span> <span class='ocrx_word' id='word_1_165' title='bbox 1304 1545 1641 1607; x_wconf 85' lang='lat' dir='ltr'><strong>fluminibus</strong></span> <span class='ocrx_word' id='word_1_166' title='bbox 1701 1555 2102 1624; x_wconf 90' lang='lat' dir='ltr'><strong>praeeuntem.</strong></span> <span class='ocrx_word' id='word_1_167' title='bbox 2158 1541 2464 1604; x_wconf 89' lang='lat' dir='ltr'><strong>Horrebat</strong></span> <span class='ocrx_word' id='word_1_168' title='bbox 2504 1557 2754 1620; x_wconf 89' lang='lat' dir='ltr'><strong>corpus,</strong></span> <span class='ocrx_word' id='word_1_169' title='bbox 2796 1554 2888 1603; x_wconf 90' lang='lat' dir='ltr'><strong>stu</strong></span> <span class='ocrx_word' id='word_1_170' title='bbox 2931 1547 3067 1606; x_wconf 90' lang='lat' dir='ltr'><strong>ebat</strong></span> <span class='ocrx_word' id='word_1_171' title='bbox 3107 1544 3363 1623; x_wconf 89' lang='lat' dir='ltr'><strong>animus,</strong></span> <span class='ocrx_word' id='word_1_172' title='bbox 3403 1547 3460 1605; x_wconf 85' lang='lat'>&amp;</span> 
     </span>
     <span class='ocr_line' id='line_1_16' title="bbox 550 1618 3455 1711; baseline 0.001 -28"><span class='ocrx_word' id='word_1_173' title='bbox 550 1634 741 1684; x_wconf 91' lang='lat' dir='ltr'><strong>totum</strong></span> <span class='ocrx_word' id='word_1_174' title='bbox 782 1625 947 1686; x_wconf 90' lang='lat' dir='ltr'><strong>illum</strong></span> <span class='ocrx_word' id='word_1_175' title='bbox 989 1625 1149 1687; x_wconf 90' lang='lat' dir='ltr'><strong>diem</strong></span> <span class='ocrx_word' id='word_1_176' title='bbox 1186 1625 1271 1686; x_wconf 89' lang='lat' dir='ltr'><strong>sic</strong></span> <span class='ocrx_word' id='word_1_177' title='bbox 1310 1625 1636 1705; x_wconf 85' lang='lat' dir='ltr'><strong>afficiebar,</strong></span> <span class='ocrx_word' id='word_1_178' title='bbox 1674 1635 1739 1685; x_wconf 86' lang='lat' dir='ltr'><strong>vt</strong></span> <span class='ocrx_word' id='word_1_179' title='bbox 1778 1625 1881 1703; x_wconf 92' lang='lat' dir='ltr'><strong>qui</strong></span> <span class='ocrx_word' id='word_1_180' title='bbox 1918 1643 2140 1702; x_wconf 87' lang='lat' dir='ltr'><strong>essem,</strong></span> <span class='ocrx_word' id='word_1_181' title='bbox 2183 1623 2309 1702; x_wconf 89' lang='lat' dir='ltr'><strong>ipse</strong></span> <span class='ocrx_word' id='word_1_182' title='bbox 2349 1619 2495 1710; x_wconf 74' lang='lat' dir='ltr'><strong>mihi</strong></span> <span class='ocrx_word' id='word_1_183' title='bbox 2533 1618 2790 1711; x_wconf 79' lang='lat' dir='ltr'><strong>incertus</strong></span> <span class='ocrx_word' id='word_1_184' title='bbox 2811 1623 2870 1683; x_wconf 86' lang='lat' dir='ltr'><strong>vi</strong></span> <span class='ocrx_word' id='word_1_185' title='bbox 2913 1643 3043 1686; x_wconf 89' lang='lat' dir='ltr'><strong>erer</strong></span> <span class='ocrx_word' id='word_1_186' title='bbox 3061 1643 3208 1686; x_wconf 90' lang='lat' dir='ltr'><strong>esse.</strong></span> <span class='ocrx_word' id='word_1_187' title='bbox 3231 1627 3455 1704; x_wconf 87' lang='lat' dir='ltr'><strong>Recor-</strong></span> 
     </span>
     <span class='ocr_line' id='line_1_17' title="bbox 552 1700 3455 1784; baseline 0.001 -21"><span class='ocrx_word' id='word_1_188' title='bbox 552 1703 722 1764; x_wconf 89' lang='lat' dir='ltr'><strong>datus</strong></span> <span class='ocrx_word' id='word_1_189' title='bbox 764 1723 827 1765; x_wconf 91' lang='lat' dir='ltr'><strong>es</strong></span> <span class='ocrx_word' id='word_1_190' title='bbox 869 1705 1045 1784; x_wconf 88' lang='lat' dir='ltr'><strong>mihi,</strong></span> <span class='ocrx_word' id='word_1_191' title='bbox 1086 1705 1345 1768; x_wconf 88' lang='lat' dir='ltr'><strong>Domine</strong></span> <span class='ocrx_word' id='word_1_192' title='bbox 1384 1707 1549 1767; x_wconf 91' lang='lat' dir='ltr'><strong>Deus</strong></span> <span class='ocrx_word' id='word_1_193' title='bbox 1588 1703 1701 1784; x_wconf 88' lang='lat' dir='ltr'><strong>mi,</strong></span> <span class='ocrx_word' id='word_1_194' title='bbox 1741 1724 1853 1783; x_wconf 88' lang='lat' dir='ltr'><strong>pro</strong></span> <span class='ocrx_word' id='word_1_195' title='bbox 1892 1703 2182 1766; x_wconf 89' lang='lat' dir='ltr'><strong>immensa</strong></span> <span class='ocrx_word' id='word_1_196' title='bbox 2221 1700 2622 1763; x_wconf 74' lang='lat' dir='ltr'><strong>misericordia</strong></span> <span class='ocrx_word' id='word_1_197' title='bbox 2659 1709 2787 1780; x_wconf 88' lang='lat' dir='ltr'><strong>tua,</strong></span> <span class='ocrx_word' id='word_1_198' title='bbox 2831 1721 3124 1782; x_wconf 90' lang='lat' dir='ltr'><strong>ouemque</strong></span> <span class='ocrx_word' id='word_1_199' title='bbox 3163 1704 3455 1783; x_wconf 87' lang='lat' dir='ltr'><strong>perditam</strong></span> 
     </span>
     <span class='ocr_line' id='line_1_18' title="bbox 551 1780 3454 1863; baseline 0.001 -21"><span class='ocrx_word' id='word_1_200' title='bbox 551 1783 613 1842; x_wconf 91' lang='lat' dir='ltr'><strong>in</strong></span> <span class='ocrx_word' id='word_1_201' title='bbox 664 1801 906 1862; x_wconf 89' lang='lat' dir='ltr'><strong>gregem</strong></span> <span class='ocrx_word' id='word_1_202' title='bbox 946 1796 1111 1846; x_wconf 91' lang='lat' dir='ltr'><strong>tuum</strong></span> <span class='ocrx_word' id='word_1_203' title='bbox 1152 1783 1443 1863; x_wconf 85' lang='lat' dir='ltr'><strong>recepisti.</strong></span> <span class='ocrx_word' id='word_1_204' title='bbox 1484 1786 1577 1843; x_wconf 84' lang='lat' dir='ltr'><strong>Ex</strong></span> <span class='ocrx_word' id='word_1_205' title='bbox 1616 1804 1690 1845; x_wconf 92' lang='lat' dir='ltr'><strong>eo</strong></span> <span class='ocrx_word' id='word_1_206' title='bbox 1730 1796 2028 1863; x_wconf 85' lang='lat' dir='ltr'><strong>ternpore,</strong></span> <span class='ocrx_word' id='word_1_207' title='bbox 2068 1799 2250 1861; x_wconf 89' lang='lat' dir='ltr'><strong>quum</strong></span> <span class='ocrx_word' id='word_1_208' title='bbox 2293 1780 2354 1840; x_wconf 91' lang='lat' dir='ltr'><strong>in</strong></span> <span class='ocrx_word' id='word_1_209' title='bbox 2395 1797 2492 1851; x_wconf 76' lang='lat' dir='ltr'><strong>me</strong></span> <span class='ocrx_word' id='word_1_210' title='bbox 2530 1781 2694 1840; x_wconf 90' lang='lat' dir='ltr'><strong>Deus</strong></span> <span class='ocrx_word' id='word_1_211' title='bbox 2735 1791 2856 1842; x_wconf 88' lang='lat' dir='ltr'><strong>tam</strong></span> <span class='ocrx_word' id='word_1_212' title='bbox 2893 1795 3168 1862; x_wconf 89' lang='lat' dir='ltr'><strong>potenter</strong></span> <span class='ocrx_word' id='word_1_213' title='bbox 3208 1783 3454 1862; x_wconf 91' lang='lat' dir='ltr'><strong>Spiritus</strong></span> 
     </span>
     <span class='ocr_line' id='line_1_19' title="bbox 554 1859 3451 1944; baseline 0 -21"><span class='ocrx_word' id='word_1_214' title='bbox 554 1862 645 1923; x_wconf 92' lang='lat' dir='ltr'><strong>sui</strong></span> <span class='ocrx_word' id='word_1_215' title='bbox 698 1863 911 1924; x_wconf 90' lang='lat' dir='ltr'><strong>virtute</strong></span> <span class='ocrx_word' id='word_1_216' title='bbox 968 1864 1225 1927; x_wconf 87' lang='lat' dir='ltr'><strong>irruisset</strong></span> <span class='ocrx_word' id='word_1_217' title='bbox 1284 1864 1401 1925; x_wconf 84' lang='lat' dir='ltr'><strong>alia</strong></span> <span class='ocrx_word' id='word_1_218' title='bbox 1456 1863 1719 1944; x_wconf 77' lang='lat' dir='ltr'><strong>frigidius</strong></span> <span class='ocrx_word' id='word_1_219' title='bbox 1768 1863 2156 1942; x_wconf 79' lang='lat' dir='ltr'><strong>negligentius</strong></span> <span class='ocrx_word' id='word_1_220' title='bbox 2195 1864 2390 1940; x_wconf 89' lang='lat' dir='ltr'><strong>legere</strong></span> <span class='ocrx_word' id='word_1_221' title='bbox 2429 1859 2486 1918; x_wconf 88' lang='lat'>&amp;</span> <span class='ocrx_word' id='word_1_222' title='bbox 2525 1868 2778 1921; x_wconf 86' lang='lat' dir='ltr'><strong>tractare</strong></span> <span class='ocrx_word' id='word_1_223' title='bbox 2818 1864 3021 1942; x_wconf 89' lang='lat' dir='ltr'><strong>coepi:</strong></span> <span class='ocrx_word' id='word_1_224' title='bbox 3064 1865 3140 1925; x_wconf 91' lang='lat' dir='ltr'><strong>de</strong></span> <span class='ocrx_word' id='word_1_225' title='bbox 3179 1862 3270 1924; x_wconf 91' lang='lat' dir='ltr'><strong>his</strong></span> <span class='ocrx_word' id='word_1_226' title='bbox 3308 1869 3451 1924; x_wconf 73' lang='lat' dir='ltr'><strong>vere</strong></span> 
     </span>
     <span class='ocr_line' id='line_1_20' title="bbox 554 1938 3453 2023; baseline 0.001 -23"><span class='ocrx_word' id='word_1_227' title='bbox 554 1957 705 2018; x_wconf 91' lang='lat' dir='ltr'><strong>quae</strong></span> <span class='ocrx_word' id='word_1_228' title='bbox 756 1944 833 2002; x_wconf 91' lang='lat' dir='ltr'><strong>ad</strong></span> <span class='ocrx_word' id='word_1_229' title='bbox 873 1943 1150 2020; x_wconf 89' lang='lat' dir='ltr'><strong>pietatem</strong></span> <span class='ocrx_word' id='word_1_230' title='bbox 1192 1944 1487 2023; x_wconf 90' lang='lat' dir='ltr'><strong>pertinent</strong></span> <span class='ocrx_word' id='word_1_231' title='bbox 1524 1945 1784 2022; x_wconf 89' lang='lat' dir='ltr'><strong>cogitare</strong></span> <span class='ocrx_word' id='word_1_232' title='bbox 1824 1943 2104 2022; x_wconf 68' lang='lat' dir='ltr'><strong>amplifis,</strong></span> <span class='ocrx_word' id='word_1_233' title='bbox 2146 1945 2203 2003; x_wconf 75' lang='grc' dir='ltr'><strong>δι</strong></span> <span class='ocrx_word' id='word_1_234' title='bbox 2241 1941 2540 2001; x_wconf 77' lang='lat' dir='ltr'><strong>ardentius</strong></span> <span class='ocrx_word' id='word_1_235' title='bbox 2581 1938 2640 1998; x_wconf 89' lang='lat' dir='ltr'><strong>in</strong></span> <span class='ocrx_word' id='word_1_236' title='bbox 2681 1940 2764 2000; x_wconf 94' lang='lat' dir='ltr'><strong>eis</strong></span> <span class='ocrx_word' id='word_1_237' title='bbox 2803 1943 3038 2005; x_wconf 85' lang='lat' dir='ltr'><strong>versari.</strong></span> <span class='ocrx_word' id='word_1_238' title='bbox 3098 1947 3296 2020; x_wconf 89' lang='lat' dir='ltr'><strong>Atque</strong></span> <span class='ocrx_word' id='word_1_239' title='bbox 3334 1944 3453 2004; x_wconf 90' lang='lat' dir='ltr'><strong>hoc</strong></span> 
     </span>
     <span class='ocr_line' id='line_1_21' title="bbox 554 2019 3456 2102; baseline 0.001 -23"><span class='ocrx_word' id='word_1_240' title='bbox 554 2019 792 2097; x_wconf 90' lang='lat' dir='ltr'><strong>quidem</strong></span> <span class='ocrx_word' id='word_1_241' title='bbox 833 2024 1089 2084; x_wconf 90' lang='lat' dir='ltr'><strong>studium</strong></span> <span class='ocrx_word' id='word_1_242' title='bbox 1128 2035 1191 2084; x_wconf 86' lang='lat' dir='ltr'><strong>vt</strong></span> <span class='ocrx_word' id='word_1_243' title='bbox 1228 2023 1642 2086; x_wconf 89' lang='lat' dir='ltr'><strong>animaduertit</strong></span> <span class='ocrx_word' id='word_1_244' title='bbox 1683 2034 1847 2102; x_wconf 88' lang='lat' dir='ltr'><strong>pater</strong></span> <span class='ocrx_word' id='word_1_245' title='bbox 1886 2041 2013 2084; x_wconf 90' lang='lat' dir='ltr'><strong>non</strong></span> <span class='ocrx_word' id='word_1_246' title='bbox 2054 2023 2413 2084; x_wconf 88' lang='lat' dir='ltr'><strong>mediocrem</strong></span> <span class='ocrx_word' id='word_1_247' title='bbox 2450 2035 2524 2078; x_wconf 87' lang='lat' dir='ltr'><strong>ex</strong></span> <span class='ocrx_word' id='word_1_248' title='bbox 2543 2037 2618 2077; x_wconf 91' lang='lat' dir='ltr'><strong>eo</strong></span> <span class='ocrx_word' id='word_1_249' title='bbox 2639 2021 3001 2098; x_wconf 84' lang='lat' dir='ltr'><strong>voluptatem</strong></span> <span class='ocrx_word' id='word_1_250' title='bbox 3023 2023 3209 2101; x_wconf 89' lang='lat' dir='ltr'><strong>cepit:</strong></span> <span class='ocrx_word' id='word_1_251' title='bbox 3231 2033 3456 2083; x_wconf 89' lang='lat' dir='ltr'><strong>tantum</strong></span> 
     </span>
     <span class='ocr_line' id='line_1_22' title="bbox 554 2097 3464 2183; baseline 0.001 -24"><span class='ocrx_word' id='word_1_252' title='bbox 554 2101 631 2160; x_wconf 91' lang='lat' dir='ltr'><strong>de</strong></span> <span class='ocrx_word' id='word_1_253' title='bbox 685 2119 821 2160; x_wconf 87' lang='lat' dir='ltr'><strong>meo</strong></span> <span class='ocrx_word' id='word_1_254' title='bbox 876 2121 1145 2182; x_wconf 86' lang='lat' dir='ltr'><strong>regressu</strong></span> <span class='ocrx_word' id='word_1_255' title='bbox 1181 2105 1261 2165; x_wconf 89' lang='lat' dir='ltr'><strong>ad</strong></span> <span class='ocrx_word' id='word_1_256' title='bbox 1298 2102 1581 2182; x_wconf 87' lang='lat' dir='ltr'><strong>pietatem</strong></span> <span class='ocrx_word' id='word_1_257' title='bbox 1620 2102 1732 2165; x_wconf 89' lang='lat' dir='ltr'><strong>sibi</strong></span> <span class='ocrx_word' id='word_1_258' title='bbox 1770 2105 2093 2182; x_wconf 87' lang='lat' dir='ltr'><strong>gratulatus</strong></span> <span class='ocrx_word' id='word_1_259' title='bbox 2111 2149 2129 2183; x_wconf 88' lang='lat'><strong>,</strong></span> <span class='ocrx_word' id='word_1_260' title='bbox 2169 2111 2452 2181; x_wconf 88' lang='lat' dir='ltr'><strong>quantum</strong></span> <span class='ocrx_word' id='word_1_261' title='bbox 2492 2117 2565 2158; x_wconf 86' lang='lat' dir='ltr'><strong>ex</strong></span> <span class='ocrx_word' id='word_1_262' title='bbox 2605 2097 2868 2160; x_wconf 85' lang='lat' dir='ltr'><strong>discessu</strong></span> <span class='ocrx_word' id='word_1_263' title='bbox 2908 2103 3350 2182; x_wconf 82' lang='lat' dir='ltr'><strong>transfugioque</strong></span> <span class='ocrx_word' id='word_1_264' title='bbox 3384 2103 3464 2162; x_wconf 90' lang='lat' dir='ltr'><strong>ad</strong></span> 
     </span>
     <span class='ocr_line' id='line_1_23' title="bbox 554 2177 3461 2263; baseline 0.002 -25"><span class='ocrx_word' id='word_1_265' title='bbox 554 2178 912 2256; x_wconf 89' lang='lat' dir='ltr'><strong>impietatem</strong></span> <span class='ocrx_word' id='word_1_266' title='bbox 973 2185 1259 2247; x_wconf 89' lang='lat' dir='ltr'><strong>doluerat.</strong></span> <span class='ocrx_word' id='word_1_267' title='bbox 1322 2183 1440 2244; x_wconf 91' lang='lat' dir='ltr'><strong>Sed</strong></span> <span class='ocrx_word' id='word_1_268' title='bbox 1480 2193 1679 2244; x_wconf 85' lang='lat' dir='ltr'><strong>tamen</strong></span> <span class='ocrx_word' id='word_1_269' title='bbox 1718 2182 1807 2245; x_wconf 88' lang='lat' dir='ltr'><strong>vir</strong></span> <span class='ocrx_word' id='word_1_270' title='bbox 1846 2186 2041 2245; x_wconf 91' lang='lat' dir='ltr'><strong>bonus</strong></span> <span class='ocrx_word' id='word_1_271' title='bbox 2082 2202 2175 2243; x_wconf 91' lang='lat' dir='ltr'><strong>res</strong></span> <span class='ocrx_word' id='word_1_272' title='bbox 2214 2182 2500 2242; x_wconf 87' lang='lat' dir='ltr'><strong>humanas</strong></span> <span class='ocrx_word' id='word_1_273' title='bbox 2542 2177 2802 2254; x_wconf 89' lang='lat' dir='ltr'><strong>spirabat</strong></span> <span class='ocrx_word' id='word_1_274' title='bbox 2843 2201 3109 2263; x_wconf 84' lang='lat' dir='ltr'><strong>semper,</strong></span> <span class='ocrx_word' id='word_1_275' title='bbox 3149 2183 3206 2242; x_wconf 73' lang='grc' dir='ltr'><strong>δι</strong></span> <span class='ocrx_word' id='word_1_276' title='bbox 3247 2201 3344 2242; x_wconf 90' lang='lat' dir='ltr'><strong>me</strong></span> <span class='ocrx_word' id='word_1_277' title='bbox 3383 2182 3461 2243; x_wconf 91' lang='lat' dir='ltr'><strong>ad</strong></span> 
     </span>
     <span class='ocr_line' id='line_1_24' title="bbox 556 2256 3463 2349; baseline 0.001 -30"><span class='ocrx_word' id='word_1_278' title='bbox 556 2277 653 2319; x_wconf 87' lang='lat' dir='ltr'><strong>eas</strong></span> <span class='ocrx_word' id='word_1_279' title='bbox 694 2259 991 2338; x_wconf 90' lang='lat' dir='ltr'><strong>adspirare</strong></span> <span class='ocrx_word' id='word_1_280' title='bbox 1032 2262 1093 2323; x_wconf 89' lang='lat' dir='ltr'><strong>in</strong></span> <span class='ocrx_word' id='word_1_281' title='bbox 1132 2265 1252 2324; x_wconf 93' lang='lat' dir='ltr'><strong>hoc</strong></span> <span class='ocrx_word' id='word_1_282' title='bbox 1292 2281 1429 2324; x_wconf 91' lang='lat' dir='ltr'><strong>meo</strong></span> <span class='ocrx_word' id='word_1_283' title='bbox 1469 2262 1767 2323; x_wconf 87' lang='lat' dir='ltr'><strong>literarum</strong></span> <span class='ocrx_word' id='word_1_284' title='bbox 1807 2261 2004 2324; x_wconf 90' lang='lat' dir='ltr'><strong>studio</strong></span> <span class='ocrx_word' id='word_1_285' title='bbox 2046 2262 2340 2341; x_wconf 89' lang='lat' dir='ltr'><strong>cupiebat.</strong></span> <span class='ocrx_word' id='word_1_286' title='bbox 2380 2256 2614 2319; x_wconf 90' lang='lat' dir='ltr'><strong>ostendi</strong></span> <span class='ocrx_word' id='word_1_287' title='bbox 2645 2277 2759 2349; x_wconf 85' lang='lat' dir='ltr'><strong>per</strong></span> <span class='ocrx_word' id='word_1_288' title='bbox 2797 2262 3024 2324; x_wconf 90' lang='lat' dir='ltr'><strong>amicos</strong></span> <span class='ocrx_word' id='word_1_289' title='bbox 3039 2309 3056 2342; x_wconf 90' lang='lat'><strong>,</strong></span> <span class='ocrx_word' id='word_1_290' title='bbox 3099 2279 3354 2340; x_wconf 90' lang='lat' dir='ltr'><strong>quorum</strong></span> <span class='ocrx_word' id='word_1_291' title='bbox 3375 2261 3463 2321; x_wconf 91' lang='lat' dir='ltr'><strong>in-</strong></span> 
     </span>
     <span class='ocr_line' id='line_1_25' title="bbox 555 2336 3464 2429; baseline 0.001 -31"><span class='ocrx_word' id='word_1_292' title='bbox 555 2348 822 2399; x_wconf 89' lang='lat' dir='ltr'><strong>teruentu</strong></span> <span class='ocrx_word' id='word_1_293' title='bbox 864 2344 1259 2422; x_wconf 82' lang='lat' dir='ltr'><strong>explorandae</strong></span> <span class='ocrx_word' id='word_1_294' title='bbox 1298 2341 1585 2404; x_wconf 89' lang='lat' dir='ltr'><strong>voluntati</strong></span> <span class='ocrx_word' id='word_1_295' title='bbox 1624 2361 1789 2403; x_wconf 87' lang='lat' dir='ltr'><strong>meae</strong></span> <span class='ocrx_word' id='word_1_296' title='bbox 1829 2344 2102 2403; x_wconf 87' lang='lat' dir='ltr'><strong>vtebatur</strong></span> <span class='ocrx_word' id='word_1_297' title='bbox 2140 2351 2336 2421; x_wconf 84' lang='lat' dir='ltr'><strong>pater,</strong></span> <span class='ocrx_word' id='word_1_298' title='bbox 2376 2336 2826 2429; x_wconf 42' lang='lat' dir='ltr'><strong>mihi-animum</strong></span> <span class='ocrx_word' id='word_1_299' title='bbox 2864 2361 2994 2403; x_wconf 89' lang='lat' dir='ltr'><strong>esse</strong></span> <span class='ocrx_word' id='word_1_300' title='bbox 3027 2343 3106 2404; x_wconf 88' lang='lat' dir='ltr'><strong>ad</strong></span> <span class='ocrx_word' id='word_1_301' title='bbox 3124 2342 3464 2420; x_wconf 89' lang='lat' dir='ltr'><strong>linguarum</strong></span> 
     </span>
     <span class='ocr_line' id='line_1_26' title="bbox 552 2417 3460 2502; baseline 0.002 -25"><span class='ocrx_word' id='word_1_302' title='bbox 552 2418 607 2477; x_wconf 67' lang='grc' dir='ltr'><strong>ὅτ</strong></span> <span class='ocrx_word' id='word_1_303' title='bbox 648 2418 900 2482; x_wconf 91' lang='lat' dir='ltr'><strong>aliorum</strong></span> <span class='ocrx_word' id='word_1_304' title='bbox 938 2421 1416 2485; x_wconf 88' lang='lat' dir='ltr'><strong>adiumentorum</strong></span> <span class='ocrx_word' id='word_1_305' title='bbox 1457 2420 1681 2502; x_wconf 80' lang='lat' dir='ltr'><strong>studia,</strong></span> <span class='ocrx_word' id='word_1_306' title='bbox 1720 2424 2039 2499; x_wconf 75' lang='lat' dir='ltr'><strong>antequam</strong></span> <span class='ocrx_word' id='word_1_307' title='bbox 2081 2440 2178 2483; x_wconf 89' lang='lat' dir='ltr'><strong>me</strong></span> <span class='ocrx_word' id='word_1_308' title='bbox 2217 2431 2409 2482; x_wconf 91' lang='lat' dir='ltr'><strong>totum</strong></span> <span class='ocrx_word' id='word_1_309' title='bbox 2450 2419 2552 2479; x_wconf 88' lang='lat' dir='ltr'><strong>vlh</strong></span> <span class='ocrx_word' id='word_1_310' title='bbox 2575 2417 2774 2480; x_wconf 82' lang='lat' dir='ltr'><strong>studio</strong></span> <span class='ocrx_word' id='word_1_311' title='bbox 2793 2421 3052 2499; x_wconf 83' lang='lat' dir='ltr'><strong>grauiori</strong></span> <span class='ocrx_word' id='word_1_312' title='bbox 3071 2421 3460 2483; x_wconf 86' lang='lat' dir='ltr'><strong>transdarem.</strong></span> 
     </span>
     <span class='ocr_line' id='line_1_27' title="bbox 554 2496 3461 2593; baseline 0.001 -36"><span class='ocrx_word' id='word_1_313' title='bbox 554 2497 779 2559; x_wconf 91' lang='lat' dir='ltr'><strong>Placuit</strong></span> <span class='ocrx_word' id='word_1_314' title='bbox 838 2502 1175 2565; x_wconf 90' lang='lat' dir='ltr'><strong>consilium:</strong></span> <span class='ocrx_word' id='word_1_315' title='bbox 1241 2505 1413 2563; x_wconf 87' lang='lat' dir='ltr'><strong>datur</strong></span> <span class='ocrx_word' id='word_1_316' title='bbox 1472 2500 1617 2563; x_wconf 89' lang='lat' dir='ltr'><strong>mihi</strong></span> <span class='ocrx_word' id='word_1_317' title='bbox 1675 2505 1714 2562; x_wconf 77' lang='lat' dir='ltr'><strong>a</strong></span> <span class='ocrx_word' id='word_1_318' title='bbox 1752 2512 1918 2593; x_wconf 86' lang='lat' dir='ltr'><strong>patre</strong></span> <span class='ocrx_word' id='word_1_319' title='bbox 1957 2501 2153 2581; x_wconf 85' lang='lat' dir='ltr'><strong>optiO,</strong></span> <span class='ocrx_word' id='word_1_320' title='bbox 2191 2512 2383 2563; x_wconf 85' lang='lat' dir='ltr'><strong>vtrum</strong></span> <span class='ocrx_word' id='word_1_321' title='bbox 2433 2496 2732 2559; x_wconf 85' lang='lat' dir='ltr'><strong>Lutetiam</strong></span> <span class='ocrx_word' id='word_1_322' title='bbox 2773 2502 3158 2563; x_wconf 81' lang='lat' dir='ltr'><strong>Geneuamne</strong></span> <span class='ocrx_word' id='word_1_323' title='bbox 3198 2501 3461 2579; x_wconf 89' lang='lat' dir='ltr'><strong>proficis·</strong></span> 
     </span>
     <span class='ocr_line' id='line_1_28' title="bbox 551 2576 3463 2659; baseline 0.002 -22"><span class='ocrx_word' id='word_1_324' title='bbox 551 2596 741 2639; x_wconf 89' lang='lat' dir='ltr'><strong>cerer:</strong></span> <span class='ocrx_word' id='word_1_325' title='bbox 804 2582 859 2641; x_wconf 90' lang='lat'>&amp;</span> <span class='ocrx_word' id='word_1_326' title='bbox 919 2581 980 2643; x_wconf 91' lang='lat' dir='ltr'><strong>in</strong></span> <span class='ocrx_word' id='word_1_327' title='bbox 1040 2584 1153 2644; x_wconf 85' lang='lat' dir='ltr'><strong>hae</strong></span> <span class='ocrx_word' id='word_1_328' title='bbox 1213 2580 1639 2644; x_wconf 86' lang='lat' dir='ltr'><strong>deliberatione</strong></span> <span class='ocrx_word' id='word_1_329' title='bbox 1698 2580 1919 2659; x_wconf 88' lang='lat' dir='ltr'><strong>ahquid</strong></span> <span class='ocrx_word' id='word_1_330' title='bbox 1980 2582 2263 2659; x_wconf 90' lang='lat' dir='ltr'><strong>temporis</strong></span> <span class='ocrx_word' id='word_1_331' title='bbox 2320 2576 2688 2641; x_wconf 90' lang='lat' dir='ltr'><strong>consumitur</strong></span> <span class='ocrx_word' id='word_1_332' title='bbox 2703 2624 2720 2657; x_wconf 90' lang='lat'><strong>,</strong></span> <span class='ocrx_word' id='word_1_333' title='bbox 2763 2578 2865 2642; x_wconf 91' lang='lat' dir='ltr'><strong>illo</strong></span> <span class='ocrx_word' id='word_1_334' title='bbox 2906 2601 3032 2644; x_wconf 90' lang='lat' dir='ltr'><strong>rem</strong></span> <span class='ocrx_word' id='word_1_335' title='bbox 3071 2581 3290 2643; x_wconf 91' lang='lat' dir='ltr'><strong>iudicio</strong></span> <span class='ocrx_word' id='word_1_336' title='bbox 3327 2599 3463 2643; x_wconf 90' lang='lat' dir='ltr'><strong>meo</strong></span> 
     </span>
     <span class='ocr_line' id='line_1_29' title="bbox 550 2658 3461 2741; baseline 0.001 -23"><span class='ocrx_word' id='word_1_337' title='bbox 550 2658 958 2736; x_wconf 87' lang='lat' dir='ltr'><strong>permittente:</strong></span> <span class='ocrx_word' id='word_1_338' title='bbox 1020 2681 1115 2723; x_wconf 88' lang='lat' dir='ltr'><strong>me</strong></span> <span class='ocrx_word' id='word_1_339' title='bbox 1153 2673 1347 2725; x_wconf 89' lang='lat' dir='ltr'><strong>totum</strong></span> <span class='ocrx_word' id='word_1_340' title='bbox 1386 2661 1670 2722; x_wconf 89' lang='lat' dir='ltr'><strong>iudicium</strong></span> <span class='ocrx_word' id='word_1_341' title='bbox 1710 2660 1821 2741; x_wconf 88' lang='lat' dir='ltr'><strong>illi,</strong></span> <span class='ocrx_word' id='word_1_342' title='bbox 1866 2670 1930 2721; x_wconf 90' lang='lat' dir='ltr'><strong>vt</strong></span> <span class='ocrx_word' id='word_1_343' title='bbox 1970 2660 2181 2739; x_wconf 91' lang='lat' dir='ltr'><strong>debui,</strong></span> <span class='ocrx_word' id='word_1_344' title='bbox 2223 2662 2547 2721; x_wconf 85' lang='lat' dir='ltr'><strong>deferente.</strong></span> <span class='ocrx_word' id='word_1_345' title='bbox 2586 2660 2657 2717; x_wconf 91' lang='lat' dir='ltr'><strong>In</strong></span> <span class='ocrx_word' id='word_1_346' title='bbox 2697 2662 2979 2723; x_wconf 87' lang='lat' dir='ltr'><strong>vtrarnuis</strong></span> <span class='ocrx_word' id='word_1_347' title='bbox 3017 2673 3250 2741; x_wconf 74' lang='lat' dir='ltr'><strong>partem</strong></span> <span class='ocrx_word' id='word_1_348' title='bbox 3292 2660 3461 2721; x_wconf 90' lang='lat' dir='ltr'><strong>multi</strong></span> 
     </span>
     <span class='ocr_line' id='line_1_30' title="bbox 553 2737 3460 2819; baseline 0.001 -21"><span class='ocrx_word' id='word_1_349' title='bbox 553 2755 821 2801; x_wconf 86' lang='lat' dir='ltr'><strong>suasores</strong></span> <span class='ocrx_word' id='word_1_350' title='bbox 860 2742 1007 2803; x_wconf 90' lang='lat' dir='ltr'><strong>mihi</strong></span> <span class='ocrx_word' id='word_1_351' title='bbox 1047 2743 1104 2803; x_wconf 87' lang='lat'>&amp;</span> <span class='ocrx_word' id='word_1_352' title='bbox 1141 2743 1471 2803; x_wconf 90' lang='lat' dir='ltr'><strong>hortatores</strong></span> <span class='ocrx_word' id='word_1_353' title='bbox 1507 2741 1754 2801; x_wconf 84' lang='lat' dir='ltr'><strong>aderant</strong></span> <span class='ocrx_word' id='word_1_354' title='bbox 1767 2786 1784 2819; x_wconf 92' lang='lat'><strong>,</strong></span> <span class='ocrx_word' id='word_1_355' title='bbox 1826 2757 2082 2818; x_wconf 91' lang='lat' dir='ltr'><strong>quorum</strong></span> <span class='ocrx_word' id='word_1_356' title='bbox 2119 2740 2183 2800; x_wconf 89' lang='lat' dir='ltr'><strong>hi</strong></span> <span class='ocrx_word' id='word_1_357' title='bbox 2221 2740 2392 2800; x_wconf 90' lang='lat' dir='ltr'><strong>huius</strong></span> <span class='ocrx_word' id='word_1_358' title='bbox 2407 2784 2424 2817; x_wconf 89' lang='lat'><strong>,</strong></span> <span class='ocrx_word' id='word_1_359' title='bbox 2467 2737 2549 2799; x_wconf 90' lang='lat' dir='ltr'><strong>illi</strong></span> <span class='ocrx_word' id='word_1_360' title='bbox 2588 2747 2786 2799; x_wconf 84' lang='lat' dir='ltr'><strong>autem</strong></span> <span class='ocrx_word' id='word_1_361' title='bbox 2825 2738 2978 2803; x_wconf 90' lang='lat' dir='ltr'><strong>illius</strong></span> <span class='ocrx_word' id='word_1_362' title='bbox 3017 2741 3282 2803; x_wconf 89' lang='lat' dir='ltr'><strong>stationis</strong></span> <span class='ocrx_word' id='word_1_363' title='bbox 3300 2760 3460 2802; x_wconf 91' lang='lat' dir='ltr'><strong>com-</strong></span> 
     </span>
     <span class='ocr_line' id='line_1_31' title="bbox 552 2817 3458 2901; baseline 0.001 -24"><span class='ocrx_word' id='word_1_364' title='bbox 552 2817 866 2881; x_wconf 66' lang='lat' dir='ltr'><strong>moditates</strong></span> <span class='ocrx_word' id='word_1_365' title='bbox 927 2826 1105 2900; x_wconf 79' lang='lat' dir='ltr'><strong>quam</strong></span> <span class='ocrx_word' id='word_1_366' title='bbox 1164 2819 1604 2901; x_wconf 81' lang='lat' dir='ltr'><strong>diligentissime</strong></span> <span class='ocrx_word' id='word_1_367' title='bbox 1662 2820 2106 2898; x_wconf 89' lang='lat' dir='ltr'><strong>praedicabant.</strong></span> <span class='ocrx_word' id='word_1_368' title='bbox 2147 2819 2458 2880; x_wconf 88' lang='lat' dir='ltr'><strong>Lutetiana</strong></span> <span class='ocrx_word' id='word_1_369' title='bbox 2496 2817 2890 2881; x_wconf 88' lang='lat' dir='ltr'><strong>commoratio</strong></span> <span class='ocrx_word' id='word_1_370' title='bbox 2932 2822 3162 2883; x_wconf 89' lang='lat' dir='ltr'><strong>duabus</strong></span> <span class='ocrx_word' id='word_1_371' title='bbox 3203 2820 3458 2881; x_wconf 79' lang='lat' dir='ltr'><strong>maxime</strong></span> 
     </span>
     <span class='ocr_line' id='line_1_32' title="bbox 556 2896 3457 2979; baseline 0.001 -23"><span class='ocrx_word' id='word_1_372' title='bbox 556 2897 634 2957; x_wconf 91' lang='lat' dir='ltr'><strong>de</strong></span> <span class='ocrx_word' id='word_1_373' title='bbox 674 2898 861 2961; x_wconf 90' lang='lat' dir='ltr'><strong>causis</strong></span> <span class='ocrx_word' id='word_1_374' title='bbox 902 2911 1027 2962; x_wconf 89' lang='lat' dir='ltr'><strong>turn</strong></span> <span class='ocrx_word' id='word_1_375' title='bbox 1068 2901 1213 2962; x_wconf 89' lang='lat' dir='ltr'><strong>mihi</strong></span> <span class='ocrx_word' id='word_1_376' title='bbox 1253 2901 1672 2963; x_wconf 88' lang='lat' dir='ltr'><strong>commendata</strong></span> <span class='ocrx_word' id='word_1_377' title='bbox 1712 2911 1826 2961; x_wconf 90' lang='lat' dir='ltr'><strong>est:</strong></span> <span class='ocrx_word' id='word_1_378' title='bbox 1867 2919 2014 2977; x_wconf 81' lang='lat' dir='ltr'><strong>vna,</strong></span> <span class='ocrx_word' id='word_1_379' title='bbox 2053 2898 2218 2977; x_wconf 79' lang='lat' dir='ltr'><strong>qued</strong></span> <span class='ocrx_word' id='word_1_380' title='bbox 2238 2898 2512 2977; x_wconf 85' lang='lat' dir='ltr'><strong>expedita</strong></span> <span class='ocrx_word' id='word_1_381' title='bbox 2531 2896 2607 2956; x_wconf 88' lang='lat' dir='ltr'><strong>ad</strong></span> <span class='ocrx_word' id='word_1_382' title='bbox 2626 2896 2928 2979; x_wconf 89' lang='lat' dir='ltr'><strong>notitiam,</strong></span> <span class='ocrx_word' id='word_1_383' title='bbox 2949 2900 3457 2979; x_wconf 84' lang='lat' dir='ltr'><strong>existimationem,</strong></span> 
     </span>
     <span class='ocr_line' id='line_1_33' title="bbox 558 2975 3461 3058; baseline 0.002 -24"><span class='ocrx_word' id='word_1_384' title='bbox 558 2976 614 3034; x_wconf 87' lang='lat'>&amp;</span> <span class='ocrx_word' id='word_1_385' title='bbox 654 2978 912 3041; x_wconf 89' lang='lat' dir='ltr'><strong>honores</strong></span> <span class='ocrx_word' id='word_1_386' title='bbox 949 2982 1047 3041; x_wconf 85' lang='lat' dir='ltr'><strong>via</strong></span> <span class='ocrx_word' id='word_1_387' title='bbox 1087 2980 1315 3043; x_wconf 90' lang='lat' dir='ltr'><strong>munita</strong></span> <span class='ocrx_word' id='word_1_388' title='bbox 1353 2979 1498 3041; x_wconf 90' lang='lat' dir='ltr'><strong>mihi</strong></span> <span class='ocrx_word' id='word_1_389' title='bbox 1539 2998 1668 3041; x_wconf 91' lang='lat' dir='ltr'><strong>esse</strong></span> <span class='ocrx_word' id='word_1_390' title='bbox 1706 2979 2027 3041; x_wconf 87' lang='lat' dir='ltr'><strong>videretur:</strong></span> <span class='ocrx_word' id='word_1_391' title='bbox 2069 2982 2250 3041; x_wconf 90' lang='lat' dir='ltr'><strong>altera</strong></span> <span class='ocrx_word' id='word_1_392' title='bbox 2269 3026 2286 3057; x_wconf 87' lang='lat'><strong>,</strong></span> <span class='ocrx_word' id='word_1_393' title='bbox 2328 2979 2492 3056; x_wconf 73' lang='lat' dir='ltr'><strong>qued</strong></span> <span class='ocrx_word' id='word_1_394' title='bbox 2511 2975 2596 3036; x_wconf 91' lang='lat' dir='ltr'><strong>ibi</strong></span> <span class='ocrx_word' id='word_1_395' title='bbox 2615 2988 2808 3037; x_wconf 71' lang='lat' dir='ltr'><strong>essent</strong></span> <span class='ocrx_word' id='word_1_396' title='bbox 2827 2980 3152 3058; x_wconf 89' lang='lat' dir='ltr'><strong>frequentia</strong></span> <span class='ocrx_word' id='word_1_397' title='bbox 3169 2978 3461 3041; x_wconf 88' lang='lat' dir='ltr'><strong>literariae</strong></span> 
     </span>
     <span class='ocr_line' id='line_1_34' title="bbox 559 3054 3462 3140; baseline 0.002 -27"><span class='ocrx_word' id='word_1_398' title='bbox 559 3054 833 3117; x_wconf 86' lang='lat' dir='ltr'><strong>scientiae</strong></span> <span class='ocrx_word' id='word_1_399' title='bbox 865 3061 1089 3121; x_wconf 89' lang='lat' dir='ltr'><strong>lumina</strong></span> <span class='ocrx_word' id='word_1_400' title='bbox 1103 3106 1121 3140; x_wconf 89' lang='lat'><strong>,</strong></span> <span class='ocrx_word' id='word_1_401' title='bbox 1150 3060 1261 3121; x_wconf 87' lang='lat' dir='ltr'><strong>viri</strong></span> <span class='ocrx_word' id='word_1_402' title='bbox 1280 3062 1461 3139; x_wconf 84' lang='lat' dir='ltr'><strong>longe</strong></span> <span class='ocrx_word' id='word_1_403' title='bbox 1483 3058 1841 3139; x_wconf 88' lang='lat' dir='ltr'><strong>doctissimi,</strong></span> <span class='ocrx_word' id='word_1_404' title='bbox 1860 3076 2112 3136; x_wconf 89' lang='lat' dir='ltr'><strong>quorum</strong></span> <span class='ocrx_word' id='word_1_405' title='bbox 2134 3058 2436 3119; x_wconf 88' lang='lat' dir='ltr'><strong>auditione</strong></span> <span class='ocrx_word' id='word_1_406' title='bbox 2457 3059 2512 3116; x_wconf 75' lang='grc' dir='ltr'><strong>δι</strong></span> <span class='ocrx_word' id='word_1_407' title='bbox 2531 3058 2957 3121; x_wconf 89' lang='lat' dir='ltr'><strong>consuetudine</strong></span> <span class='ocrx_word' id='word_1_408' title='bbox 2972 3059 3316 3133; x_wconf 83' lang='lat' dir='ltr'><strong>suauissima</strong></span> <span class='ocrx_word' id='word_1_409' title='bbox 3336 3061 3462 3135; x_wconf 85' lang='lat' dir='ltr'><strong>(fol.</strong></span> 
     </span>
     <span class='ocr_line' id='line_1_35' title="bbox 567 3137 3465 3219; baseline 0.002 -26"><span class='ocrx_word' id='word_1_410' title='bbox 567 3137 682 3210; x_wconf 90' lang='lat'><strong>11.)</strong></span> <span class='ocrx_word' id='word_1_411' title='bbox 702 3137 953 3215; x_wconf 89' lang='lat' dir='ltr'><strong>amplius</strong></span> <span class='ocrx_word' id='word_1_412' title='bbox 993 3140 1183 3200; x_wconf 86' lang='lat' dir='ltr'><strong>excoli</strong></span> <span class='ocrx_word' id='word_1_413' title='bbox 1223 3142 1452 3203; x_wconf 88' lang='lat' dir='ltr'><strong>animus</strong></span> <span class='ocrx_word' id='word_1_414' title='bbox 1495 3156 1659 3199; x_wconf 89' lang='lat' dir='ltr'><strong>meus</strong></span> <span class='ocrx_word' id='word_1_415' title='bbox 1698 3150 1935 3218; x_wconf 87' lang='lat' dir='ltr'><strong>posset,</strong></span> <span class='ocrx_word' id='word_1_416' title='bbox 1978 3142 2160 3218; x_wconf 78' lang='lat' dir='ltr'><strong>quam</strong></span> <span class='ocrx_word' id='word_1_417' title='bbox 2200 3149 2301 3199; x_wconf 89' lang='lat' dir='ltr'><strong>aut</strong></span> <span class='ocrx_word' id='word_1_418' title='bbox 2341 3139 2628 3198; x_wconf 90' lang='lat' dir='ltr'><strong>Geneuae</strong></span> <span class='ocrx_word' id='word_1_419' title='bbox 2665 3146 2767 3199; x_wconf 87' lang='lat' dir='ltr'><strong>aut</strong></span> <span class='ocrx_word' id='word_1_420' title='bbox 2785 3138 2926 3200; x_wconf 89' lang='lat' dir='ltr'><strong>alibi</strong></span> <span class='ocrx_word' id='word_1_421' title='bbox 2945 3159 3212 3219; x_wconf 87' lang='lat' dir='ltr'><strong>vsquam.</strong></span> <span class='ocrx_word' id='word_1_422' title='bbox 3254 3142 3324 3199; x_wconf 90' lang='lat' dir='ltr'><strong>In</strong></span> <span class='ocrx_word' id='word_1_423' title='bbox 3346 3140 3465 3199; x_wconf 91' lang='lat' dir='ltr'><strong>hoc</strong></span> 
     </span>
     <span class='ocr_line' id='line_1_36' title="bbox 558 3214 3462 3300; baseline 0.003 -29"><span class='ocrx_word' id='word_1_424' title='bbox 558 3214 809 3277; x_wconf 88' lang='lat' dir='ltr'><strong>consilio</strong></span> <span class='ocrx_word' id='word_1_425' title='bbox 867 3220 1049 3281; x_wconf 85' lang='lat' dir='ltr'><strong>ferme</strong></span> <span class='ocrx_word' id='word_1_426' title='bbox 1090 3230 1214 3279; x_wconf 90' lang='lat' dir='ltr'><strong>erat</strong></span> <span class='ocrx_word' id='word_1_427' title='bbox 1253 3221 1529 3300; x_wconf 87' lang='lat' dir='ltr'><strong>princeps</strong></span> <span class='ocrx_word' id='word_1_428' title='bbox 1569 3220 1645 3279; x_wconf 91' lang='lat' dir='ltr'><strong>D.</strong></span> <span class='ocrx_word' id='word_1_429' title='bbox 1685 3218 2032 3280; x_wconf 89' lang='lat' dir='ltr'><strong>Ludouicus</strong></span> <span class='ocrx_word' id='word_1_430' title='bbox 2072 3219 2406 3280; x_wconf 87' lang='lat' dir='ltr'><strong>Russardus</strong></span> <span class='ocrx_word' id='word_1_431' title='bbox 2445 3218 2547 3277; x_wconf 90' lang='lat' dir='ltr'><strong>IC.</strong></span> <span class='ocrx_word' id='word_1_432' title='bbox 2588 3233 2709 3293; x_wconf 91' lang='lat' dir='ltr'><strong>quo</strong></span> <span class='ocrx_word' id='word_1_433' title='bbox 2751 3220 2957 3279; x_wconf 86' lang='lat' dir='ltr'><strong>vtebar</strong></span> <span class='ocrx_word' id='word_1_434' title='bbox 2996 3218 3462 3281; x_wconf 87' lang='lat' dir='ltr'><strong>familiarissime.</strong></span> 
     </span>
     <span class='ocr_line' id='line_1_37' title="bbox 559 3293 3462 3375; baseline 0.002 -23"><span class='ocrx_word' id='word_1_435' title='bbox 559 3293 995 3360; x_wconf 88' lang='lat' dir='ltr'><strong>Commouebat</strong></span> <span class='ocrx_word' id='word_1_436' title='bbox 1032 3317 1129 3359; x_wconf 89' lang='lat' dir='ltr'><strong>me</strong></span> <span class='ocrx_word' id='word_1_437' title='bbox 1168 3298 1491 3375; x_wconf 90' lang='lat' dir='ltr'><strong>interdum,</strong></span> <span class='ocrx_word' id='word_1_438' title='bbox 1532 3316 1719 3375; x_wconf 90' lang='lat' dir='ltr'><strong>quum</strong></span> <span class='ocrx_word' id='word_1_439' title='bbox 1759 3308 1881 3359; x_wconf 86' lang='lat' dir='ltr'><strong>tam</strong></span> <span class='ocrx_word' id='word_1_440' title='bbox 1922 3300 2108 3359; x_wconf 90' lang='lat' dir='ltr'><strong>multa</strong></span> <span class='ocrx_word' id='word_1_441' title='bbox 2149 3296 2667 3359; x_wconf 88' lang='lat' dir='ltr'><strong>celeberrimorum</strong></span> <span class='ocrx_word' id='word_1_442' title='bbox 2707 3294 2971 3359; x_wconf 85' lang='lat' dir='ltr'><strong>virorum</strong></span> <span class='ocrx_word' id='word_1_443' title='bbox 3001 3299 3245 3362; x_wconf 91' lang='lat' dir='ltr'><strong>nomina</strong></span> <span class='ocrx_word' id='word_1_444' title='bbox 3264 3318 3462 3360; x_wconf 89' lang='lat' dir='ltr'><strong>recen-</strong></span> 
     </span>
     <span class='ocr_line' id='line_1_38' title="bbox 557 3375 3460 3459; baseline 0.003 -29"><span class='ocrx_word' id='word_1_445' title='bbox 557 3384 742 3451; x_wconf 85' lang='lat' dir='ltr'><strong>seret,</strong></span> <span class='ocrx_word' id='word_1_446' title='bbox 781 3377 837 3435; x_wconf 87' lang='lat'>&amp;</span> <span class='ocrx_word' id='word_1_447' title='bbox 873 3380 1207 3458; x_wconf 75' lang='grc' dir='ltr'><strong>ἔριπικούς</strong></span> <span class='ocrx_word' id='word_1_448' title='bbox 1238 3381 1455 3459; x_wconf 64' lang='grc' dir='ltr'><strong><em>ἀγῶνας</em></strong></span> <span class='ocrx_word' id='word_1_449' title='bbox 1472 3421 1487 3449; x_wconf 86' lang='grc'><em>,</em></span> <span class='ocrx_word' id='word_1_450' title='bbox 1510 3378 1723 3454; x_wconf 92' lang='lat' dir='ltr'><strong>quibus</strong></span> <span class='ocrx_word' id='word_1_451' title='bbox 1746 3388 1871 3440; x_wconf 89' lang='lat' dir='ltr'><strong>tum</strong></span> <span class='ocrx_word' id='word_1_452' title='bbox 1900 3380 2210 3440; x_wconf 86' lang='lat' dir='ltr'><strong>feruebant</strong></span> <span class='ocrx_word' id='word_1_453' title='bbox 2229 3376 2440 3438; x_wconf 87' lang='lat' dir='ltr'><strong>literati</strong></span> <span class='ocrx_word' id='word_1_454' title='bbox 2458 3375 2727 3437; x_wconf 86' lang='lat' dir='ltr'><strong>Lutetiae</strong></span> <span class='ocrx_word' id='word_1_455' title='bbox 2743 3419 2758 3447; x_wconf 89' lang='lat'><strong>,</strong></span> <span class='ocrx_word' id='word_1_456' title='bbox 2781 3392 3128 3455; x_wconf 86' lang='lat' dir='ltr'><strong>exponeret:</strong></span> <span class='ocrx_word' id='word_1_457' title='bbox 3162 3377 3460 3439; x_wconf 89' lang='lat' dir='ltr'><strong>Lutetiam</strong></span> 
     </span>
     <span class='ocr_line' id='line_1_39' title="bbox 554 3454 3461 3539; baseline 0.002 -29"><span class='ocrx_word' id='word_1_458' title='bbox 554 3470 681 3511; x_wconf 89' lang='lat' dir='ltr'><strong>esse</strong></span> <span class='ocrx_word' id='word_1_459' title='bbox 723 3459 1106 3533; x_wconf 72' lang='grc' dir='ltr'><strong><em>τὀῑκουμὲνης</em></strong></span> <span class='ocrx_word' id='word_1_460' title='bbox 1147 3458 1460 3535; x_wconf 64' lang='grc' dir='ltr'><strong>ἐπιτομήν,</strong></span> <span class='ocrx_word' id='word_1_461' title='bbox 1499 3456 1763 3519; x_wconf 89' lang='lat' dir='ltr'><strong>literatos</strong></span> <span class='ocrx_word' id='word_1_462' title='bbox 1802 3456 1935 3519; x_wconf 92' lang='lat' dir='ltr'><strong>illos</strong></span> <span class='ocrx_word' id='word_1_463' title='bbox 1973 3460 2030 3517; x_wconf 78' lang='grc' dir='ltr'><strong>δι</strong></span> <span class='ocrx_word' id='word_1_464' title='bbox 2072 3476 2319 3537; x_wconf 88' lang='lat' dir='ltr'><strong>magnos</strong></span> <span class='ocrx_word' id='word_1_465' title='bbox 2347 3457 2506 3517; x_wconf 87' lang='lat' dir='ltr'><strong>viros</strong></span> <span class='ocrx_word' id='word_1_466' title='bbox 2529 3474 2655 3517; x_wconf 89' lang='lat' dir='ltr'><strong>esse</strong></span> <span class='ocrx_word' id='word_1_467' title='bbox 2676 3454 2828 3517; x_wconf 89' lang='lat' dir='ltr'><strong>illius</strong></span> <span class='ocrx_word' id='word_1_468' title='bbox 2849 3458 3072 3539; x_wconf 80' lang='lat' dir='ltr'><strong>sidera3</strong></span> <span class='ocrx_word' id='word_1_469' title='bbox 3091 3476 3299 3521; x_wconf 89' lang='lat' dir='ltr'><strong>eorum</strong></span> <span class='ocrx_word' id='word_1_470' title='bbox 3319 3462 3461 3519; x_wconf 80' lang='lat' dir='ltr'><strong>vero</strong></span> 
     </span>
     <span class='ocr_line' id='line_1_40' title="bbox 553 3533 3464 3629; baseline 0.003 -40"><span class='ocrx_word' id='word_1_471' title='bbox 553 3533 875 3595; x_wconf 85' lang='lat' dir='ltr'><strong>certamina</strong></span> <span class='ocrx_word' id='word_1_472' title='bbox 914 3556 1042 3596; x_wconf 89' lang='lat' dir='ltr'><strong>esse</strong></span> <span class='ocrx_word' id='word_1_473' title='bbox 1080 3545 1397 3612; x_wconf 89' lang='lat' dir='ltr'><strong>perpetuos</strong></span> <span class='ocrx_word' id='word_1_474' title='bbox 1418 3536 1724 3598; x_wconf 88' lang='lat' dir='ltr'><strong>doctrinae</strong></span> <span class='ocrx_word' id='word_1_475' title='bbox 1764 3537 2181 3599; x_wconf 87' lang='lat' dir='ltr'><strong>reconditioris</strong></span> <span class='ocrx_word' id='word_1_476' title='bbox 2220 3538 2475 3629; x_wconf 78' lang='lat' dir='ltr'><strong>imbres,</strong></span> <span class='ocrx_word' id='word_1_477' title='bbox 2514 3534 2728 3612; x_wconf 91' lang='lat' dir='ltr'><strong>quibus</strong></span> <span class='ocrx_word' id='word_1_478' title='bbox 2767 3535 3038 3600; x_wconf 88' lang='lat' dir='ltr'><strong>iuuentus</strong></span> <span class='ocrx_word' id='word_1_479' title='bbox 3057 3558 3195 3601; x_wconf 88' lang='lat' dir='ltr'><strong>cum</strong></span> <span class='ocrx_word' id='word_1_480' title='bbox 3218 3537 3464 3599; x_wconf 65' lang='lat' dir='ltr'><strong>vtilimte</strong></span> 
     </span>
     <span class='ocr_line' id='line_1_41' title="bbox 552 3613 3462 3701; baseline 0.003 -32"><span class='ocrx_word' id='word_1_481' title='bbox 552 3628 782 3671; x_wconf 88' lang='lat' dir='ltr'><strong>summa</strong></span> <span class='ocrx_word' id='word_1_482' title='bbox 843 3613 1141 3675; x_wconf 85' lang='lat' dir='ltr'><strong>imbuitur.</strong></span> <span class='ocrx_word' id='word_1_483' title='bbox 1202 3616 1567 3677; x_wconf 90' lang='lat' dir='ltr'><strong>Geneuensis</strong></span> <span class='ocrx_word' id='word_1_484' title='bbox 1628 3616 2024 3680; x_wconf 89' lang='lat' dir='ltr'><strong>commoratio</strong></span> <span class='ocrx_word' id='word_1_485' title='bbox 2073 3619 2150 3678; x_wconf 92' lang='lat' dir='ltr'><strong>ab</strong></span> <span class='ocrx_word' id='word_1_486' title='bbox 2205 3616 2330 3678; x_wconf 91' lang='lat' dir='ltr'><strong>aliis</strong></span> <span class='ocrx_word' id='word_1_487' title='bbox 2371 3616 2614 3693; x_wconf 80' lang='lat' dir='ltr'><strong>quidem</strong></span> <span class='ocrx_word' id='word_1_488' title='bbox 2653 3616 3034 3701; x_wconf 84' lang='lat' dir='ltr'><strong>laudabatur3</strong></span> <span class='ocrx_word' id='word_1_489' title='bbox 3092 3620 3200 3681; x_wconf 90' lang='lat' dir='ltr'><strong>sed</strong></span> <span class='ocrx_word' id='word_1_490' title='bbox 3237 3636 3350 3678; x_wconf 92' lang='lat' dir='ltr'><strong>nec</strong></span> <span class='ocrx_word' id='word_1_491' title='bbox 3389 3636 3462 3678; x_wconf 90' lang='lat' dir='ltr'><strong>ea</strong></span> 
     </span>
     <span class='ocr_line' id='line_1_42' title="bbox 550 3693 3458 3775; baseline 0.003 -26"><span class='ocrx_word' id='word_1_492' title='bbox 550 3700 705 3767; x_wconf 86' lang='lat' dir='ltr'><strong>arte,</strong></span> <span class='ocrx_word' id='word_1_493' title='bbox 744 3710 858 3753; x_wconf 90' lang='lat' dir='ltr'><strong>nec</strong></span> <span class='ocrx_word' id='word_1_494' title='bbox 897 3695 1050 3755; x_wconf 72' lang='lat' dir='ltr'><strong>adee</strong></span> <span class='ocrx_word' id='word_1_495' title='bbox 1092 3693 1484 3771; x_wconf 85' lang='lat' dir='ltr'><strong>frequentium</strong></span> <span class='ocrx_word' id='word_1_496' title='bbox 1524 3697 1986 3758; x_wconf 89' lang='lat' dir='ltr'><strong>commodorum</strong></span> <span class='ocrx_word' id='word_1_497' title='bbox 2026 3698 2081 3756; x_wconf 67' lang='grc' dir='ltr'><strong>ὅτ</strong></span> <span class='ocrx_word' id='word_1_498' title='bbox 2122 3697 2600 3758; x_wconf 90' lang='lat' dir='ltr'><strong>adiumentorum</strong></span> <span class='ocrx_word' id='word_1_499' title='bbox 2639 3698 3111 3761; x_wconf 89' lang='lat' dir='ltr'><strong>accumulatione</strong></span> <span class='ocrx_word' id='word_1_500' title='bbox 3139 3699 3458 3775; x_wconf 90' lang='lat' dir='ltr'><strong>locupleta-</strong></span> 
     </span>
     <span class='ocr_line' id='line_1_43' title="bbox 553 3770 3458 3861; baseline 0.003 -32"><span class='ocrx_word' id='word_1_501' title='bbox 553 3770 769 3861; x_wconf 75' lang='lat' dir='ltr'><strong>bantur</strong></span> <span class='ocrx_word' id='word_1_502' title='bbox 828 3792 1130 3835; x_wconf 85' lang='lat' dir='ltr'><strong>sermones</strong></span> <span class='ocrx_word' id='word_1_503' title='bbox 1189 3772 1291 3851; x_wconf 91' lang='lat' dir='ltr'><strong>qui</strong></span> <span class='ocrx_word' id='word_1_504' title='bbox 1330 3774 1490 3851; x_wconf 90' lang='lat' dir='ltr'><strong>apud</strong></span> <span class='ocrx_word' id='word_1_505' title='bbox 1532 3793 1629 3836; x_wconf 88' lang='lat' dir='ltr'><strong>rne</strong></span> <span class='ocrx_word' id='word_1_506' title='bbox 1669 3776 1745 3837; x_wconf 91' lang='lat' dir='ltr'><strong>de</strong></span> <span class='ocrx_word' id='word_1_507' title='bbox 1784 3796 1857 3836; x_wconf 92' lang='lat' dir='ltr'><strong>ea</strong></span> <span class='ocrx_word' id='word_1_508' title='bbox 1896 3778 2286 3837; x_wconf 87' lang='lat' dir='ltr'><strong>habebantur.</strong></span> <span class='ocrx_word' id='word_1_509' title='bbox 2326 3778 2490 3836; x_wconf 91' lang='lat' dir='ltr'><strong>Dum</strong></span> <span class='ocrx_word' id='word_1_510' title='bbox 2530 3776 2679 3836; x_wconf 86' lang='lat' dir='ltr'><strong>haec</strong></span> <span class='ocrx_word' id='word_1_511' title='bbox 2718 3788 2998 3853; x_wconf 87' lang='lat' dir='ltr'><strong>geruntur</strong></span> <span class='ocrx_word' id='word_1_512' title='bbox 3036 3780 3231 3857; x_wconf 89' lang='lat' dir='ltr'><strong>domi,</strong></span> <span class='ocrx_word' id='word_1_513' title='bbox 3291 3788 3458 3854; x_wconf 89' lang='lat' dir='ltr'><strong>patre</strong></span> 
     </span>
     <span class='ocr_line' id='line_1_44' title="bbox 554 3853 3459 3937; baseline 0.003 -30"><span class='ocrx_word' id='word_1_514' title='bbox 554 3861 827 3926; x_wconf 80' lang='lat' dir='ltr'><strong>cupiente</strong></span> <span class='ocrx_word' id='word_1_515' title='bbox 886 3872 1247 3931; x_wconf 90' lang='lat' dir='ltr'><strong>cognoscere</strong></span> <span class='ocrx_word' id='word_1_516' title='bbox 1307 3853 1618 3916; x_wconf 87' lang='lat' dir='ltr'><strong>consilium</strong></span> <span class='ocrx_word' id='word_1_517' title='bbox 1660 3871 1857 3915; x_wconf 87' lang='lat' dir='ltr'><strong>meum</strong></span> <span class='ocrx_word' id='word_1_518' title='bbox 1874 3901 1891 3934; x_wconf 92' lang='lat'><strong>,</strong></span> <span class='ocrx_word' id='word_1_519' title='bbox 1954 3862 2165 3933; x_wconf 81' lang='lat' dir='ltr'><strong>meque</strong></span> <span class='ocrx_word' id='word_1_520' title='bbox 2205 3855 2582 3934; x_wconf 88' lang='lat' dir='ltr'><strong>acquiescere</strong></span> <span class='ocrx_word' id='word_1_521' title='bbox 2620 3856 2910 3917; x_wconf 87' lang='lat' dir='ltr'><strong>voluntati</strong></span> <span class='ocrx_word' id='word_1_522' title='bbox 2947 3859 3163 3937; x_wconf 83' lang='lat' dir='ltr'><strong>patris3</strong></span> <span class='ocrx_word' id='word_1_523' title='bbox 3215 3856 3459 3935; x_wconf 90' lang='lat' dir='ltr'><strong>priuatis</strong></span> 
     </span>
     <span class='ocr_line' id='line_1_45' title="bbox 557 3928 3460 4019; baseline 0.003 -33"><span class='ocrx_word' id='word_1_524' title='bbox 557 3928 632 3987; x_wconf 90' lang='lat' dir='ltr'><strong>de</strong></span> <span class='ocrx_word' id='word_1_525' title='bbox 672 3930 861 4019; x_wconf 77' lang='lat' dir='ltr'><strong>causis</strong></span> <span class='ocrx_word' id='word_1_526' title='bbox 902 3937 1142 4011; x_wconf 88' lang='lat' dir='ltr'><strong>repente</strong></span> <span class='ocrx_word' id='word_1_527' title='bbox 1180 3942 1349 4012; x_wconf 91' lang='lat' dir='ltr'><strong>pater</strong></span> <span class='ocrx_word' id='word_1_528' title='bbox 1387 3934 1677 3995; x_wconf 89' lang='lat' dir='ltr'><strong>celeribus</strong></span> <span class='ocrx_word' id='word_1_529' title='bbox 1716 3934 1880 4013; x_wconf 89' lang='lat' dir='ltr'><strong>equis</strong></span> <span class='ocrx_word' id='word_1_530' title='bbox 1919 3935 2218 3995; x_wconf 87' lang='lat' dir='ltr'><strong>Lutetiam</strong></span> <span class='ocrx_word' id='word_1_531' title='bbox 2257 3936 2431 4013; x_wconf 86' lang='lat' dir='ltr'><strong>petit:</strong></span> <span class='ocrx_word' id='word_1_532' title='bbox 2473 3945 2789 4014; x_wconf 89' lang='lat' dir='ltr'><strong>postquam</strong></span> <span class='ocrx_word' id='word_1_533' title='bbox 2809 3934 2868 3995; x_wconf 91' lang='lat' dir='ltr'><strong>in</strong></span> <span class='ocrx_word' id='word_1_534' title='bbox 2891 3938 3182 3999; x_wconf 87' lang='lat' dir='ltr'><strong>mandatis</strong></span> <span class='ocrx_word' id='word_1_535' title='bbox 3201 3936 3460 3999; x_wconf 87' lang='lat' dir='ltr'><strong>dedisset</strong></span> 
     </span>
     <span class='ocr_line' id='line_1_46' title="bbox 556 4012 3460 4094; baseline 0.003 -27"><span class='ocrx_word' id='word_1_536' title='bbox 556 4018 726 4068; x_wconf 77' lang='lat' dir='ltr'><strong>matri</strong></span> <span class='ocrx_word' id='word_1_537' title='bbox 740 4056 757 4087; x_wconf 85' lang='lat'><strong>,</strong></span> <span class='ocrx_word' id='word_1_538' title='bbox 816 4021 882 4071; x_wconf 90' lang='lat' dir='ltr'><strong>vt</strong></span> <span class='ocrx_word' id='word_1_539' title='bbox 942 4030 1037 4073; x_wconf 88' lang='lat' dir='ltr'><strong>me</strong></span> <span class='ocrx_word' id='word_1_540' title='bbox 1098 4013 1313 4075; x_wconf 89' lang='lat' dir='ltr'><strong>sineret</strong></span> <span class='ocrx_word' id='word_1_541' title='bbox 1370 4012 1431 4073; x_wconf 90' lang='lat' dir='ltr'><strong>in</strong></span> <span class='ocrx_word' id='word_1_542' title='bbox 1490 4014 1772 4075; x_wconf 90' lang='lat' dir='ltr'><strong>vtramuis</strong></span> <span class='ocrx_word' id='word_1_543' title='bbox 1831 4025 2062 4092; x_wconf 88' lang='lat' dir='ltr'><strong>partem</strong></span> <span class='ocrx_word' id='word_1_544' title='bbox 2118 4014 2446 4094; x_wconf 81' lang='lat' dir='ltr'><strong>proficisci,</strong></span> <span class='ocrx_word' id='word_1_545' title='bbox 2504 4025 2680 4093; x_wconf 90' lang='lat' dir='ltr'><strong>prout</strong></span> <span class='ocrx_word' id='word_1_546' title='bbox 2732 4014 2959 4077; x_wconf 89' lang='lat' dir='ltr'><strong>animus</strong></span> <span class='ocrx_word' id='word_1_547' title='bbox 3009 4021 3235 4079; x_wconf 89' lang='lat' dir='ltr'><strong>futurus</strong></span> <span class='ocrx_word' id='word_1_548' title='bbox 3287 4026 3460 4077; x_wconf 88' lang='lat' dir='ltr'><strong>esset.</strong></span> 
     </span>
     <span class='ocr_line' id='line_1_47' title="bbox 555 4087 3456 4169; baseline 0.004 -24"><span class='ocrx_word' id='word_1_549' title='bbox 555 4087 763 4165; x_wconf 87' lang='lat' dir='ltr'><strong>Itaque</strong></span> <span class='ocrx_word' id='word_1_550' title='bbox 800 4089 1037 4152; x_wconf 87' lang='lat' dir='ltr'><strong>ineunte</strong></span> <span class='ocrx_word' id='word_1_551' title='bbox 1075 4093 1323 4169; x_wconf 79' lang='lat' dir='ltr'><strong>MartiO,</strong></span> <span class='ocrx_word' id='word_1_552' title='bbox 1368 4094 1754 4155; x_wconf 89' lang='lat' dir='ltr'><strong>commodum</strong></span> <span class='ocrx_word' id='word_1_553' title='bbox 1794 4096 1972 4155; x_wconf 91' lang='lat' dir='ltr'><strong>rebus</strong></span> <span class='ocrx_word' id='word_1_554' title='bbox 2010 4093 2156 4155; x_wconf 90' lang='lat' dir='ltr'><strong>meis</strong></span> <span class='ocrx_word' id='word_1_555' title='bbox 2190 4093 2534 4156; x_wconf 90' lang='lat' dir='ltr'><strong>comitatum</strong></span> <span class='ocrx_word' id='word_1_556' title='bbox 2553 4105 2761 4155; x_wconf 90' lang='lat' dir='ltr'><strong>nactus</strong></span> <span class='ocrx_word' id='word_1_557' title='bbox 2781 4100 2916 4157; x_wconf 88' lang='lat' dir='ltr'><strong>ante</strong></span> <span class='ocrx_word' id='word_1_558' title='bbox 2937 4098 3123 4159; x_wconf 89' lang='lat' dir='ltr'><strong>domo</strong></span> <span class='ocrx_word' id='word_1_559' title='bbox 3145 4098 3456 4158; x_wconf 90' lang='lat' dir='ltr'><strong>Geneuam</strong></span> 
     </span>
     <span class='ocr_line' id='line_1_48' title="bbox 553 4170 3457 4268; baseline 0.003 -43"><span class='ocrx_word' id='word_1_560' title='bbox 553 4170 731 4243; x_wconf 78' lang='lat' dir='ltr'><strong>quam</strong></span> <span class='ocrx_word' id='word_1_561' title='bbox 772 4171 1064 4232; x_wconf 89' lang='lat' dir='ltr'><strong>Lutetiam</strong></span> <span class='ocrx_word' id='word_1_562' title='bbox 1104 4172 1519 4251; x_wconf 84' lang='lat' dir='ltr'><strong>proficiscendi</strong></span> <span class='ocrx_word' id='word_1_563' title='bbox 1532 4219 1549 4253; x_wconf 86' lang='lat'><strong>,</strong></span> <span class='ocrx_word' id='word_1_564' title='bbox 1589 4183 1882 4235; x_wconf 89' lang='lat' dir='ltr'><strong>annuente</strong></span> <span class='ocrx_word' id='word_1_565' title='bbox 1920 4184 2107 4235; x_wconf 89' lang='lat' dir='ltr'><strong>matre</strong></span> <span class='ocrx_word' id='word_1_566' title='bbox 2148 4175 2205 4234; x_wconf 86' lang='lat'>&amp;</span> <span class='ocrx_word' id='word_1_567' title='bbox 2244 4176 2533 4252; x_wconf 91' lang='lat' dir='ltr'><strong>probante</strong></span> <span class='ocrx_word' id='word_1_568' title='bbox 2547 4220 2565 4252; x_wconf 93' lang='lat'><strong>,</strong></span> <span class='ocrx_word' id='word_1_569' title='bbox 2605 4174 2812 4251; x_wconf 90' lang='lat' dir='ltr'><strong>reliqui</strong></span> <span class='ocrx_word' id='word_1_570' title='bbox 2845 4186 3152 4252; x_wconf 88' lang='lat' dir='ltr'><strong>paternam</strong></span> <span class='ocrx_word' id='word_1_571' title='bbox 3173 4178 3457 4268; x_wconf 74' lang='lat' dir='ltr'><strong>domum,</strong></span> 
     </span>
     <span class='ocr_line' id='line_1_49' title="bbox 556 4248 3458 4335; baseline 0.003 -30"><span class='ocrx_word' id='word_1_572' title='bbox 556 4257 616 4305; x_wconf 88' lang='lat' dir='ltr'><strong>vt</strong></span> <span class='ocrx_word' id='word_1_573' title='bbox 678 4248 959 4311; x_wconf 89' lang='lat' dir='ltr'><strong>Geneuae</strong></span> <span class='ocrx_word' id='word_1_574' title='bbox 1020 4252 1249 4331; x_wconf 84' lang='lat' dir='ltr'><strong>linguas</strong></span> <span class='ocrx_word' id='word_1_575' title='bbox 1306 4256 1577 4331; x_wconf 86' lang='lat' dir='ltr'><strong>(quarum</strong></span> <span class='ocrx_word' id='word_1_576' title='bbox 1637 4253 1967 4315; x_wconf 88' lang='lat' dir='ltr'><strong>incredibili</strong></span> <span class='ocrx_word' id='word_1_577' title='bbox 2025 4253 2221 4315; x_wconf 90' lang='lat' dir='ltr'><strong>studio</strong></span> <span class='ocrx_word' id='word_1_578' title='bbox 2263 4257 2646 4333; x_wconf 89' lang='lat' dir='ltr'><strong>flagraueram</strong></span> <span class='ocrx_word' id='word_1_579' title='bbox 2689 4254 2825 4315; x_wconf 91' lang='lat' dir='ltr'><strong>inde</strong></span> <span class='ocrx_word' id='word_1_580' title='bbox 2861 4260 2898 4315; x_wconf 81' lang='lat' dir='ltr'><strong>a</strong></span> <span class='ocrx_word' id='word_1_581' title='bbox 2939 4255 3150 4335; x_wconf 78' lang='lat' dir='ltr'><strong>puero)</strong></span> <span class='ocrx_word' id='word_1_582' title='bbox 3190 4256 3458 4319; x_wconf 81' lang='lat' dir='ltr'><strong>discendi</strong></span> 
     </span>
     <span class='ocr_line' id='line_1_50' title="bbox 550 4326 3536 4475; baseline 0.005 -92"><span class='ocrx_word' id='word_1_583' title='bbox 550 4326 796 4389; x_wconf 81' lang='lat' dir='ltr'><strong>facultas</strong></span> <span class='ocrx_word' id='word_1_584' title='bbox 836 4342 1019 4413; x_wconf 69' lang='lat' dir='ltr'><strong>esset.</strong></span> <span class='ocrx_word' id='word_1_585' title='bbox 1076 4330 1417 4393; x_wconf 87' lang='lat' dir='ltr'><strong>Discedenti</strong></span> <span class='ocrx_word' id='word_1_586' title='bbox 1470 4342 1659 4395; x_wconf 88' lang='lat' dir='ltr'><strong>mater</strong></span> <span class='ocrx_word' id='word_1_587' title='bbox 1712 4350 1837 4393; x_wconf 89' lang='lat' dir='ltr'><strong>non</strong></span> <span class='ocrx_word' id='word_1_588' title='bbox 1878 4332 2130 4411; x_wconf 88' lang='lat' dir='ltr'><strong>amplius</strong></span> <span class='ocrx_word' id='word_1_589' title='bbox 2170 4336 2352 4395; x_wconf 89' lang='lat' dir='ltr'><strong>ferme</strong></span> <span class='ocrx_word' id='word_1_590' title='bbox 2393 4339 2572 4412; x_wconf 80' lang='lat' dir='ltr'><strong>quam</strong></span> <span class='ocrx_word' id='word_1_591' title='bbox 2613 4332 2890 4394; x_wconf 85' lang='lat' dir='ltr'><strong>viaticum</strong></span> <span class='ocrx_word' id='word_1_592' title='bbox 2932 4338 3176 4399; x_wconf 90' lang='lat' dir='ltr'><strong>dederat</strong></span> <span class='ocrx_word' id='word_1_593' title='bbox 3192 4382 3210 4417; x_wconf 91' lang='lat'><strong>,</strong></span> <span class='ocrx_word' id='word_1_594' title='bbox 3245 4354 3458 4475; x_wconf 54' lang='lat' dir='ltr'><strong>prpipe-</strong></span> <span class='ocrx_word' id='word_1_595' title='bbox 3529 4338 3536 4343; x_wconf 81' lang='grc'><em>“</em></span> 
     </span>
    </p>

    <p class='ocr_par' dir='ltr' id='par_1_3' title="bbox 1512 4432 3458 4474">
     <span class='ocr_line' id='line_1_51' title="bbox 1512 4432 3458 4474; baseline -0.001 0"><span class='ocrx_word' id='word_1_596' title='bbox 1512 4454 1515 4459; x_wconf 96' lang='grc'>-</span> <span class='ocrx_word' id='word_1_597' title='bbox 3360 4432 3458 4474; x_wconf 91' lang='lat' dir='ltr'><strong>em</strong></span> 
     </span>
    </p>
   </div>
  </div>
 </body>
</html>
