3923 4875
610 323 723 378 114
1532 319 1861 366 THESES
1918 319 2565 366 THROLOGICAE.

682 501 779 555 32.
858 481 1034 539 Adde
1100 481 1263 556 quod
1323 501 1436 541 nec
1496 481 1694 560 lingua
1754 483 2138 562 Prophetica,
2191 482 2440 560 stiloque
2493 480 2696 540 diuino
2733 480 2960 560 scripti,
2999 499 3114 541 nec
3151 481 3502 542 authoritate

604 560 803 619 diuina
864 559 1162 620 Ecclesiae
1217 560 1368 630 dati,
1432 565 1486 621 δι
1542 562 1917 642 sanctificati,
1971 583 2082 624 nec
2121 567 2158 622 a
2199 565 2552 622 Iudaeorum
2591 561 2859 620 Ecclesia
2897 562 3078 639 agniti
3124 562 3182 622 in
3223 563 3502 622 Hebraeo

602 659 866 716 canone,
910 658 1017 699 nec
1058 644 1094 698 a
1136 641 1372 701 Christo
1414 644 1467 700 δι
1510 643 1844 734 Apostolis,
1882 643 1984 720 qui
2023 645 2184 702 nulla
2223 642 2362 703 inde
2399 641 2734 702 testimonia
2773 651 2836 700 vt
2865 661 2939 701 ex
2963 645 3100 701 vere
3121 645 3504 708 ὼοπκύςοις

598 719 759 780 libris
799 721 1145 798 hauserunt,
1186 721 1263 780 ad
1302 721 1604 782 veritatem
1648 723 1953 784 doctrinae
1993 741 2132 784 suae
2173 721 2710 782 demonstrandam.

678 819 773 876 33.
856 799 1156 874 Obijciunt
1194 800 1482 876 Pontifieij
1526 803 1763 862 decreta
1800 804 2094 878 quaedam
2135 800 2571 880 Conciliorum,
2611 801 2719 860 sed
2761 809 2822 858 vt
2855 800 2912 858 in
2947 799 3163 878 quibus
3183 799 3500 876 praefuerit

598 898 721 938 non
763 879 1009 956 Spiritus
1052 879 1299 960 Christi,
1340 881 1447 940 sed
1486 881 1825 958 hominum,
1867 901 1988 942 non
2026 901 2105 942 ex
2145 883 2328 942 verbo
2373 881 2518 959 Dei,
2557 880 2663 940 sed
2704 889 2913 939 contra
2949 882 3117 955 ver(f.
3159 880 3498 955 1601.)bum

596 959 709 1019 Dei
750 959 973 1019 sancita
1011 971 1146 1018 sunt
1188 960 1493 1038 dogmata.
1554 963 1933 1021 Probandum
1973 962 2148 1040 igitur
2186 961 2296 1021 illis
2332 963 2509 1038 foret,
2549 961 2699 1019 haec
2740 977 2845 1019 sua
2883 979 3022 1019 vera
3060 977 3187 1019 esse
3219 959 3499 1036 concilia:

598 1038 811 1098 deinde
870 1039 1071 1098 omnia
1128 1057 1281 1116 quae
1339 1039 1601 1118 legitima
1654 1040 1925 1102 Concilia
1977 1043 2330 1118 decernunt,
2377 1041 2500 1100 sine
2543 1038 2946 1100 controuersia
2984 1040 3038 1098 &
3080 1037 3500 1098 diiudicatione

594 1137 722 1178 esse
762 1117 1129 1197 recipienda:
1194 1119 1378 1194 Quod
1416 1138 1718 1197 negamuS.

672 1218 769 1274 34.
849 1200 1049 1258 Patres
1088 1198 1325 1274 quidem
1367 1201 1614 1260 fatemur
1653 1200 1913 1260 hausisse
1953 1202 2247 1277 quaedam
2286 1219 2360 1260 ex
2386 1198 2498 1258 illis
2519 1196 2714 1276 libris,
2737 1198 2841 1258 sed
2861 1199 2939 1258 ad
2963 1217 3158 1257 mores
3179 1197 3498 1257 informan-

590 1279 736 1348 dos,
779 1296 901 1337 non
942 1279 1021 1337 ad
1060 1279 1239 1338 fidem
1284 1280 1779 1354 confirmandam:
1820 1281 2030 1357 {dque3
2073 1300 2195 1340 non
2218 1291 2279 1339 vt
2298 1299 2371 1338 ex
2391 1278 2740 1354 CanoniciS,
2761 1279 2868 1338 sed
2888 1289 3043 1348 vtex
3067 1277 3496 1337 Ecclesiasticis

590 1357 845 1434 scriptis.
880 1359 1023 1416 Hoc
1062 1357 1236 1436 igitur
1276 1359 1354 1418 ad
1395 1378 1520 1418 rem
1562 1359 1707 1419 nihil
1748 1360 1912 1432 facit,
1953 1363 2090 1420 cum
2138 1361 2458 1438 Apostolus
2498 1358 2622 1437 ipse
2663 1357 2804 1417 citet
2846 1375 3047 1418 versus
3082 1376 3154 1417 ex
3175 1357 3498 1434 prophanis

590 1437 954 1497 authoribus
996 1440 1133 1497 Act.
1182 1456 1271 1513 17.
1318 1441 1410 1499 28.
1448 1439 1563 1499 Tit.
1615 1459 1666 1497 1.
1714 1441 1803 1499 18.
1843 1457 2098 1517 quorum
2141 1451 2339 1500 tamen
2372 1437 2506 1498 libri
2533 1438 2668 1498 ideo
2707 1436 2994 1496 Canonici
3028 1455 3153 1496 non
3193 1438 3498 1496 habentur.

671 1532 767 1594 35.
850 1519 1086 1576 Vocant
1126 1517 1299 1578 etiam
1342 1521 1539 1578 Patres
1576 1518 1895 1596 aliquando
1933 1519 2118 1580 libros
2155 1519 2288 1580 illos
2331 1537 2565 1596 sacros,
2603 1517 2726 1576 imo
2767 1515 3136 1595 CanonicOS,
3171 1517 3275 1576 sed
3305 1515 3500 1592 aequi-

591 1601 742 1656 uoce
782 1597 837 1654 δι
878 1601 1220 1674 comparate
1258 1597 1337 1656 ad
1378 1598 1599 1675 reliqua
1636 1600 1891 1659 humana
1932 1599 2176 1676 scripta,
2215 1617 2340 1660 non
2381 1608 2578 1657 autem
2618 1597 2856 1674 proprie
2885 1598 2941 1656 &
2976 1597 3260 1674 vniuoce,
3281 1607 3342 1654 vt
3364 1595 3496 1654 libri

592 1676 927 1752 Prophetici
970 1680 1024 1736 δι
1066 1675 1424 1754 Apostolici:
1469 1695 1619 1753 quos
1659 1677 1771 1755 ipsi
1810 1681 2364 1757 πρωτοκανονικούς,
2401 1677 2548 1738 alios
2569 1679 3141 1755 δευτεροκανονικοὺς
3160 1691 3500 1751 nuncupare

594 1758 817 1833 solent,
859 1764 924 1813 vt
962 1755 1176 1832 quibus
1216 1755 1517 1834 proximus
1553 1768 1691 1835 post
1729 1758 2070 1817 Canonicos
2098 1757 2250 1816 inter
2279 1761 2536 1817 humana
2555 1756 2773 1832 scripta
2792 1757 3076 1814 debeatur
3095 1757 3294 1814 locus:
3318 1771 3496 1830 quem

596 1835 773 1894 etiam
815 1834 925 1894 illis
966 1837 1215 1894 libenter
1252 1835 1666 1915 concedimuS,
1708 1838 1813 1898 sed
1853 1837 1982 1914 pari
2019 1837 2207 1916 gradu
2246 1855 2383 1898 cum
2425 1834 2742 1897 Canonicis
2781 1834 3152 1911 recipiendos
3192 1851 3494 1910 negamus

676 1917 773 1990 36.
852 1914 949 1973 Ad
990 1917 1043 1972 T
1044 1915 1361 1975 raditiones
1399 1919 1541 1975 vero
1580 1919 1745 1994 quod
1785 1917 2019 1996 attinet,
2061 1917 2390 1978 notandum
2431 1928 2518 1977 est
2557 1915 2656 1976 hic
2691 1913 2786 1990 agi
2820 1914 2896 1972 de
2915 1913 3325 1974 traditionibus
3344 1930 3496 1989 quae

596 1994 673 2051 ad
714 1992 895 2052 fidem
930 1993 985 2051 &
1026 2013 1223 2054 mores
1266 1995 1591 2077 pertinent,
1632 2017 1743 2058 nec
1782 1997 2232 2056 fundamentum
2273 1999 2490 2057 habent
2529 1996 2590 2055 in
2631 1993 2932 2084 Scriptura
2970 2010 3076 2053 seu
3107 1993 3353 2070 directe,
3373 1991 3498 2051 siue

595 2092 667 2132 ex
706 2071 856 2131 iusta
896 2075 1344 2150 consequentia:
1386 2075 1551 2151 Quas
1592 2087 1789 2136 tamen
1827 2079 2036 2136 volunt
2077 2075 2362 2154 Pontificij
2405 2076 2534 2154 pari
2573 2073 2804 2152 pietatis
2841 2074 3026 2150 gradu
3068 2076 3123 2133 &
3163 2072 3443 2150 religione
3462 2075 3498 2129 a

594 2153 769 2211 nobis
808 2152 990 2230 recipi
1030 2157 1084 2214 &
1125 2153 1242 2214 coli
1282 2175 1353 2214 ac
1396 2173 1467 2215 ea
1505 2174 1657 2234 quae
1696 2161 1970 2236 expresse
2010 2157 2303 2216 docentur
2341 2157 2400 2216 in
2440 2157 2626 2216 verbo
2666 2152 2799 2212 Dei.

675 2251 769 2307 37.
852 2235 979 2293 Nos
1017 2245 1215 2294 autem
1252 2235 1563 2296 asserimus
1604 2257 1673 2296 ea
1714 2237 1913 2297 omnia
1954 2253 2107 2314 quae
2149 2236 2322 2296 nobis
2361 2236 2658 2296 credenda
2698 2236 2753 2293 δι
2787 2232 3054 2292 iacienda
3087 2243 3224 2293 sunt
3253 2233 3332 2292 ad
3351 2234 3499 2291 salu-

596 2323 744 2390 tem,
790 2315 1047 2390 perfecte
1089 2314 1146 2373 in
1186 2315 1363 2375 sacris
1402 2316 1712 2394 Scripturis
1754 2316 2070 2394 contineri,
2113 2326 2174 2375 vt
2213 2315 2272 2375 in
2315 2316 2530 2392 quibus
2557 2317 2733 2392 plane
2753 2313 3114 2372 voluntatem
3137 2330 3304 2372 suam
3322 2311 3496 2372 nobis

594 2393 941 2454 reuelauerit
992 2395 1184 2474 Deus,
1239 2414 1391 2473 quae
1438 2415 1549 2457 nos
1587 2397 1814 2475 possint
1854 2396 2145 2475 sapientes
2185 2396 2433 2457 reddere
2471 2397 2550 2457 ad
2589 2396 2868 2469 salutem,
2915 2413 2967 2453 2.
3019 2394 3166 2452 Tim.
3206 2411 3266 2470 3.
3315 2407 3399 2470 15.
3441 2395 3496 2452 δι

595 2484 757 2533 extra
795 2492 940 2550 quas
981 2494 1103 2535 non
1144 2476 1216 2535 sit
1253 2476 1413 2537 fideli
1449 2476 1814 2555 sapiendum.
1864 2498 1911 2536 1.
1954 2478 2093 2536 Cor.
2135 2498 2192 2549 4.
2215 2479 2270 2536 6.
2314 2479 2439 2537 Stat
2461 2476 2615 2535 enim
2647 2472 2965 2553 sententia,
2995 2472 3042 2533 si
3064 2473 3196 2549 quis
3216 2492 3290 2532 ex
3311 2476 3498 2549 Apos-

594 2553 727 2691 tglis
780 2556 875 2614 vel
915 2554 1156 2633 Angelis
1170 2556 1419 2696 {liquid
1458 2556 1945 2636 euangelizauerit
1983 2567 2216 2633 praeter
2253 2556 2313 2616 id
2357 2557 2520 2633 quod
2560 2551 2894 2631 accepimus
2915 2598 2932 2631 ,
2971 2553 3130 2612 hunc
3171 2572 3298 2613 esse
3333 2556 3498 2612 Ana·

596 2643 619 2691 t
664 2654 825 2712 ema,
876 2636 1014 2695 Gal.
1064 2656 1113 2694 1.
1167 2656 1187 2693 1
1239 2681 1253 2696 .

674 2716 769 2788 38.
849 2717 1128 2775 Fatemur
1166 2716 1406 2792 quidem
1448 2719 1771 2794 Apostolos
1810 2736 1933 2777 non
1977 2717 2175 2777 omnia
2213 2734 2460 2777 numero
2501 2715 2832 2794 scripsisse,
2877 2714 3002 2772 tum
3044 2730 3197 2789 quae
3237 2712 3500 2772 Christus

594 2793 734 2852 fecit
775 2796 829 2853 δι
870 2792 1047 2873 dixit,
1089 2796 1222 2855 lolz.
1270 2814 1361 2855 20.
1402 2817 1499 2872 30.
1538 2798 1663 2856 tum
1705 2814 1858 2873 quae
1896 2796 2006 2874 ipsi
2037 2796 2549 2874 praedicanerunt:
2573 2797 2798 2872 (omnia
2821 2792 2976 2856 enirn
2999 2792 3224 2871 singula
3245 2792 3500 2851 mundns

593 2870 717 2949 ipse
758 2874 908 2933 serre
950 2894 1073 2934 non
1114 2874 1430 2955 potuisset,
1471 2877 1689 2936 nedum
1732 2896 1943 2954 capere
1957 2880 2000 2951 ,)
2051 2878 2156 2937 sed
2198 2876 2406 2937 eadem
2444 2875 2705 2955 ratione,
2745 2874 2946 2938 omnia
2985 2883 3111 2931 tum
3151 2870 3500 2961 vniuersalia

596 2954 650 3010 &
690 2954 1028 3013 communia
1067 2974 1219 3031 quae
1258 2957 1423 3015 Deus
1462 2956 1772 3033 reuelauit,
1814 2959 1939 3016 tum
1981 2975 2054 3015 ex
2093 2956 2540 3034 particularibus
2573 2972 2963 3033 quaecunque
2983 2953 3060 3011 ad
3081 2952 3327 3011 salutem
3349 2968 3500 3011 scire

595 3032 868 3107 expedit,
910 3036 1166 3110 perfecte
1208 3034 1267 3093 in
1308 3035 1621 3112 Scripturis
1662 3036 1834 3095 nobis
1874 3035 2205 3097 exhibuisse
2245 3036 2582 3115 asserimuS,
2621 3035 2916 3113 sigillatim
2957 3032 3197 3109 quidem
3240 3048 3391 3107 quae
3425 3030 3501 3087 ad

596 3112 775 3169 fidem
836 3116 891 3171 δι
944 3134 1137 3173 mores
1192 3126 1477 3192 spectant.
1530 3115 1848 3175 Ritualium
1896 3119 2039 3176 vere
2088 3118 2280 3193 legem
2327 3116 2657 3194 generalem
2701 3115 2969 3193 dedisse,
3012 3124 3074 3172 vt
3114 3112 3316 3170 omnia
3357 3112 3499 3168 fiant

598 3190 967 3266 εὐσχημόνως
1009 3200 1105 3250 καὶ
1150 3200 1293 3253 κατὰ
1338 3196 1521 3259 roien.
1568 3216 1617 3255 1.
1665 3196 1801 3255 Cor.
1852 3214 1943 3267 14.
1983 3215 2080 3269 40.

674 3288 771 3345 39.
852 3272 1225 3360 Traditiones
1268 3291 1408 3353 ergo
1450 3294 1686 3352 omneS,
1724 3275 1847 3333 siue
1887 3294 2042 3351 quae
2083 3274 2498 3351 Apostolicae,
2540 3272 2664 3333 siue
2693 3289 2845 3350 quae
2883 3270 3332 3333 Ecclesiasticae
3353 3285 3500 3329 nun-

596 3359 915 3427 cupantur,
955 3369 1003 3408 st
1041 3353 1399 3419 conueniant
1436 3370 1573 3412 cum
1612 3354 1897 3432 scriptura
1936 3354 2331 3428 admittimuS,
2373 3355 2422 3413 si
2451 3354 2793 3413 dissentiant
2815 3353 3140 3431 reiicimuS,
3160 3351 3206 3412 si
3229 3359 3500 3410 neutrum

594 3426 807 3487 liberas
848 3428 1258 3506 relinquimus:
1304 3445 1364 3493 vt
1405 3432 1569 3492 verbi
1607 3434 1793 3511 gratia
1830 3436 1897 3493 B.
1938 3434 2190 3493 Mariam
2225 3453 2456 3511 semper
2479 3432 2758 3493 mansisse
2777 3432 3251 3511 virginem,ante
3271 3440 3500 3507 partum

596 3506 869 3586 quidem,
930 3509 1223 3570 credimus
1280 3532 1351 3572 ex
1412 3513 1728 3589 Scriptura.
1788 3516 2013 3573 Matth.
2073 3534 2122 3574 1.
2183 3533 2211 3571 2
2221 3528 2275 3590 5.
2330 3524 2466 3590 post
2506 3524 2738 3590 partum
2780 3518 2924 3573 vero
2967 3525 3234 3573 tenemus
3273 3527 3396 3567 non
3437 3518 3502 3566 vt

595 3588 815 3663 dogma
854 3587 1023 3658 fidei,
1066 3591 1173 3649 sed
1211 3601 1275 3650 vt
1314 3592 1651 3653 assensione
1692 3591 1953 3671 dignum.

677 3686 772 3738 40.
854 3670 1061 3744 Itaque
1121 3672 1332 3730 frustra
1380 3672 1651 3731 laborant
1700 3671 1988 3748 Pontificij
2030 3684 2094 3732 vt
2133 3675 2418 3749 probent,
2461 3674 2706 3732 verbum
2749 3691 2868 3732 non
2913 3672 3199 3749 scriptum
3241 3668 3500 3729 eiusdem

596 3762 721 3804 esse
770 3748 1135 3809 authoritatis
1185 3766 1317 3809 cum
1372 3752 1559 3810 verbo
1603 3751 1853 3829 script0,
1896 3754 2382 3831 quandoquidem
2420 3769 2570 3812 vnus
2613 3762 2700 3811 est
2743 3754 3042 3829 vtriusque
3083 3751 3322 3811 author:
3363 3749 3500 3805 cum

592 3824 753 3899 prius
814 3827 1015 3886 fuisset
1073 3830 1448 3905 probandum
1510 3848 1637 3889 esse
1690 3830 1933 3908 aliquod
1975 3831 2267 3892 eiusmodi
2305 3832 2554 3893 verbum
2595 3850 2720 3891 non
2765 3830 3077 3909 scriptum,
3118 3832 3173 3890 &
3212 3826 3502 3906 quaedam

594 3904 888 3965 credenda
927 3918 1157 3983 praeter
1198 3928 1269 3969 ea
1309 3928 1461 3988 quae
1502 3909 1877 3969 continentur
1918 3910 1978 3969 in
2021 3910 2358 3989 Scripturis:
2401 3911 2564 3989 quod
2604 3930 2910 3989 negamuS.

675 4001 772 4054 41.
853 3987 1179 4047 Ecclesiam
1233 3988 1437 4048 dicunt
1486 4004 1679 4050 errare
1717 4009 1839 4052 non
1879 4010 2085 4069 posse,
2119 3990 2376 4068 ideoque
2417 4001 2634 4051 statuta
2673 3990 3086 4051 Ecclesiastica
3127 4006 3257 4048 esse
3294 3984 3506 4046 admit-

594 4062 799 4121 tenda:
843 4066 949 4125 sed
990 4084 1273 4145 negamus
1315 4068 1643 4129 Ecclesiam
1682 4088 1805 4129 non
1845 4089 2022 4147 posse
2065 4090 2291 4150 errare,
2331 4072 2464 4131 cum
2506 4082 2739 4133 constet
2779 4090 2851 4129 ex
2889 4069 3230 4131 hominibus
3250 4086 3320 4127 ex
3341 4076 3505 4143 parte

592 4149 819 4201 tantum
870 4146 1245 4223 regeneratis.
1300 4150 1431 4208 Imo
1476 4149 1611 4209 licet
1654 4149 1925 4209 daremus
1963 4150 2292 4210 Ecclesiam
2340 4170 2538 4210 veram
2579 4169 2700 4210 non
2743 4170 2918 4228 posse
2958 4163 3184 4226 errare,
3224 4162 3507 4224 negamus

594 4228 790 4279 tamen
860 4226 1032 4300 sequi
1084 4246 1215 4287 eam
1278 4227 1497 4306 aliquid
1560 4247 1735 4305 posse
1794 4240 2047 4289 statuere
2087 4242 2319 4307 praeter
2359 4250 2428 4289 ea
2467 4248 2618 4306 quae
2657 4230 2716 4290 in
2759 4230 3058 4307 Scriptura
3099 4228 3506 4288 continentur:

601 4317 735 4359 cum
778 4303 1081 4379 Apostolis
1124 4305 1265 4382 ipsis
1304 4312 1484 4383 (quos
1524 4304 1648 4366 falli
1686 4307 1745 4367 in
1790 4308 2062 4368 doctrina
2103 4329 2226 4369 non
2247 4310 2504 4388 potuisse
2533 4311 2692 4387 apud
2711 4329 2918 4370 omnes
2939 4327 3047 4386 pro
3069 4306 3503 4445 conlgssltzpsh)

3257 4407 3296 4443 α
3382 4429 3397 4443 .
3447 4402 3494 4441 1.
