3923 4875
1355 339 1680 384 'rutsns
1746 337 2399 383 THEOLoochz.
3243 339 3353 400 193

441 502 716 579 Sanctus,
766 517 890 560 non
932 509 1158 560 contra.
1223 499 1476 560 Accedit
1515 500 1571 559 δι
1614 499 1833 561 Christi
1885 498 2111 561 dictum
2162 501 2295 560 cum
2340 501 2517 559 alium
2560 507 2750 560 testem
2788 501 3031 560 Patrem
3072 501 3357 580 appellat,

439 584 655 642 Ioann.
699 595 755 658 5.
796 598 892 656 32.
935 581 990 640 δι
1033 579 1320 672 Spiritum
1361 581 1638 641 Sanctum
1679 583 1859 640 alium
1900 580 2277 640 Paracletum
2317 581 2493 640 loan.
2540 599 2633 653 14.
2679 581 2771 640 16.

523 677 579 737 7.
660 659 934 720 Vidimus
974 661 1118 738 quid
1155 661 1232 722 sit
1271 659 1478 737 Filius,
1517 659 1634 720 iam
1675 662 1732 720 δε
1770 658 1960 738 qualis
1998 659 2337 720 videamus:
2380 669 2469 720 est
2508 669 2707 720 autem
2741 659 3006 720 eiusdem
3024 677 3163 720 cum
3183 661 3355 720 Patre

441 740 727 801 essentiae
767 739 892 801 siue
934 741 1245 815 ὁμοούσιος
1259 785 1276 818 ,
1314 760 1385 801 ac
1425 759 1548 801 non
1589 740 1954 816 ὀμοιούσιοςε
1998 749 2061 800 vt
2101 739 2473 800 concedebat
2518 739 2709 800 Arius.
2746 759 2885 800 nam
2914 740 3053 800 cum
3094 755 3243 800 vnus
3285 739 3359 800 sit

441 823 672 881 tantum
709 821 905 898 Deus,
941 833 1008 879 vt
1045 820 1226 880 Filius
1265 823 1428 882 Deus
1467 820 1542 880 sit
1576 839 1727 880 vnus
1769 821 1866 880 ille
1905 822 2069 880 Deus
2108 829 2367 898 oportet.
2404 837 2557 897 quae
2596 819 2785 880 vnitas
2816 819 2973 880 Patri
2993 818 3357 880 diuinitatem

445 919 566 960 non
627 901 783 960 tollit
796 945 815 978 ,
867 917 976 960 nec
1031 899 1266 976 Spiritui
1318 902 1375 961 S.
1418 901 1563 978 quin
1601 919 1720 959 vna
1757 898 2091 977 eademque
2129 898 2378 962 essentia
2419 899 2607 961 tribus
2646 899 2760 960 illis
2798 898 3065 978 personis
3102 909 3229 960 tota
3268 903 3358 975 (vt

443 991 584 1059 pote
622 979 850 1040 infinita
889 981 945 1040 δι
983 977 1438 1056 impartibibilis)
1481 980 1559 1042 sit
1596 978 1963 1058 communiS,
2002 980 2161 1040 vnde
2198 980 2459 1040 Iehouae
2502 998 2723 1040 nomen
2762 981 2815 1040 ei
2845 977 3145 1058 tribuitur,
3166 998 3359 1040 essen-

445 1061 588 1121 tiam
636 1059 897 1120 diuinam
951 1058 1206 1118 maxime
1245 1071 1490 1140 notanS,
1530 1064 1586 1122 δι
1625 1058 1742 1120 Dei
1781 1057 2165 1138 proprietates
2205 1061 2282 1120 de
2320 1060 2423 1120 illo
2470 1058 2911 1140 praedicantur,
2948 1061 3111 1136 quad
3140 1063 3221 1120 sit
3253 1079 3363 1120 rex

436 1143 702 1218 gloriae,
749 1160 798 1204 1.
846 1139 984 1199 Cor.
1030 1159 1086 1200 2.
1124 1142 1180 1199 8.
1225 1143 1678 1221 ωρδιογνῶςης,
1718 1141 1894 1200 Ioan.
1939 1159 1993 1199 2.
2039 1160 2131 1215 24.
2173 1140 2271 1200 cui
2302 1143 2358 1200 δι
2391 1139 2764 1218 operationes
2783 1140 3021 1201 diuinae
3041 1139 3363 1201 attribuun-

447 1231 571 1299 tur,
638 1221 880 1280 Creare.
937 1220 1072 1280 Ioa.
1131 1239 1181 1279 1.
1234 1239 1293 1296 3.
1351 1223 1472 1280 Cot.
1523 1240 1574 1280 1.
1621 1221 1713 1281 16.
1765 1221 1923 1279 Heb.
1973 1239 2025 1281 1.
2071 1239 2162 1280 10.
2215 1222 2506 1281 remittere
2530 1229 2805 1301 peccata,
2846 1223 3005 1282 Mat.
3050 1239 3108 1300 9.
3149 1223 3210 1281 8.
3247 1222 3360 1282 διο.

447 1301 612 1378 quod
653 1319 830 1379 posse
868 1297 1103 1360 Iudaeis
1141 1299 1486 1360 mirantibus
1523 1299 1648 1378 ipse
1689 1299 1979 1360 miraculo
2018 1299 2324 1378 probauit,
2366 1301 2479 1361 διο.
3356 1375 3363 1384 ·

529 1385 586 1443 8.
665 1379 830 1441 Hinc
888 1377 1136 1457 emergit
1192 1379 1374 1458 ipsius
1435 1379 1773 1459 aeternitas,
1827 1378 1878 1440 si
1915 1379 2076 1440 enim
2114 1379 2267 1442 Filio
2306 1381 2420 1443 Dei
2460 1379 2711 1442 essentia
2752 1381 3063 1460 competit:
3108 1395 3246 1440 eum
3284 1379 3363 1440 ab

453 1471 696 1522 aeterno
756 1478 883 1521 esse
941 1458 1222 1536 sequitur.
1280 1460 1434 1521 Cum
1487 1465 1576 1536 (vt
1622 1459 1705 1520 ait
1739 1460 1998 1521 Iacobus
2036 1470 2165 1540 cap.
2210 1480 2265 1520 2.
2313 1477 2406 1537 17.
2446 1463 2507 1521 in
2545 1461 2681 1519 Deo
2720 1481 2835 1520 non
2874 1463 2957 1522 sit
2988 1462 3228 1521 mutatio
3266 1479 3366 1520 nec

447 1543 782 1601 mutationis
821 1541 1211 1600 adumbratim
1249 1541 1458 1618 Itaque
1499 1541 1653 1600 male
1694 1541 2140 1620 Samosatenus,
2181 1540 2283 1618 qui
2322 1540 2535 1600 Filium
2576 1551 2719 1601 tunc
2738 1541 2995 1618 primum
3014 1540 3207 1601 aiebat
3224 1539 3365 1600 exti-

451 1621 587 1681 tisse
601 1664 620 1698 ,
679 1621 815 1680 cum
877 1619 938 1679 in
999 1618 1239 1697 virginis
1290 1629 1458 1682 vtero
1499 1630 1826 1699 conceptus
1865 1630 1954 1681 est
1967 1665 1985 1697 ,
2025 1623 2082 1681 δε
2119 1623 2157 1680 a
2192 1637 2316 1697 quo
2358 1639 2479 1681 non
2520 1623 2700 1700 longe
2737 1623 2905 1682 abest
2944 1622 3221 1681 Seruetus
3260 1619 3363 1698 qui

449 1711 678 1760 tantum
719 1710 783 1759 vt
821 1698 883 1759 in
923 1701 1094 1760 Patre
1133 1699 1475 1792 decretum,
1513 1719 1638 1761 non
1677 1699 1909 1762 realiter
1938 1699 2277 1762 distinctam
2296 1703 2333 1760 a
2350 1703 2523 1762 Patre
2542 1703 2864 1763 Personam
2883 1699 3139 1762 extitisse
3158 1699 3366 1778 tradit,

450 1778 764 1842 nobiscum
803 1778 945 1840 facit
981 1781 1236 1840 Ioannes
1275 1779 1377 1858 qui
1417 1781 1588 1860 dicit,
1628 1781 1708 1840 In
1731 1783 2033 1859 principio
2072 1789 2196 1859 cap.
2245 1801 2297 1843 1.
2344 1801 2395 1842 1.
2422 1781 2616 1860 fuisse
2629 1801 2651 1841 .·
2691 1784 2747 1843 δι
2785 1781 2913 1860 ipsa
2951 1779 3249 1860 Sapientia
3287 1780 3365 1841 de

450 1880 514 1921 se
573 1869 818 1922 testatur
875 1861 931 1920 δι
985 1857 1318 1940 praedicat,
1371 1861 1558 1922 Prou.
1603 1863 1660 1921 8.
1706 1876 1799 1938 25.
1839 1880 1900 1920 se
1945 1862 2081 1921 ant&
2120 1863 2291 1921 colles
2315 1860 2619 1938 formatos
2649 1865 2912 1938 genitam
2952 1880 3098 1933 esse,
3139 1863 3196 1921 δε
3233 1878 3364 1938 per-

451 1941 654 2019 spicue
694 1939 958 2001 Christus
995 1937 1057 1999 in
1098 1939 1424 2018 Euangelio
1439 1985 1457 2018 ,
1496 1943 1544 1999 I
1537 1961 1670 2001 oan.
1718 1958 1810 2016 17.
1853 1956 1908 2018 5.
1946 1942 2135 2002 Pater
2166 1943 2452 2019 glorifica
2490 1961 2579 2002 me
2616 1943 2725 2002 illa
2751 1945 2960 2019 gloria
2990 1961 3165 2020 quam
3186 1948 3365 2000 tecum

453 2021 638 2080 habui
673 2021 808 2079 ant&
843 2021 1002 2080 iacta
1038 2021 1244 2079 mundi
1262 2020 1682 2098 fundamenta.

535 2121 592 2178 9.
673 2099 1113 2177 Sapientissimo
1173 2103 1316 2160 vero
1375 2099 1774 2178 altissimoque
1834 2099 1950 2161 Dei
2009 2099 2262 2162 consilio
2324 2101 2589 2162 secunda
2638 2099 2739 2161 illa
2778 2099 3079 2162 Trinitatis
3118 2117 3374 2179 persona

457 2179 653 2258 potius
713 2190 982 2240 namram
1042 2181 1360 2240 humanam
1410 2179 1753 2258 assumpsit,
1802 2199 1925 2241 non
1968 2183 2142 2242 Pater
2180 2190 2283 2241 aut
2319 2180 2567 2260 Spiritus
2607 2182 2667 2242 S.
2706 2199 2821 2241 nec
2862 2181 3019 2242 enim
3058 2182 3231 2240 Pater
3272 2178 3375 2256 qui
3416 2229 3427 2266 ,

457 2263 592 2320 fons
639 2258 958 2320 diuinitatis
973 2303 991 2338 ,
1043 2263 1100 2321 δι
1140 2263 1178 2319 a
1216 2277 1338 2337 quo
1379 2279 1669 2340 personae
1708 2259 1856 2321 aliae
1869 2305 1888 2338 ,
1925 2259 2219 2322 humiliari
2259 2271 2517 2340 poterat:
2558 2261 2664 2322 sed
2703 2277 3037 2339 cong-ruens
3077 2260 3229 2321 Filio
3268 2259 3377 2318 suit

457 2353 522 2400 vt
559 2339 664 2416 qui
703 2344 848 2417 (qua
885 2339 1066 2400 Filius
1107 2343 1164 2400 δι
1203 2343 1240 2400 a
1279 2342 1475 2418 Patre)
1515 2339 1969 2418 quodammodo
2014 2359 2091 2401 eo
2130 2342 2325 2401 minor
2363 2350 2532 2421 esset,
2552 2352 2617 2402 vt
2636 2339 2895 2419 loquitur
2914 2339 3163 2402 Basilius
3176 2385 3195 2418 ,
3215 2340 3375 2400 Phil.

462 2442 516 2481 2.
559 2423 618 2482 6.
658 2421 818 2481 vnde
868 2436 976 2499 per
1014 2418 1216 2481 omnia
1254 2420 1410 2481 Patri
1449 2442 1512 2483 se
1553 2419 1933 2483 obedientem
1976 2419 2293 2501 praestitit,
2334 2420 2512 2483 etiam
2549 2431 2613 2481 vt
2652 2420 2833 2483 Filius
2870 2423 3039 2483 fieret
3074 2418 3137 2481 in
3175 2420 3377 2480 huma-

458 2501 670 2575 nitate,
719 2500 824 2578 qui
875 2502 932 2559 &
984 2499 1046 2560 in
1087 2499 1393 2563 diuinitate
1431 2511 1551 2581 est,
1593 2520 1716 2562 non
1755 2506 1898 2563 vero
1939 2500 2004 2562 in
2041 2520 2160 2562 vna
2197 2504 2370 2563 Pater
2383 2548 2401 2580 ,
2440 2502 2501 2563 in
2540 2504 2727 2563 altera
2764 2501 2975 2563 Filius:
3016 2500 3121 2561 sed
3160 2499 3379 2576 vbique

461 2593 708 2658 vti-aque
748 2580 1050 2642 natiuitate
1065 2626 1082 2659 ,
1121 2600 1259 2641 nam
1299 2580 1348 2641 si
1387 2583 1712 2643 mitteretur
1751 2584 1956 2661 Pater,
1996 2583 2076 2644 ab
2114 2581 2233 2642 alio
2272 2600 2395 2643 non
2433 2586 2471 2642 a
2508 2601 2572 2641 se
2606 2592 2925 2660 putaretur.
2967 2580 3213 2673 Spiritus
3232 2596 3377 2657 quo-

458 2678 575 2739 que
613 2662 864 2721 Sanctus
877 2706 894 2739 ,
935 2660 1074 2738 quia
1111 2663 1149 2719 a
1187 2664 1357 2722 Patre
1397 2666 1452 2722 81
1491 2666 1528 2722 a
1567 2662 1716 2724 Filio
1749 2660 2051 2740 procedit,
2084 2660 2165 2722 ita
2186 2661 2739 2723 conuenientissime
2758 2672 2895 2741 post
2915 2662 3129 2723 Filium
3150 2656 3375 2720 mundo

461 2740 747 2801 declarari
787 2741 1074 2820 debebat,
1119 2741 1286 2801 cuius
1327 2742 1630 2822 proprium
1671 2751 1762 2802 est
1799 2742 2018 2803 Christi
2057 2742 2349 2803 beneficia
2388 2742 2715 2823 applioese,
2753 2759 3125 2821 regenerare,
3166 2739 3221 2798 δι
3254 2736 3381 2798 iuu-

459 2820 688 2882 minare
725 2820 911 2881 corda
949 2832 1170 2881 nostra.
1210 2841 1348 2883 nam
1390 2824 1438 2882 si
1479 2832 1615 2883 ante
1654 2820 1866 2883 Filium
1881 2868 1899 2901 ,
1939 2820 2121 2883 Filius
2163 2824 2240 2883 ab
2283 2840 2356 2882 eo
2395 2824 2727 2901 procedere
2767 2832 3100 2901 putaretur,
3138 2837 3263 2879 non
3296 2816 3375 2877 ab

459 2901 580 2961 hoc
620 2900 744 2961 ine:
785 2900 870 2961 ita
909 2912 1173 2962 seruatur
1211 2920 1595 2979 personarum
1638 2901 1807 2961 ordo.

549 3001 640 3040 10.
721 2981 1032 3043 Hactenus
1075 2984 1153 3041 de
1189 2981 1391 3042 diuina
1428 2992 1663 3061 natura,
1704 2980 1821 3041 iam
1869 2981 1946 3042 de
1986 2981 2273 3042 humana:
2316 2999 2493 3057 quam
2535 2982 2615 3042 ita
2654 3000 2857 3043 veram
2894 2981 2957 3041 in
2996 2979 3235 3041 Christo
3254 2996 3381 3039 esse

465 3060 776 3122 asserimus
790 3106 809 3139 ,
847 3072 910 3121 vt
948 3060 1226 3122 omnibus
1271 3063 1468 3122 modis
1505 3060 1883 3139 assumpserit
1922 3060 2099 3122 etiam
2140 3078 2275 3121 cum
2318 3060 2469 3122 illius
2508 3060 2836 3124 defectibus
2870 3062 2973 3139 qui
2991 3060 3116 3122 sine
3134 3068 3381 3138 peccato

467 3152 634 3220 sunt,
687 3140 831 3201 licet
886 3144 922 3200 a
980 3152 1232 3219 peccato
1285 3151 1348 3201 vt
1390 3162 1614 3220 poena:
1657 3140 1907 3219 proinde
1950 3143 2090 3201 cum
2130 3159 2255 3201 non
2295 3160 2367 3202 ex
2407 3144 2534 3203 sola
2574 3141 2773 3201 anima
2812 3153 2914 3202 aut
2951 3158 3204 3219 corpore
3218 3184 3237 3219 ,
3278 3136 3385 3199 sed

467 3220 728 3299 vtrisque
769 3220 1100 3283 coniunctis
1140 3230 1345 3282 nostra
1381 3232 1592 3283 natura
1631 3230 1892 3296 constet,
1930 3221 2081 3281 haec
2128 3220 2305 3283 etiam
2344 3221 2406 3282 in
2447 3220 2629 3301 ipsius
2666 3231 2875 3283 natura
2914 3237 3054 3281 cum
3094 3218 3213 3280 suis
3252 3236 3387 3298 pro-

471 3300 815 3378 prietatibus
855 3301 1262 3363 essentialibus
1305 3302 1691 3379 reperiuntur.

559 3402 580 3439 1
596 3400 646 3442 1.
727 3381 924 3443 Primo
967 3380 1266 3442 Christum
1307 3385 1562 3441 animam
1602 3380 1878 3442 habuisse
1891 3426 1909 3459 ,
1948 3398 2061 3441 nec
2101 3400 2214 3458 pro
2254 3382 2451 3443 anima
2491 3382 2717 3442 vnitum
2740 3385 2908 3463 λόγον
2922 3427 2938 3459 ,
2976 3382 3187 3441 contra
3206 3378 3385 3455 Apol-

471 3460 716 3521 linarem
776 3472 1022 3522 testatur
1081 3461 1408 3539 Scriptura:
1469 3464 1606 3524 ciim
1647 3462 1760 3541 ipsi
1797 3460 2074 3522 distincte
2116 3462 2373 3523 animam
2416 3462 2705 3541 attribuit,
2746 3474 3042 3538 et1amque
3086 3459 3391 3519 facultates

474 3541 722 3603 animae.
784 3540 1052 3602 Christus
1111 3541 1268 3602 enim
1330 3542 1493 3603 dolet
1509 3587 1526 3618 ,
1586 3544 1839 3602 animam
1881 3560 2049 3601 suam
2110 3545 2401 3603 tristatam
2442 3546 2529 3603 ad
2572 3550 2841 3620 mortem,
2880 3542 3104 3601 Matth.
3152 3540 3247 3597 26.
3288 3539 3386 3612 38.

474 3622 780 3681 facultates
843 3625 986 3683 vero
1035 3631 1370 3683 statuuntur
1419 3621 1530 3700 ipsi
1586 3621 1818 3682 animae
1865 3620 2171 3699 propriae:
2222 3623 2365 3683 dum
2405 3622 2469 3683 in
2508 3624 2811 3700 Sapientia
2832 3622 3167 3699 profecisse
3204 3616 3390 3694 (quod

476 3701 802 3763 intellectus
845 3701 1088 3762 humani
1127 3703 1458 3780 proprium)
1495 3704 1690 3763 Lucas
1730 3699 1999 3761 meminit
2016 3744 2033 3779 ,
2079 3720 2130 3760 2.
2174 3722 2271 3775 40.
2314 3704 2369 3761 δι
2407 3702 2583 3764 aliam
2618 3706 2655 3762 a
2676 3700 2877 3761 diuina
2897 3701 3259 3760 voluntatem
3280 3694 3393 3755 dis·

474 3780 720 3841 tinctam
759 3798 824 3842 se
862 3782 1085 3843 habere
1125 3782 1384 3843 ostendit
1397 3828 1414 3861 ,
1457 3784 1594 3843 cum
1616 3782 1725 3859 ait,
1745 3802 1860 3841 non
1879 3800 2010 3839 mea
2027 3783 2137 3840 sed
2148 3790 2251 3841 tua
2270 3785 2676 3861 voluntasfiat
2688 3783 2873 3842 Pater
2892 3782 2988 3840 mi.
3010 3782 3156 3839 Luc.
3180 3796 3273 3836 22.
3295 3794 3389 3849 42·

563 3880 653 3921 ι2.
733 3862 969 3939 Corpus
1031 3864 1172 3921 vero
1231 3881 1352 3923 non
1390 3864 1829 3940 phantasticum
1879 3860 2155 3921 habuisse
2171 3907 2188 3940 ,
2230 3871 2292 3921 vt
2332 3862 2540 3924 docuit
2577 3859 2849 3921 Marcion
2893 3859 3015 3936 (cui
3054 3857 3213 3919 enim
3251 3874 3395 3915 cor-

477 3940 642 4018 poris
703 3942 1091 4019 proprietates
1129 3942 1495 4020 essentiales,
1535 3942 1638 4019 qui
1677 3960 1802 4002 non
1843 3942 1900 4000 &
1946 3940 2071 4000 veri
2110 3942 2379 4019 corporis
2416 3960 2637 4003 nomen
2677 3938 2969 4001 tribuetur
2984 3934 3031 4015 ἒ)
3071 3936 3365 4017 palpabile
3378 3980 3395 4013 ,

480 4022 627 4081 Luc.
673 4040 767 4095 24.
811 4040 908 4098 39.
943 4024 1084 4082 loco
1123 4020 1728 4101 circumscriptiuum,
1773 4023 1904 4082 Act.
1945 4039 2004 4096 3.
2048 4040 2142 4081 21.
2184 4021 2362 4082 nobis
2403 4032 2492 4083 est
2530 4021 2955 4098 indubitatum,
2976 4028 3193 4097 vtpost
3214 4032 3399 4077 resur-

483 4100 810 4163 rectionem
849 4103 1120 4164 Thomae
1163 4102 1590 4178 phantasticam
1630 4101 1930 4180 quandam
1969 4100 2395 4178 apparitionem
2418 4099 2762 4180 suspicanti,
2781 4100 2946 4161 fecit:
2988 4099 3250 4180 Spiritus
3269 4116 3403 4157 car-

481 4202 608 4243 nem
664 4184 741 4241 ἐφ’
787 4201 924 4242 ossa
977 4202 1090 4241 non
1141 4182 1314 4240 habet
1346 4184 1496 4241 sicut
1531 4202 1620 4241 me
1655 4183 1857 4243 videtis
1895 4181 2129 4241 habere.
2174 4182 2315 4243 Luc.
2360 4204 2452 4257 ²4·
2496 4200 2591 4259 39.
2631 4200 2743 4242 nec
2783 4182 2925 4241 sane
2962 4176 3305 4259 imaginaria
3344 4178 3399 4236 &

485 4261 857 4339 phantastica
902 4262 1129 4340 passi0,
1169 4272 1550 4339 peccatorum
1591 4270 1890 4322 tantorum
1932 4278 2074 4320 vera
2114 4260 2169 4319 δι
2214 4262 2384 4323 realis
2422 4260 2741 4323 satisfactio
2782 4278 2909 4321 esse
2948 4260 3254 4339 potuisset.

569 4360 660 4420 13.
743 4342 874 4403 Nec
937 4343 1104 4402 iuxta
1159 4342 1682 4423 Anabaptistarum
1747 4356 1906 4402 noua
1969 4340 2173 4403 deliria
2223 4346 2455 4403 coeleste
2490 4351 2701 4421 corpus
2740 4339 2816 4402 de
2854 4342 3028 4402 coelo
3066 4348 3405 4479 effi

1915 4435 1987 4499 25
3384 4458 3405 4495 ν
