3923 4875
1454 369 1776 414 ἰιιιιειε
1835 365 2487 413 τιιιιοιοοιεᾼιι.
3262 373 3373 436 235

455 534 637 611 vulgo
699 529 824 591 fieri
881 532 1032 592 solet
1090 529 1309 592 nuncio
1362 540 1462 590 aut
1501 528 1738 607 scripto.
1801 529 2050 590 Homini
2082 534 2225 590 vero
2266 528 2544 607 cuiquam
2584 529 2645 588 in
2693 531 2807 589 hac
2848 529 2967 590 vita
3008 531 3209 609 agenti
3252 551 3375 593 non

461 622 656 689 potest
695 610 1073 690 contingere,
1115 621 1178 670 vt
1218 629 1502 688 corpore,
1543 620 1644 670 aut
1683 609 1920 684 ιιιιιιιίο,
1964 620 2065 670 aut
2101 609 2358 687 scripte,
2404 611 2754 669 Sanctorum
2795 609 2895 686 qui
2933 609 2993 669 in
3037 614 3211 671 coelo
3251 625 3385 672 sunt

459 691 555 750 vlli
617 709 894 784 praesens
945 710 1056 768 pro
1110 691 1358 750 modulo
1411 701 1656 751 naturae
1695 691 1797 752 sit.
1840 691 2023 783 idque
2064 707 2188 750 non
2224 691 2417 750 solum
2462 690 2636 750 nobis
2681 699 2886 750 natura
2928 702 3135 768 negat,
3178 693 3284 752 sed
3326 696 3379 754 δι

460 770 690 832 Sanctis
750 769 810 832 in
869 773 1042 832 coelo
1106 768 1372 831 conditio
1433 789 1564 832 sua.
1617 789 1740 831 non
1793 769 1948 831 enim
2002 768 2183 830 iidem
2224 770 2326 848 qui
2368 771 2427 830 in
2468 772 2641 830 coelo
2684 779 2847 848 sunt,
2887 771 3102 830 eodem
3145 789 3386 850 quoque

461 863 730 930 tempore
767 850 867 911 hic
906 851 968 911 in
1011 863 1166 911 terra
1204 851 1422 912 versari
1455 861 1731 930 possunt:
1771 869 1912 911 nam
1954 851 2011 910 &
2057 851 2317 929 Angelos
2358 850 2434 910 de
2474 852 2647 910 coelo
2690 866 2812 909 non
2857 849 3030 910 simul
3072 852 3387 930 vtrobique

459 950 592 993 esse
631 932 932 1024 Scriptura
971 931 1184 1007 docet,
1221 931 1328 990 sed
1367 931 1718 1007 ascendere,
1761 934 1816 992 δι
1857 931 2223 990 descendere
2260 948 2436 1008 super
2474 929 2658 990 filiurn
2699 928 2989 1008 hominis,
3029 932 3143 992 διε.

541 1014 598 1071 6.
679 1010 956 1072 Similiter
1013 1014 1069 1071 δι
1121 1010 1496 1088 adloquimur
1557 1014 1614 1073 δι
1666 1010 1936 1071 audimus
1997 1011 2143 1070 alter
2197 1011 2445 1071 alterurn
2488 1009 2785 1088 corporali
2832 1009 3017 1070 modo
3060 1013 3387 1072 secundum

461 1101 702 1154 naturae
759 1093 983 1170 legem,
1045 1093 1102 1152 δι
1157 1090 1553 1171 significamus
1609 1090 1762 1151 inter
1802 1109 1914 1151 nos
1954 1091 2239 1184 signaque
2277 1089 2374 1166 alij
2413 1090 2660 1151 aliorum
2714 1089 3070 1168 percipimus
3108 1099 3384 1154 'sermone

460 1183 562 1234 aut
621 1171 862 1250 scripto·
923 1170 1116 1233 Nobis
1173 1176 1316 1232 vero
1371 1188 1510 1231 cum
1559 1171 1774 1231 sanctis
1814 1171 1918 1249 qui
1955 1169 2017 1230 in
2058 1172 2232 1232 coelo
2274 1182 2443 1248 sunt,
2480 1181 2573 1230 est
2611 1169 2853 1249 quidem
2894 1171 3237 1231 communio
3276 1191 3386 1250 per

461 1251 742 1344 Spiritum
780 1251 1144 1312 habitantem
1183 1251 1244 1311 in
1289 1250 1490 1311 nobis:
1533 1251 1638 1312 sed
1680 1269 1874 1329 neque
1911 1251 1975 1312 id
2005 1251 2190 1344 ‘nobis
2228 1253 2265 1310 a
2304 1261 2512 1311 natura
2551 1252 2785 1330 datum,
2818 1259 2882 1310 vt
2901 1267 3107 1312 eorum
3128 1251 3185 1310 in
3208 1253 3385 1314 coelo

461 1331 760 1412 agentium
821 1331 1009 1392 aureis
1063 1333 1157 1392 vel
1207 1332 1444 1406 oculoS,
1499 1349 1801 1408 sermone,
1843 1329 2092 1409 nuncio,
2132 1329 2390 1409 scripto,
2430 1342 2533 1391 aut
2572 1297 2999 1409 significatione
3040 1333 3156 1390 vlla
3198 1333 3381 1410 possi-

463 1429 595 1472 mus
637 1413 903 1472 afficere.
941 1429 1135 1490 neque
1176 1410 1239 1471 id
1280 1431 1354 1472 ex
1393 1410 1742 1472 conditione
1775 1420 1863 1472 est
1893 1411 2296 1471 Sanctorum'
2278 1431 2337 1471 ιιι
2369 1377 2583 1488 coelis,
2604 1422 2669 1471 vt
2686 1411 2781 1471 vel
2802 1412 3095 1472 clamores
3114 1414 3178 1488 (Γ.
3206 1416 3384 1504 1705)

461 1502 698 1552 nostros
745 1491 806 1551 in
847 1493 1019 1552 coelo
1059 1492 1294 1570 audire,
1335 1491 1865 1570 significationesve
1906 1491 2302 1568 particulareis
2344 1490 2691 1569 cuiusquam
2732 1490 2959 1569 possint
2996 1501 3163 1551 tanto
3201 1491 3378 1552 inter-

461 1573 620 1632 uallo
661 1570 998 1663 percipere
1039 1572 1258 1632 nedum
1300 1589 1508 1631 omnes
1549 1573 1870 1632 multorum
1911 1582 2013 1631 aut
2054 1569 2321 1632 omnium
2342 1571 2557 1632 eodem
2580 1581 2886 1631 momento
2906 1572 3381 1633 inclamantium·

462 1669 615 1730 quae
655 1671 748 1712 res
787 1650 1022 1711 dminae
1062 1653 1253 1712 solum
1295 1650 1672 1730 perfectionis
1711 1661 1814 1712 est.

545 1749 600 1808 7.
681 1727 884 1807 Quid?
925 1733 1088 1808 quod
1129 1751 1249 1792 non
1296 1732 1489 1792 solum
1530 1731 1776 1810 perferri
1815 1733 1869 1794 δι
1909 1731 2101 1792 audiri
2138 1729 2579 1792 inuocationem
2619 1741 2719 1790 aut
2744 1729 3234 1810 significationem
3258 1731 3385 1793 eius

463 1821 709 1872 naturae
769 1811 955 1872 modo
1013 1829 1256 1873 necesse
1307 1822 1396 1874 est
1410 1857 1427 1890 ,
1465 1813 1670 1872 verum
1715 1811 1890 1872 etiam
1929 1811 2237 1872 conscium
2278 1825 2415 1871 eum
2456 1810 2559 1888 qui
2598 1810 2911 1872 inuocatur
2948 1812 3026 1871 ab
3066 1811 3383 1873 inuocante

463 1891 617 1952 efflei
679 1910 888 1951 eorum
933 1890 1202 1952 omnium
1249 1903 1427 1970 atquc
1468 1891 1834 1970 singulorum
1876 1909 2030 1970 quae
2067 1893 2247 1952 habet
2288 1888 2628 1952 inuocatio?
2666 1891 2811 1952 Tria
2855 1891 3013 1951 enim
3050 1893 3167 1950 hac
3204 1891 3266 1950 in
3306 1911 3369 1953 re

466 1989 616 2049 opus
654 1979 823 2050 sunt,
866 1979 930 2031 vt
964 1971 1066 2049 qui
1105 1972 1446 2048 inuocatur,
1487 1972 1660 2050 sciat,
1701 1971 1874 2047 velit,
1912 1971 2125 2064 possit.
2161 1973 2302 2032 Non
2344 1982 2430 2031 est
2464 1979 2662 2032 autem
2702 1971 2981 2032 naturalis
3014 1971 3375 2033 conditionis

463 2061 729 2129 nostrae,
772 2071 845 2110 ac
891 2069 966 2110 ne
1017 2051 1290 2113 coelestis
1349 2018 1592 2144 quidem
1653 2051 1806 2113 illius
1845 2051 1991 2130 (illic
2030 2051 2188 2112 enim
2230 2061 2439 2111 natura
2478 2051 2809 2145 perficitur,
2842 2069 2967 2112 non
3008 2051 3381 2129 interficitur)

467 2145 527 2190 vt
572 2141 810 2191 sanctus
850 2130 912 2192 in
953 2134 1157 2210 coelo,
1190 2131 1453 2210 quisquis
1492 2131 1597 2211 sit,
1637 2133 1936 2224 AngeluS,
1977 2141 2077 2192 aut
2116 2132 2336 2207 hom0,
2376 2130 2650 2192 conscius
2690 2131 2765 2192 sit
2804 2149 3001 2191 rerum
3042 2141 3378 2192 nostrarum

461 2210 843 2289 singularium
883 2211 945 2271 in
983 2211 1184 2290 terriS,
1225 2215 1282 2274 δι
1322 2223 1560 2274 nostrae
1593 2212 2009 2274 conscientiae.
2048 2213 2381 2290 Vtrumque
2424 2231 2574 2290 opus
2614 2221 2729 2272 est:
2773 2215 2827 2272 δι
2850 2229 3089 2273 εειιειιιιι
3108 2223 3383 2272 ιιοειιιιιιι

466 2290 820 2370 singularem
880 2299 1242 2370 causamque
1303 2302 1492 2352 totam
1533 2291 1588 2353 ei
1629 2292 1890 2385 proponi
1929 2295 1967 2353 a
2004 2291 2181 2353 nobis
2222 2309 2402 2370 quem
2444 2291 2823 2370 inuocarnus,
2865 2295 2921 2353 δι
2960 2309 3097 2352 ειιιιι
3136 2290 3374 2383 penitus

467 2371 774 2432 conscium
839 2372 966 2432 fieri
1025 2371 1179 2432 illius
1239 2372 1317 2432 ad
1357 2391 1451 2433 res
1492 2384 1722 2434 nostras
1762 2371 2134 2453 singulariter
2173 2373 2595 2434 attendentem.
2634 2373 2780 2432 Hoc
2821 2388 3003 2432 ιιειιιο
3045 2383 3282 2432 sanctus
3319 2372 3381 2432 in

469 2455 642 2513 coelo
682 2471 866 2531 agens
905 2462 1104 2531 potest
1143 2452 1376 2546 assequi
1417 2453 1475 2514 in
1518 2454 1688 2514 vnius
1725 2454 2061 2516 inuocantis
2100 2470 2333 2531 caussa,
2377 2453 2599 2513 nedum
2638 2454 2993 2513 ιιιιιῙιοιιιιιι.
3014 2453 3235 2514 nedum
3256 2472 3381 2513 om-

469 2532 633 2593 nium
669 2543 840 2593 tanto
879 2531 1190 2595 interuallo
1233 2532 1406 2594 simul
1447 2535 1660 2595 eodem
1701 2544 1975 2613 tempore
2016 2534 2093 2595 de
2134 2535 2309 2594 rebus
2349 2532 2613 2611 plurimis
2652 2530 3093 2612 inuocantium,
3112 2532 3377 2604 diuersis,

467 2611 904 2689 remotissimis,
945 2612 1273 2675 contrariis.

545 2697 602 2753 8.
683 2695 774 2752 De
816 2660 1119 2754 vo'luntate
1159 2693 1261 2772 qui
1301 2693 1628 2766 affirmant
1667 2693 1920 2754 illudunt
1957 2692 2189 2754 elenchi
2230 2690 2617 2772 ignoratione.
2659 2694 2815 2752 Nam
2856 2690 3017 2752 aliud
3056 2700 3145 2752 est
3180 2692 3257 2752 de
3278 2712 3378 2753 vo·

465 2775 690 2833 luntate
731 2772 930 2833 dicere
969 2776 1298 2835 secundum
1339 2773 1628 2835 rationem
1671 2790 2053 2834 communem
2088 2772 2300 2851 ipsiuS,
2339 2772 2661 2849 actumque
2700 2774 3014 2833 confusum
3056 2772 3116 2831 in
3160 2772 3377 2851 radice3

463 2863 528 2912 vt
569 2853 650 2913 ita
689 2852 986 2914 dicamus.
1027 2852 1185 2915 aliud
1228 2855 1306 2914 de
1345 2855 1650 2915 voluntate
1689 2855 2017 2914 secundum
2060 2854 2305 2914 modum
2336 2850 2688 2945 singularem
2708 2852 2832 2912 eius
2852 2855 2908 2913 δι
2928 2861 3127 2912 actum
3147 2851 3380 2912 distinc-

461 2944 588 2993 tum
636 2931 696 2992 in
739 2932 930 2993 causis
970 2932 1378 3012 singularibus.
1422 2934 1692 3010 Etenim,
1733 2944 1820 2995 est
1862 2932 2101 3026 quidem
2141 2933 2470 2994 secundum
2510 2932 2802 2994 rationem
2822 2949 3209 2991 communem
3232 2932 3381 2993 haec

466 3014 738 3073 voluntas
777 3012 1046 3074 omnium
1089 3025 1464 3085 sanctorum,
1505 3025 1567 3073 vt
1606 3032 1827 3075 nomen
1869 3013 1985 3073 Dei
2026 3014 2454 3090 sanctificetur,
2498 3013 2694 3074 veniat
2731 3029 2979 3091 regnum
3018 3011 3175 3089 eius,
3206 3015 3260 3072 δι
3281 3013 3381 3073 fiat

461 3095 736 3155 voluntas
791 3094 916 3153 eius
949 3092 1008 3153 in
1057 3102 1210 3155 terra
1249 3094 1400 3156 sicut
1436 3097 1492 3155 &
1531 3093 1590 3155 in
1634 3096 1839 3155 coelo:
1883 3094 1990 3153 sed
2032 3092 2283 3154 neminis
2324 3093 2501 3170 plane
2542 3094 2894 3153 Sanctorum
2939 3094 3211 3151 voluntas
3251 3111 3312 3151 es
3322 3105 3379 3169 t,

461 3184 524 3232 vt
565 3173 846 3250 singulari
887 3174 1073 3233 modo
1114 3178 1168 3236 δι
1211 3174 1489 3259 distincto
1525 3185 1663 3235 actu
1697 3173 2055 3267 singularem
2094 3192 2443 3251 personam,
2483 3192 2639 3250 rem,
2679 3190 2917 3232 causam
2937 3170 2999 3231 in
3018 3170 3187 3232 terris
3206 3190 3381 3263 agen-

461 3264 618 3333 tem,
659 3258 694 3313 e
733 3254 908 3313 coelo
947 3253 1183 3331 videre,
1224 3256 1469 3333 audire,
1509 3258 1564 3315 &
1603 3253 1875 3315 conscius
1915 3272 2044 3314 esse
2087 3252 2223 3314 velit
2272 3252 2588 3313 voluntatis
2628 3252 2789 3329 eius,
2828 3252 3052 3312 nedum
3090 3250 3347 3329 plurium
3363 3298 3381 3327 ,

460 3338 684 3410 quanto
726 3334 920 3394 minus
949 3300 1256 3395 omnium?
1295 3353 1476 3411 quam
1519 3352 1645 3395 rem
1684 3334 1948 3414 quisquis
1990 3335 2242 3394 Sanctus
2296 3334 2554 3408 faceret,
2594 3342 2724 3393 toto
2765 3333 2977 3404 corde,
3004 3342 3131 3392 tota
3120 3331 3377 3424 anima,

463 3424 590 3473 toto
630 3413 962 3491 intellectu,
1002 3420 1260 3507 totisque
1301 3414 1520 3474 viribus
1560 3433 1682 3475 non
1724 3415 2055 3475 attenderet
2096 3414 2172 3474 ad
2212 3412 2503 3473 visionem
2535 3412 2676 3491 Dei,
2718 3412 2885 3505 quo-d
2904 3410 3093 3472 sancti
3116 3410 3175 3470 in
3200 3411 3384 3472 coelis

463 3492 862 3586 proculdubio
905 3493 1130 3554 faciunt
1171 3498 1348 3587 (nam.
1373 3494 1598 3556 diuisus
1637 3498 1692 3556 &
1734 3494 2050 3555 distractus
2092 3503 2245 3555 esset
2258 3538 2275 3567 ,
2319 3492 2484 3569 quod
2526 3462 2988 3572 imperfectionis
3028 3496 3138 3565 est)
3181 3492 3237 3550 δι
3256 3510 3385 3551 rem

463 3572 768 3648 iniustam,
811 3573 1056 3634 minime
1093 3574 1550 3635 conuenientem
1593 3584 1838 3635 naturae
1877 3592 2051 3651 suae,
2086 3572 2635 3666 impossibilemque
2672 3574 2869 3633 vellet.
2911 3572 3067 3632 Nam
3108 3570 3258 3631 iusta
3296 3582 3387 3631 est

465 3664 710 3713 naturae
764 3654 1002 3714 diuinae
1058 3654 1376 3747 perfectio,
1440 3654 1536 3716 cui
1575 3654 1636 3714 id
1677 3654 1789 3715 soli
1829 3654 2146 3746 competit:
2188 3652 2555 3714 conueniens
2595 3661 2684 3714 est
2722 3664 2969 3712 naturae
3010 3662 3351 3712 sanctorum
3367 3696 3384 3728 ,

463 3742 528 3791 vt
587 3734 829 3793 modulo
893 3732 1012 3793 illic
1073 3733 1132 3793 in
1193 3735 1376 3796 coelis
1415 3733 1831 3812 acquiescant:
1873 3732 2237 3827 impossibile
2277 3744 2397 3793 est:
2438 3732 2778 3825 hominem,
2819 3732 2983 3791 finita
3021 3729 3291 3809 potentia
3330 3734 3384 3792 &

459 3812 810 3889 operatione
855 3812 1126 3875 vestitum
1169 3818 1346 3892 (quae
1385 3814 1588 3875 diuina
1635 3818 1774 3875 vere
1817 3817 1930 3890 est)
1949 3812 2279 3891 potentiam
2304 3817 2358 3874 δι
2380 3812 2791 3891 operationem
2813 3811 3103 3872 obtinere.
3123 3810 3389 3871 Primum

461 3894 644 3971 velle,
685 3903 775 3953 est
814 3892 1198 3973 sacrilegum:
1241 3896 1568 3956 secundum
1610 3894 1890 3988 impium,
1931 3892 2170 3954 tertium
2210 3892 2390 3955 etiam
2432 3896 2703 3969 stultum,
2744 3890 2885 3969 quia
2920 3890 3308 3968 impossibile.

535 3992 592 4050 9.
675 3974 874 4050 Atque
915 3975 1032 4035 hoc
1071 3976 1146 4035 si-
1158 3976 1335 4036 vellet
1375 3984 1610 4035 sanctus
1649 3974 1712 4034 in
1751 3940 1925 4034 coel’o
1968 3976 2161 4052 (quod
2202 3984 2289 4035 εει
2330 3975 2564 4048 falsum)
2602 3984 2803 4033 tamen
2834 3972 2957 4032 fieri
2976 3973 3138 4031 nulla
3159 3971 3388 4031 ratione

465 4064 684 4130 posset.
727 4054 944 4113 Obstat
981 4053 1139 4115 enim
1181 4056 1236 4114 δι
1277 4066 1486 4115 natura
1525 4054 1670 4134 Dei,
1710 4058 1767 4115 δι
1805 4056 2161 4115 Sanctorum
2204 4054 2657 4125 defimctorum,
2699 4054 2756 4114 δι
2796 4063 3015 4112 nostra.
3055 4050 3171 4112 Dei
3212 4050 3393 4111 solius

463 4142 552 4192 est
613 4133 922 4211 proprium
938 4178 954 4207 ,
1017 4144 1079 4194 vt
1139 4138 1172 4194 e
1212 4136 1385 4195 coelo
1424 4152 1634 4195 omnes
1652 4101 2025 4195 inuocantes
2064 4144 2405 4213 praesentes
2442 4134 2687 4210 habeat,
2727 4131 2958 4199 audiat
3004 4132 3078 4192 sit
3118 4128 3393 4192 conscius

463 4211 643 4273 etiam
705 4222 1023 4289 antequam
1076 4214 1391 4282 inuocent
1459 4214 1632 4291 velit,
1675 4213 1860 4292 possit
1901 4214 2180 4275 omnibus
2222 4223 2321 4272 aut
2363 4212 2559 4273 multis
2600 4211 2875 4291 opitulari
2917 4212 3087 4272 simul
3128 4210 3187 4270 in
3229 4210 3394 4271 omni

460 4293 600 4353 loco
661 4294 718 4352 δι
759 4304 1060 4371 tempore3
1115 4296 1469 4354 Sanctorum
1511 4300 1654 4355 vero
1697 4295 2113 4354 defunctorum
2157 4294 2455 4366 omnium,
2494 4292 2672 4353 etiam
2713 4291 2970 4369 exempli
3010 4310 3188 4352 causa
3226 4310 3391 4350 sanc·

459 4372 717 4434 tissimae
757 4372 910 4433 illius
951 4377 1232 4435 θοοιόκου
1273 4374 1368 4433 ἀεὶ
1408 4376 1698 4455 nqobrov
1741 4372 1995 4453 Mariae,
2036 4394 2106 4435 ea
2144 4383 2353 4435 natura
2392 4385 2481 4435 εει
2526 4372 2757 4453 adhuc,
2790 4390 2942 4451 quae
2964 4376 3235 4509 anatur?
3241 4370 3393 4510 tram,

2990 4471 3039 4512 ει
3079 4468 3238 4529 quai
3302 4464 3394 4511 tes
