3923 4875
595 289 707 330 110
1542 283 1877 328 THESES
1934 281 2587 328 THEOLOGICAR.

585 456 771 524 retur,
811 465 888 506 ne
926 445 1130 507 diuino
1151 445 1539 507 instrumento
1560 444 1831 506 homines
1850 444 2336 524 destituerentur,
2357 444 2463 506 sed
2486 462 2696 505 omnes
2711 488 2730 522 ,
2751 445 2918 536 quod
2940 445 3184 508 iubebat
3203 448 3500 528 ChristuS,

584 526 912 620 Scripturas
950 526 1196 588 scrutari
1232 535 1508 606 possent,
1548 527 1725 588 Ioan.
1770 542 1826 605 5.
1869 546 1966 605 39.
2008 529 2065 588 &
2107 544 2217 604 pro
2250 526 2540 588 demenso
2562 523 2898 586 donationis
2918 525 3044 589 eius
3065 546 3138 588 ex
3158 547 3230 590 ea
3249 531 3502 592 fructum

630 607 915 684 ercipere.

586 628 629 688 p
670 708 763 746 20.
843 688 983 746 Hac
1038 686 1384 747 necessitate
1423 687 1603 747 Sacra
1642 684 1943 765 Scriptura
1983 686 2046 746 in
2085 702 2435 748 communes
2475 685 2706 765 linguas
2745 684 2940 762 primo
2955 731 2974 778 ,
3014 697 3160 766 puta
3197 690 3500 752 Graecam

587 772 643 828 δι
694 765 996 827 Latinam:
1052 764 1269 826 deinde
1312 765 1489 827 etiam
1527 764 1589 827 in
1630 769 1897 844 vulgares
1936 769 2216 828 translata
2255 775 2344 826 est
2382 766 2461 826 ad
2501 785 2669 828 vsum
2707 764 3182 858 vniuscuiusque.
3243 771 3363 832 Sed
3401 769 3500 830 hic

590 849 713 909 duo
752 865 983 908 errores
1022 845 1332 924 diligenter
1370 846 1638 907 notandi.
1680 845 1939 924 Primus,
1982 847 2148 924 quod
2187 841 2478 922 Pontificij
2519 847 2598 907 ad
2630 845 2904 906 Latinam
2932 849 3297 930 versionem,
3319 867 3499 928 quam

592 930 893 1018 vulgatam
940 937 1189 1003 vocant,
1242 934 1491 988 cunctos
1536 926 1819 1006 adstringi
1856 928 2097 1005 volunt,
2141 929 2280 986 cum
2319 926 2438 987 iam
2473 925 2572 986 vix
2612 924 2964 988 centesimus
3005 947 3138 990 etun
3177 929 3496 1009 intelligat,

592 1012 648 1070 δι
688 1007 1055 1099 Scripturam
1086 1006 1423 1085 vulgaribus
1460 1005 1675 1098 linguis
1712 1010 1751 1066 a
1788 1006 2093 1084 quibusuis
2130 1005 2251 1084 legi
2282 1006 2622 1098 prohibent.
2659 1008 2811 1066 Bell.
2844 1009 2942 1066 lib.
2969 1029 3024 1069 2.
3045 1020 3175 1089 cap.
3193 1025 3258 1072 11.
3297 1011 3497 1090 Alter,

590 1089 757 1166 quod
794 1085 1239 1149 translationem
1275 1104 1441 1148 suam
1480 1104 1617 1147 cum
1658 1084 1787 1164 ipso
1826 1089 1994 1148 fonte
2032 1091 2374 1164 conferunt,
2409 1086 2530 1147 imo
2564 1087 2859 1148 interdum
2880 1091 3251 1178 praeferunt,
3271 1092 3498 1152 fontem

589 1171 941 1229 lutulentum
976 1170 1156 1228 fluere
1194 1178 1534 1272 arguentes:
1573 1169 1728 1227 Bell.
1766 1169 1865 1228 lib.
1909 1188 1964 1228 2.
2004 1178 2130 1246 cap.
2177 1183 2266 1245 15.
2308 1168 2473 1243 quod
2513 1169 2693 1246 quam
2731 1166 2806 1226 sit
2843 1166 3146 1248 iniquum,
3185 1189 3264 1232 ne
3303 1170 3498 1232 dicam

589 1250 940 1324 absurdum,
986 1247 1300 1309 videbunt'
1312 1247 1349 1323 ij
1396 1245 1499 1325 qui
1538 1245 1665 1307 sine
1704 1245 2067 1324 praeiudicio
2113 1265 2238 1308 rem
2277 1245 2765 1308 animaduertent.

674 1329 964 1389 Concludo
1010 1330 1198 1405 igitur
1244 1327 1628 1408 Propheticos
1669 1327 1747 1386 ἃ*
1783 1329 2142 1406 Apostolicos
2181 1329 2366 1387 libros
2379 1371 2396 1404 ,
2445 1330 2751 1388 secundum
2791 1336 3024 1388 mentem
3064 1331 3192 1389 Dei
3210 1339 3330 1408 per
3371 1329 3499 1407 Spi-

594 1411 771 1468 ritum
813 1412 875 1468 in
913 1411 1197 1468 ministris
1236 1410 1358 1468 etus
1396 1415 1655 1484 agentem
1693 1410 2045 1486 conscriptos
2085 1408 2163 1467 &⁶
2199 1408 2496 1467 Ecclesiae
2534 1409 2952 1486 sanctificatos,
2985 1412 3240 1489 unicam,
3283 1418 3500 1470 certam

594 1491 671 1548 ὁ·
708 1491 868 1549 omni
902 1491 1225 1566 exceptione
1260 1491 1539 1548 maiorem
1573 1489 1840 1563 regulam
1857 1490 2016 1566 fidei
2043 1497 2280 1548 nostrae
2299 1490 2589 1547 continere
2602 1491 2808 1567 idque
2811 1489 3268 1566 perfectissime·
3312 1491 3502 1566 Atque

591 1571 734 1629 adeo
786 1570 958 1628 solem
1008 1571 1173 1628 illum
1232 1570 1591 1645 spiritualem
1631 1587 1752 1626 esse
1790 1570 2050 1628 omnibus
2085 1567 2411 1628 hominibus
2435 1571 2803 1646 propositum
2838 1572 2914 1632 ὃν
2955 1571 2996 1627 ὰ
3036 1569 3263 1647 Spiritu
3301 1577 3502 1629 sancto

584 1651 647 1708 in
707 1649 979 1709 cordibus
1013 1650 1284 1726 fidelium
1334 1650 1649 1724 expositum
1664 1692 1683 1726 ,
1744 1647 2091 1724 benignitate
2142 1649 2394 1708 coelestis
2445 1650 2606 1708 illius
2645 1651 2882 1729 Patris,
2922 1651 3018 1710 cui
3052 1668 3180 1709 cum
3218 1651 3384 1710 Filio
3423 1649 3501 1708 ἃ*

590 1728 819 1807 Spiritu
859 1738 1059 1790 sancto
1097 1730 1179 1788 sit
1212 1731 1345 1787 laus
1386 1729 1463 1788 &³
1496 1729 1705 1805 gloria
1743 1729 1805 1788 in
1846 1737 2162 1789 aeternum.
2200 1729 2407 1788 Amen.
3515 1753 3524 1768 ·

713 2218 822 2276 ΠΙ.
902 2216 1317 2277 THESES
1374 2216 2066 2277 ELENCTICAE
2123 2216 2256 2275 DE
2315 2215 2928 2276 SCRIPTVRA
2987 2215 3357 2276 SACRA.

680 2419 1223 2507 Quandoquidem
1266 2421 1483 2487 Ponti
1469 2421 1662 2509 ficis,
1710 2420 2012 2487 videntes
2057 2442 2182 2485 sua
2227 2421 2541 2505 dogmata
2589 2421 2663 2486 in
2711 2420 3102 2505 Scripturis
3125 2421 3345 2485 sacris
3368 2443 3500 2486 non

579 2514 768 2579 modo
829 2536 961 2579 non
1004 2515 1531 2598 fundamentum
1592 2514 1863 2591 habere,
1911 2513 2034 2577 sed
2069 2514 2274 2577 etiam
2311 2514 2410 2577 eis
2456 2517 2688 2595 aperte
2723 2514 3081 2595 salsitatis
3133 2512 3372 2595 argui,
3422 2514 3498 2577 in

580 2606 700 2671 hoc
743 2606 1040 2670 maxime
1088 2606 1430 2683 laborant,
1480 2614 1558 2671 vt
1602 2624 1833 2670 earum
1878 2605 2314 2669 autoritatem
2348 2606 2417 2670 ἅ
2439 2604 2912 2688 perfectionem
2935 2604 3264 2667 eleuantes
3281 2653 3296 2679 ,
3323 2626 3496 2667 com-

578 2705 800 2761 menta
870 2718 995 2760 sua
1064 2698 1379 2762 stabilire
1426 2697 1730 2779 possint,·
1794 2717 2076 2779 aequum
2140 2706 2243 2759 est
2303 2696 2508 2759 etiam
2567 2704 2647 2761 vt
2705 2716 2826 2759 nos
2877 2694 2998 2777 qui
3055 2696 3175 2759 sub
3231 2692 3500 2761 Christi

579 2788 838 2853 vexillo
893 2787 1058 2862 mi(f.
1105 2788 1618 2867 1598.)litamuS,
1672 2786 1771 2851 ad
1809 2786 2240 2852 Antichristi
2284 2808 2564 2871 regnum
2611 2785 3035 2850 euertendam
3051 2834 3067 2862 ‚
3116 2788 3185 2852 ἅ
3235 2783 3498 2851 Christi

565 2877 990 2967 firmandum
1013 2927 1029 2955 ‚
1088 2878 1209 2943 hoc
1258 2879 1397 2946 Dei
1452 2881 1724 2946 verbum
1784 2880 1866 2943 ab
1930 2878 2212 2945 illorum
2272 2878 2617 2943 erroribus
2677 2896 2978 2942 asserere
3016 2879 3085 2942 ἃ
3141 2876 3492 2943 vindicare

580 2970 984 3036 studeamus,

1683 3157 2008 3215 Tnnsxs
2065 3171 2366 3215 Ριιιιαᾼ.

656 3353 707 3393 1.
787 3334 887 3391 VT
944 3329 1119 3409 igitur
1179 3332 1260 3393 ad
1318 3352 1444 3393 rem
1503 3332 1859 3393 accedamus
1872 3377 1890 3409 ,
1952 3332 2014 3392 in
2067 3332 2254 3393 tribus
2303 3330 2616 3423 praecipue
2655 3328 2948 3408 capitibus
2993 3348 3188 3391 errare
3227 3329 3490 3408 grauiter

574 3412 917 3474 Pontificios
956 3411 1390 3492 asserimuS,1.
1441 3414 1579 3472 cum
1618 3414 1695 3473 de
1740 3412 1800 3473 S.
1844 3412 2178 3491 Scripturae
2217 3410 2571 3473 authoritate
2585 3457 2604 3491 ,
2649 3431 2702 3471 2.
2723 3413 2864 3471 cum
2885 3412 2962 3470 de
2981 3409 3495 3489 interpretatione,

576 3514 633 3571 3.
674 3496 812 3554 cum
852 3493 929 3553 de
968 3491 1230 3553 eiusdem
1270 3457 1634 3585 perfectione
1674 3491 1883 3570 agitur.

658 3594 712 3635 2.
792 3574 893 3635 Ad
950 3571 1367 3633 authoritatem
1432 3571 1557 3633 eius
1615 3574 1781 3650 quod
1840 3572 2074 3651 attinet,
2135 3591 2268 3632 eam
2321 3574 2517 3649 palam
2565 3572 2919 3649 profitentur
2932 3616 2950 3650 ,
2991 3570 3193 3647 quoad
3233 3588 3373 3642 nos,
3415 3570 3494 3630 ab

574 3654 879 3715 Ecclesiae
920 3650 1329 3713 testificatione
1368 3652 1629 3731 pendere
1666 3651 1978 3730 primario,
2017 3672 2091 3712 ac
2129 3652 2180 3713 si
2219 3654 2303 3713 ob
2344 3650 2526 3712 solius
2559 3650 2862 3712 Ecclesiae
2892 3650 3298 3711 testimonium
3317 3648 3495 3710 nobis

574 3754 685 3813 pro
725 3734 927 3795 diuina
965 3736 1021 3793 &
1062 3731 1351 3793 canonica
1388 3742 1540 3793 esset
1578 3733 1871 3793 habenda.
1929 3700 2046 3793 13er
2083 3731 2412 3793 Ecclesiam
2452 3739 2652 3792 autem
2689 3730 2934 3810 intelligi
2971 3733 3180 3791 volunt
3219 3748 3341 3790 non
3363 3748 3495 3790 eam

575 3832 727 3891 quae
764 3813 1036 3905 proxime
1074 3822 1277 3873 secuta
1316 3822 1405 3874 est
1442 3822 1715 3890 tempora
1752 3814 2216 3905 Apostolorum,
2257 3812 2366 3873 sed
2406 3829 2574 3872 suam
2612 3812 2773 3872 illam
2813 3813 2997 3872 Rom.
3049 3808 3495 3887 Hierarchiam,

575 3912 753 3971 quam
794 3892 1067 3954 Pontifex
1107 3910 1245 3953 cum
1286 3909 1396 3953 suo
1437 3894 1599 3954 clero
1642 3891 1980 3954 constituit:
2019 3891 2143 3953 imo
2185 3892 2416 3970 saepius
2456 3895 2646 3953 solum
2691 3890 3073 3966 Pontificem,
3114 3888 3218 3967 qui
3255 3899 3346 3949 est
3383 3890 3498 3949 Ec-

575 3973 791 4034 clesiae
828 3976 1007 4035 Rom.
1050 3975 1211 4034 velut
1252 3973 1557 4065 quaedam
1599 3973 1885 4051 epitome.

651 4073 709 4129 3.
789 4054 1025 4115 Omissa
1064 4058 1207 4115 vero
1250 4051 1595 4131 quaestione
1635 4054 1763 4131 illa,
1804 4072 1879 4113 an
1922 4050 2193 4113 Ecclesia
2231 4054 2413 4112 Rom.
2455 4050 2529 4113 sit
2565 4070 2706 4113 vera
2745 4048 3047 4129 Ecclesia,
3088 4048 3395 4110 statuimus
3434 4050 3495 4109 S.

573 4132 906 4211 Scripturae
925 4133 1342 4195 authoritatem
1360 4152 1486 4193 non
1508 4098 1767 4211 pendere
1786 4132 2053 4211 proprie,
2075 4132 2252 4193 etiam
2286 4132 2489 4209 quoad
2512 4152 2654 4209 nos,
2675 4134 2752 4191 ab
2773 4094 3112 4207 Ecclesiae,
3133 4129 3270 4190 licet
3289 4148 3494 4203 verae,

572 4212 939 4275 testimonio:
982 4213 1090 4273 sed
1130 4216 1327 4274 Deum
1368 4213 1561 4290 ipsum
1601 4212 1863 4273 diuinam
1904 4178 2325 4273 authoritatem
2359 4211 2526 4272 omni
2565 4210 2916 4303 exceptione
2959 4209 3245 4270 maiorem
3277 4208 3332 4269 ei
3351 4208 3498 4268 indi-

577 4294 763 4371 disse,
806 4310 987 4370 quam
1028 4294 1223 4369 palam
1264 4302 1506 4353 testatus
1548 4303 1633 4353 est
1674 4291 1978 4353 Ecclesiae
2019 4310 2190 4369 suae,
2233 4310 2538 4370 sermone,
2581 4291 2790 4369 signiS,
2829 4292 2886 4349 δι
2927 4288 3292 4349 miraculosis
3313 4286 3501 4427 ogeri-

3391 4385 3461 4426 us
3482 4410 3499 4443 ,
