3923 4875
534 253 645 314 108
1490 266 1819 312 ‘rnnszs
1876 267 2532 312 ruzonoolcat.

525 429 872 492 auctoritate
908 429 1127 491 Diuina
1164 439 1254 490 est
1291 429 1537 508 publico
1574 429 1882 491 Ecclesiae
1920 429 2095 490 datus
2134 433 2192 489 δι
2233 429 2657 506 sanctificam,
2695 437 2761 486 vt
2799 426 2874 486 sit
2893 445 3092 487 canon
3107 426 3234 488 siue
3251 429 3454 507 regula

526 509 1455 651 fflffissssssssssssssssss
1482 529 1539 587 ³·
1578 505 2772 653 A‘ssffiosfflssugffibdiffiuffifflss'
2787 506 3454 666 ἓήέἐὲὼὲἳεωὲῖῗὲξ

528 671 595 729 το·
638 671 999 730 αὐτόπιστων
1040 611 1292 748 Ῥἓορτίε
1328 610 1773 748 (Ῑηειηίαωοᾰο
1787 717 1805 748 .,
1867 671 1923 730 &
1965 610 2526 749 obstiingistofidem,
2567 685 2682 727 nec
2719 669 2798 726 ab
2837 668 3105 728 Ecclesia
3143 667 3420 729 definitus
3433 713 3453 748 ,

530 750 637 810 sed
678 753 717 809 a
756 751 892 809 Deo
932 750 1065 840 ipso
1104 751 1352 811 traditus
1392 753 1447 810 δι
1488 749 1832 828 obsignatus
1872 759 1980 810 est.

614 849 705 890 10.
785 829 1045 890 Alterius
1085 831 1333 891 canonis
1374 831 1703 909 aequiuoce
1742 829 1887 890 dicti
1922 829 2298 890 conditiones
2339 828 2612 889 diuersae
2629 837 2796 887 sunt:
2827 845 3044 904 nempe
3063 828 3228 904 quod
3247 845 3454 888 secun-

526 909 673 970 dum
712 907 837 970 eius
876 919 1074 986 partes
1113 909 1372 990 singulas
1412 911 1686 970 vniam-se
1700 957 1717 981 ,
1755 921 1966 970 neutra
2005 909 2418 969 conditionum
2457 925 2656 968 earum
2671 951 2690 982 ,
2726 924 2872 984 quas
2899 906 3050 967 thesi
3069 907 3448 968 antecedenti

526 987 831 1066 posuimus
892 987 1001 1066 ipsi
1060 989 1370 1067 conuenit;
1410 991 1517 1051 sed
1560 1001 1769 1050 contra
1807 989 2104 1066 quaedam
2144 991 2406 1049 humano
2445 989 2632 1048 modo
2671 987 2729 1045 ὅτ.
2767 985 3034 1047 instituto
3073 999 3211 1046 sunt
3253 998 3450 1064 partes

525 1067 707 1140 illius,
750 1085 895 1159 quas
933 1086 1059 1128 non
1096 1068 1363 1130 exhibuit
1399 1071 1583 1130 Deus.
1624 1071 1823 1146 Atque
1858 1069 1959 1128 hic
1999 1087 2192 1142 canon
2233 1069 2527 1128 humanus
2567 1075 2658 1126 est
2685 1068 2782 1126 vel
2813 1065 3262 1126 Ecclesiasticus
3277 1113 3295 1144 ,
3316 1077 3446 1126 tum

528 1167 602 1208 ex
663 1147 828 1208 libris
886 1145 1072 1208 diuini
1130 1148 1377 1210 canonis
1436 1159 1717 1209 constans
1730 1194 1747 1228 ,
1804 1157 1930 1208 tum
1989 1147 2116 1208 aliis
2130 1193 2148 1227 ,
2189 1167 2342 1226 quos
2379 1149 2458 1208 ab
2497 1146 2838 1208 hominibus
2889 1147 3140 1224 scriptos
3180 1147 3452 1208 Ecclesia

526 1225 827 1288 accenseri
886 1226 1119 1304 putauit
1178 1239 1481 1306 oportere,
1532 1247 1818 1288 accensos
1856 1245 1966 1306 per
2003 1245 2213 1288 manus
2252 1227 2484 1305 accepit
2523 1229 2578 1286 δι
2615 1225 2964 1286 auctoritate
3005 1229 3266 1286 humana
3305 1245 3450 1286 con-

526 1306 807 1385 secrauit,
855 1325 983 1367 non
1018 1317 1218 1368 tamen
1260 1325 1523 1385 vnquam
1567 1307 1777 1367 eadem
1817 1306 2167 1368 auctoritate
2213 1307 2421 1368 habuit
2457 1326 2578 1384 qua
2615 1305 2778 1384 illos»,
2816 1304 2922 1382 qui
2957 1309 2996 1366 ὲ
3034 1307 3170 1368 Deo
3207 1305 3340 1383 ipso
3387 1305 3450 1366 in

526 1385 750 1447 Diuino
790 1405 1024 1447 canone
1066 1397 1202 1448 sunt
1244 1387 1597 1448 consecrati.

615 1485 705 1528 11.
786 1466 981 1527 Causa
1018 1466 1192 1526 huius
1232 1465 1371 1526 facti
1410 1466 1623 1544 triplex
1659 1465 1875 1526 adferri
1912 1477 2140 1544 potest:
2183 1466 2470 1543 Occasio,
2513 1465 2682 1544 quOd
2717 1465 3025 1525 Ecclesiae
3063 1463 3440 1525 Christianae

528 1546 891 1624 Scripturam
950 1544 1033 1606 ita
1094 1555 1329 1606 auctam
1380 1549 1459 1607 ab
1510 1547 1669 1622 Ec(f.
1719 1545 2110 1624 1596.)clesiis
2157 1548 2518 1608 ludaeorum
2556 1545 3018 1606 Hellenistarum
3059 1544 3448 1623 accipientes,

526 1625 711 1686 libros
770 1625 904 1685 illos
962 1623 1225 1685 adiectos
1262 1623 1389 1686 sine
1428 1623 1597 1703 graui
1635 1627 1863 1685 offensa
1898 1645 2169 1688 resecare
2207 1647 2330 1688 non
2373 1637 2676 1704 poterant:
2717 1624 3061 1702 praesertim
3105 1627 3244 1685 ciim
3283 1641 3450 1702 argu·

529 1715 796 1765 mentum
854 1714 1010 1764 esset
1062 1704 1139 1764 de
1176 1707 1351 1765 rebus
1389 1703 1569 1764 sacris
1610 1725 1683 1764 ac
1722 1724 1847 1765 non
1886 1707 2178 1782 profanis:
2223 1706 2479 1784 denique
2519 1703 2902 1768 secundarius
2943 1709 2981 1764 ὲ,
3019 1703 3225 1764 diuino
3265 1715 3448 1782 esset,

524 1783 808 1860 librisque
848 1782 1164 1843 Canonicis
1206 1783 1600 1862 intelligendis
1640 1783 1978 1846 inseruiret:
2022 1805 2204 1863 quare
2245 1788 2467 1864 placuit
2505 1785 2768 1865 patribus
2809 1784 3165 1846 coniunctos
3205 1783 3448 1862 quidem

525 1863 750 1922 Diuino
810 1862 1044 1922 Canoni
1102 1863 1307 1923 haberi
1320 1908 1339 1942 ,
1399 1863 1504 1924 sed
1560 1861 1835 1925 inferiore
1881 1866 2064 1943 longe
2105 1867 2483 1927 auctoritate:
2527 1866 2692 1927 cuius
2733 1864 3080 1943 prudentiae
3117 1874 3352 1941 patrum
3390 1864 3448 1923 δι

533 1941 760 2022 priscae
796 1940 1103 2002 Ecclesiae
1140 1944 1237 2002 vel
1279 1941 1425 2004 illud
1460 1942 1745 2004 indicium
1784 1953 1875 2004 est
1913 1945 2301 2007 clarissimum
2315 1993 2333 2024 ,
2374 1947 2540 2023 quod
2576 1946 2641 2006 hi
2677 1945 2814 2006 libri
2837 1945 2899 2005 in
2919 1944 3186 2004 Ecclesia
3204 1942 3447 2021 quidem

530 2023 895 2112 legerentur,
956 2021 1061 2081 sed
1100 2022 1177 2082 de
1216 2023 1405 2100 gradu
1444 2024 1767 2104 lectorum,
1806 2025 1945 2084 cum
1985 2025 2071 2085 illi
2110 2025 2294 2086 diuini
2333 2027 2595 2088 Canonis
2633 2025 2768 2086 libri
2805 2025 2882 2084 de
2920 2026 3203 2084 Ambone
3217 2067 3235 2099 ,
3275 2023 3340 2082 id
3359 2031 3448 2082 ωε

534 2099 722 2180 gradu
780 2099 1217 2182 Episcoporum
1274 2105 1332 2163 ὅτ.
1392 2105 1907 2181 Presbyterorum,
1968 2105 2046 2165 ab
2103 2105 2246 2182 ipsis
2292 2107 2608 2184 Episcopis
2648 2107 2704 2166 δι
2742 2105 3102 2181 Presbyteris
3141 2103 3446 2163 Ecclesiae

533 2180 1036 2260 praelegerentur,
1074 2199 1212 2242 cuin
1248 2183 1629 2245 veneratione
1668 2184 1904 2244 diuinae
1944 2186 2304 2246 auctoritatis
2344 2186 2682 2267 simpliciter
2724 2184 2781 2244 &
2820 2185 3058 2262 proprie
3096 2183 3448 2260 appellatae.

534 2259 788 2335 August.
826 2260 924 2320 lib.
946 2279 1026 2331 ,1.
1065 2261 1136 2322 de
1158 2265 1461 2341 praedest.
1504 2274 1629 2342 cap.
1678 2283 1766 2338 14.

618 2356 712 2430 ‚¹²⁶
790 2339 1003 2400 Canon
1050 2341 1262 2434 ‘itaque
1325 2342 1557 2404 diuinus
1597 2343 1860 2404 continet
1897 2342 1959 2402 in
1997 2365 2062 2405 se
2099 2346 2286 2406 libros
2324 2345 2536 2407 veteris
2578 2347 2634 2405 δι
2673 2343 2834 2436 Noui
2872 2341 3240 2404 Testamenti
3253 2385 3270 2415 ,
3313 2341 3448 2401 illos

533 2415 2037 2593 ἓῗέιξὲ..Ηξιῗὲιοὲἒέεοὲἓὲυῑῖῗῖηὲῗῗὲἓᾲὲἒ
2057 2425 2504 2584 ..ῖῖἑᾎέἒὲιῖῗ
2524 2425 2952 2580 ἐεῗὲἓὲαῗῃῗῗ
2974 2425 3448 2579 ᾧῗῦἒὲοὲᾚ

535 2586 721 2669 veteri
780 2580 1163 2642 Testamento
1204 2582 1455 2643 'Graece
1518 2582 1721 2662 scripti
1757 2596 2150 2646 accensentur
2165 2632 2182 2664 ,
2222 2586 2469 2646 canonis
2505 2584 2694 2662 diuini
2732 2584 2972 2644 minime
3015 2600 3162 2643 esse.
3219 2582 3446 2642 Verum

535 2660 799 2736 singulos
836 2658 1023 2721 libros
1062 2678 1171 2720 suo
1214 2661 1425 2722 ordine
1464 2682 1873 2723 recenseamus
1913 2666 1994 2725 ad
2033 2664 2319 2726 maiorem
2360 2665 2735 2726 euidentiam.
2791 2664 2957 2723 Libri
2993 2662 3207 2723 veteris
3246 2663 3447 2720 Testa-

536 2738 720 2797 menti
778 2736 1069 2799 Canonici
1124 2740 1189 2799 hi
1246 2752 1661 2819 numerantur,
1720 2742 1983 2821 quinque
2035 2744 2172 2805 libri
2211 2746 2431 2823 Mosis,
2471 2745 2621 2806 liber
2659 2748 2864 2821 Iosue,
2899 2743 3206 2819 Iudicum,
3247 2740 3446 2817 Ruth,

536 2814 659 2875 duo
698 2814 834 2877 libri
873 2819 1160 2879 Samuelis
1199 2822 1254 2880 &
1293 2821 1545 2881 totidem
1584 2823 1822 2899 Regum
1837 2868 1855 2900 ,
1895 2823 2048 2884 liber
2088 2826 2406 2903 Estherae,
2447 2826 2571 2885 duo
2611 2824 2747 2884 libri
2788 2822 3259 2896 chronicorum,
3299 2820 3449 2880 liber

534 2891 793 2975 Esdrae,
830 2898 1185 2959 Nehemiae:
1236 2901 1393 2959 Tum
1431 2900 1544 2961 Iob
1562 2945 1580 2979 ,
1617 2904 1990 2963 Psalmorum
2033 2903 2198 2983 libri,
2238 2905 2587 2983 Prouerbia,
2631 2904 3014 2963 Ecclesiastes
3054 2903 3112 2962 δι
3133 2898 3446 2961 Canticum

538 2974 924 3036 Canticorum
964 2977 1405 3039 Schelomonis:
1464 2980 1897 3057 Prophetarum
1936 2981 2100 3061 libri,
2138 2984 2481 3044 Ieschahiae
2496 3028 2510 3056 ,
2554 2983 2825 3044 Ιίτωείειε
2839 3028 2857 3061 ,
2897 2978 3256 3043 Iechezkelis
3271 3022 3288 3052 ,
3328 2981 3447 3038 Da-

537 3052 704 3114 nielis
716 3098 735 3127 ‚
776 3056 1172 3135 Hoschehae,
1213 3058 1421 3138 IoeIiS,
1460 3060 1700 3137 Amosi,
1741 3062 2095 3141 Hobadiae,
2135 3066 2348 3141 Ionae,
2388 3065 2613 3143 Micae,
2655 3061 2979 3140 Nachumi,
3023 3058 3416 3122 Chabakkuki
3431 3102 3450 3136 ,

539 3130 880 3228 Zephaniae
889 3180 907 3214 ,
950 3136 1233 3215 Chaggaij
1251 3182 1269 3214 ,
1309 3136 1583 3199 Zecariae
1597 3184 1615 3217 ,
1652 3140 1927 3201 Maleaci.

626 3228 717 3289 13.
797 3214 883 3273 Hi
922 3232 1129 3276 omnes
1164 3214 1300 3276 libri
1337 3219 1393 3278 δι
1433 3218 1545 3278 soli
1580 3216 1643 3277 in
1681 3218 2039 3281 Iudaeorum
2077 3222 2344 3283 Ecclesia
2381 3224 2419 3281 a
2457 3222 2593 3282 Deo
2633 3224 2868 3282 fuerunt
2897 3218 3273 3297 sanctificati,
3309 3218 3366 3277 ὅτ
3385 3216 3448 3277 in

538 3304 678 3351 arca
734 3290 860 3383 siue
898 3312 1077 3385 capsa
1116 3296 1529 3357 Ecclesiastica
1583 3298 1849 3377 repositi,
1889 3310 1952 3359 vt
1992 3312 2201 3361 auctor
2238 3314 2326 3361 est
2364 3300 2732 3379 Epiphanius
2746 3347 2764 3380 ‚
2804 3302 2907 3377 qui
2944 3300 3205 3377 reliquos
3243 3298 3323 3358 ab
3363 3297 3448 3357 eis

540 3377 889 3431 exterminat
902 3418 920 3449 ,
957 3374 1227 3451 inquiens
1261 3393 1456 3453 neque
1492 3378 1553 3436 in
1594 3379 1798 3438 Aaron
1812 3423 1830 3457 ,
1867 3397 2064 3456 neque
2102 3381 2164 3439 in
2204 3380 2550 3456 Testimonij
2591 3400 2728 3441 arca
2766 3380 2944 3441 fuisse
2979 3378 3302 3457 repositos:
3345 3378 3448 3437 lib.

540 3448 609 3507 de
648 3454 937 3511 mensuris
974 3454 1051 3512 ὁ·
1074 3456 1453 3531 ponderibus.
1492 3458 1564 3516 In
1598 3476 1736 3517 arca
1763 3469 1963 3518 autem
1993 3458 2310 3535 testimonii
2329 3460 2476 3521 nihil
2495 3460 2604 3520 fuit
2623 3460 2947 3538 repositum
2967 3468 3197 3537 praeter
3215 3458 3448 3516 tabulas

536 3528 717 3607 legis,
771 3540 835 3590 vt
873 3540 1035 3609 patet
1078 3552 1150 3593 ex
1197 3532 1399 3594 diuina
1436 3535 1703 3595 historia:
1775 3558 1826 3597 1.
1864 3540 2016 3615 Reg.
2059 3542 2116 3599 8.
2156 3560 2216 3618 9.
2253 3542 2435 3601 Deut.
2477 3560 2576 3617 31.
2621 3556 2716 3617 25.
2775 3542 2849 3599 In
2886 3558 3025 3600 arca
3061 3541 3206 3599 vero
3246 3536 3449 3596 omnia

540 3607 845 3670 Canonica
882 3612 1117 3704 scripta·
1137 3612 1466 3691 Hebraice,
1510 3624 1574 3675 vt
1610 3626 1773 3693 patet
1814 3635 1888 3676 ex
1928 3630 2247 3697 praecepto
2287 3620 2426 3680 Dei:
2468 3638 2622 3697 quae
2641 3620 2764 3680 duo
2785 3618 3135 3696 repositoria
3153 3615 3443 3692 Pontificij

539 3704 751 3780 causae
790 3706 930 3750 suae
966 3702 1285 3753 seruientes
1328 3694 1719 3755 confundunt.
1756 3698 1988 3757 Bellar.
2029 3700 2166 3758 libr.
2213 3717 2262 3758 1.
2303 3709 2428 3776 cap.
2478 3718 2568 3759 10.
2609 3700 2725 3759 His
2765 3699 2947 3759 diuini
2983 3695 3246 3759 Canonis
3279 3694 3443 3755 libris

538 3766 751 3828 adiecti
796 3780 933 3831 sunt
966 3768 1049 3830 illi
1087 3790 1241 3848 quos
1280 3774 1677 3852 Apocryphos
1716 3778 2105 3854 appellamuS,
2145 3780 2309 3854 quod
2349 3778 2641 3840 abfuerint
2679 3782 2717 3838 a
2755 3789 2962 3839 sancta
2999 3778 3100 3837 illa
3139 3784 3346 3851 crypta
3389 3777 3446 3835 &

539 3844 847 3908 Thesauro
885 3849 1183 3911 Ecclesiae
1223 3851 1361 3913 Dei:
1402 3854 1497 3913 vel
1536 3866 1601 3913 vt
1638 3854 1718 3915 ait
1756 3857 2003 3935 Glossa,
2045 3875 2299 3935 quorum
2337 3858 2550 3918 author
2587 3858 2920 3935 ignoratur,
2960 3856 3023 3917 id
3063 3866 3151 3915 est
3186 3870 3446 3931 quorum

538 3934 841 4018 auctorem
878 3928 1169 3990 nescimus
1210 3950 1336 3991 esse
1376 3934 1603 4011 Deum,
1645 3935 1741 3995 vel
1782 3936 1980 4013 potius
2001 3936 2217 3996 scimus
2235 3956 2359 3997 non
2384 3958 2510 3998 esse
2530 3940 2727 3998 Deum
2743 3982 2760 4017 ,
2792 3938 2928 3997 licet
2947 3954 3170 3995 nomen
3191 3933 3448 3994 hominis

540 4012 797 4095 auctoris
836 4018 1087 4069 constet.
1123 4012 1195 4069 In
1234 4011 1349 4072 hac
1388 4012 1575 4073 classe
1615 4023 1750 4074 sunt
1764 4059 1781 4089 ,
1824 4026 2050 4093 septem
2088 4025 2390 4093 postrema
2429 4020 2715 4078 Estherae
2755 4016 2977 4093 capita,
3019 4033 3172 4091 quae
3211 4022 3346 4073 sunt
3385 4012 3448 4071 in

544 4081 803 4173 editione
860 4088 1121 4179 vulgata,
1182 4108 1307 4149 non
1368 4092 1699 4153 Hebraica:
1761 4094 1967 4155 Tobiti
2025 4094 2206 4172 liber,
2266 4096 2458 4158 oratio
2516 4098 2853 4159 Menaschis
2868 4142 2885 4169 ,
2944 4093 3170 4165 Iudith,
3223 4096 3414 4153 Baruc
3429 4138 3446 4167 ,

542 4160 810 4252 Epistola
846 4166 1155 4244 Ieremiae,
1195 4168 1554 4231 adiectiones
1595 4172 1672 4232 ad
1711 4173 2020 4235 Danielem
2035 4220 2052 4252 ,
2091 4176 2324 4236 Hezrae
2361 4177 2464 4236 lib.
2508 4196 2567 4252 3.
2597 4180 2652 4237 δι
2675 4196 2732 4249 4.
2753 4176 3258 4235 Machabaeorum
3279 4170 3443 4232 libri:

545 4240 866 4321 Sapientia,
908 4244 1367 4307 Ecclesiasticus
1408 4254 1658 4326 August.
1700 4254 1834 4311 libr.
1886 4273 1938 4313 2.
1979 4256 2042 4313 in
2081 4257 2244 4332 epist.
2295 4258 2580 4315 Gaudent.
2623 4268 2749 4334 cap.
2796 4274 2827 4313 2
2833 4272 2892 4329 3.
3281 4330 3393 4388 Db
3431 4327 3443 4340 ⁸

3107 4350 3198 4403 14.
3332 4350 3350 4388 i
3397 4348 3446 4387 ri
