3923 4875
1317 365 1639 412 rnzsts
1698 357 2346 411 Tnnonoclcan.
3202 367 3310 422 147

405 528 761 592 necessario.
846 527 1017 588 Prior
1076 537 1379 604 respectus
1430 542 1719 604 personae
1775 537 1893 604 est,
1936 543 2054 604 qua
2093 530 2355 604 perfecta
2393 525 2507 585 Dei
2549 527 2612 601 (f.
2665 526 2860 600 1629.)
2900 524 3086 585 Patris
3123 525 3320 604 imago

409 621 533 685 est,
592 612 854 688 perfecte
912 608 1109 686 ipsum
1170 608 1533 684 exprimens:
1584 606 1783 684 imago
1824 610 1967 667 vero
2008 610 2265 684 perfecta
2306 604 2628 666 essentialis
2667 613 2780 673 est,
2825 604 2880 661 ὅτ
2921 602 2979 662 in
3019 603 3322 666 identitate

416 702 659 750 naturae
701 687 894 766 posita
908 734 925 767 ,
967 688 1223 764 ideoque
1262 686 1441 747 Filius
1480 691 1595 763 qua
1633 686 1834 777 imago
1874 686 2027 746 filius
2069 685 2306 764 quidem
2349 695 2466 764 est,
2505 686 2560 743 &
2598 683 2747 744 alius
2779 685 3104 744 secundum
3125 705 3324 762 perso-

410 791 549 831 nam
576 774 613 829 a
636 778 829 847 patre:
866 771 985 844 qua
1005 772 1147 828 vero
1171 767 1368 845 imago
1389 767 1649 846 perfecta
1662 813 1680 844 ,
1700 765 1895 844 3F11ius
1916 777 2004 826 est
2023 765 2320 844 naturalis,
2339 785 2450 825 nec
2470 764 2796 825 secundum
2815 762 3126 823 essentiam
3147 765 3325 826 aliud.

493 869 585 908 22.
666 849 967 909 Posterior
1028 856 1328 926 respectus
1388 845 1749 925 operationis
1808 855 1926 924 est,
1973 849 2091 923 qua
2130 845 2308 918 filius,
2352 845 2551 921 imago
2593 842 2913 904 essentialis
2952 843 3134 920 patris
3153 891 3170 922 ,
3212 865 3324 905 nos

414 946 707 991 renouans
770 928 830 988 in
874 926 1081 1006 spiritu
1118 926 1333 988 mentis
1372 937 1612 987 nostrae
1627 972 1646 1007 ,
1687 925 1829 986 facit
1864 937 1927 986 vt
1966 945 2174 987 omnes
2214 929 2432 986 retecta
2468 923 2620 984 faeie
2659 923 2908 1002 gloriam
2947 923 3225 1003 Domini,
3265 935 3330 984 vt

416 1009 479 1069 in
518 1009 763 1086 speculo
806 1007 1128 1080 intuenteS,
1170 1007 1657 1068 transformemur
1692 1008 1753 1066 in
1792 1005 2044 1066 eandem
2081 1004 2394 1084 imaginem
2435 1005 2566 1080 (sed
2608 1023 2718 1081 pro
2739 1001 3082 1064 conditione
3103 1008 3325 1080 nostra)

415 1090 492 1149 de
549 1086 739 1166 gloria
798 1088 857 1148 in
920 1086 1189 1164 gloriam.
1254 1105 1307 1146 2.
1356 1087 1495 1146 Cor.
1541 1106 1593 1147 1.
1640 1091 1730 1147 18.
1790 1087 2120 1163 Respectus
2166 1095 2364 1145 autem
2401 1083 2573 1144 huius
2611 1081 2774 1161 prior
2811 1082 3166 1162 principium
3208 1095 3324 1145 est:

415 1167 514 1228 hic
554 1167 713 1228 enim
756 1186 828 1228 ex
870 1166 1233 1246 proprietate
1274 1185 1563 1244 personae
1601 1175 1667 1227 vt
1704 1165 1998 1244 principio
2015 1210 2033 1244 ,
2072 1177 2352 1242 tanquam
2393 1175 2558 1224 actus
2596 1161 2851 1240 profluit.

497 1267 589 1324 23.
669 1249 811 1307 Non
870 1258 959 1308 est
1017 1257 1215 1306 autem
1274 1246 1440 1324 quod
1500 1245 1683 1306 filium
1743 1248 2066 1324 perfectam
2112 1244 2227 1305 Dei
2266 1244 2447 1322 patris
2485 1242 2803 1320 imaginem
2844 1261 2970 1302 esse
3009 1260 3294 1320 negemus
3312 1290 3328 1322 ,

414 1327 553 1404 quia
594 1346 658 1388 se
700 1337 865 1404 patre
909 1325 1203 1386 minorem
1248 1324 1417 1386 dicit:
1456 1343 1651 1402 neque
1692 1325 1851 1386 enirn
1892 1325 2186 1386 minorem
2225 1343 2292 1385 se
2329 1333 2496 1402 patre
2538 1323 2866 1384 secundum
2907 1321 3274 1384 diuinitatem
3294 1327 3332 1383 a

409 1409 645 1484 natura,
704 1407 809 1468 sed
870 1408 1176 1483 aequalem
1237 1405 1567 1484 praedicat:
1630 1404 1735 1466 sed
1785 1403 2110 1466 secundum
2151 1403 2577 1465 humanitatem
2617 1402 2678 1462 in
2718 1400 2999 1461 vnitatem
3039 1421 3330 1480 personae

410 1495 767 1564 assumptam
785 1530 804 1565 ,
864 1485 1221 1564 simpliciter.
1286 1484 1523 1545 Deinde
1583 1488 1725 1545 vero
1791 1485 1969 1545 etiarn
2029 1484 2259 1545 ratione
2317 1483 2556 1544 diuinae
2611 1490 2883 1560 naturae,
2943 1480 3003 1541 in
3044 1499 3352 1558 persona:-

410 1585 627 1644 nempe
666 1577 731 1626 vt
768 1585 879 1658 per
916 1565 1304 1626 voluntariam
1344 1564 1849 1643 dispensationem
1888 1563 2158 1626 inaniens
2198 1585 2261 1626 se
2301 1561 2614 1642 assumpsit
2653 1577 2894 1622 carnem
2914 1562 2970 1621 ὅτ
2991 1560 3330 1623 mediatoris

492 1659 609 1706 rtes
650 1661 819 1706 susce
861 1657 929 1706 1t.

412 1665 529 1784 pa2
537 1747 591 1798 4.
672 1665 950 1803 Prope-iae
988 1724 1415 1804 appellationes
1454 1723 1819 1785 diuinitatem
1861 1723 1961 1799 filij
1999 1726 2420 1784 confirmarunt
2449 1723 2759 1796 hactenuS,
2795 1721 3052 1798 agedum
3073 1722 3324 1782 eandem

422 1825 496 1865 ex
558 1804 1050 1883 appellationibus
1109 1804 1293 1866 tribus
1354 1804 1619 1884 personis
1678 1801 2125 1882 communibus,
2185 1805 2240 1864 ὅτ
2300 1805 2377 1865 de
2418 1805 2554 1864 Deo
2595 1801 2976 1862 essentialiter
3015 1800 3330 1862 enuntiatis

424 1885 917 1946 demonstremus.
978 1880 1090 1944 Ac'
1127 1884 1322 1962 primo
1380 1884 1623 1962 quidem
1682 1893 1970 1945 vocantur
2027 1885 2276 1962 Iehoua,
2326 1894 2390 1944 vt
2428 1892 2590 1961 patet
2628 1901 2704 1943 ex
2741 1881 2812 1941 iis
2849 1880 2996 1940 locis
3035 1882 3110 1941 N.
3149 1884 3222 1940 T.
3267 1882 3326 1941 in

430 1963 643 2040 quibus
702 1963 855 2025 filius
912 1965 1125 2026 dicitur
1140 2011 1158 2044 ,
1216 1963 1319 2041 qui
1358 1963 1417 2024 in
1458 1967 1537 2026 V.
1576 1967 1647 2025 T.
1688 1963 1999 2024 dicebatur
2036 1965 2289 2042 Iehoua,
2329 1967 2384 2025 ὅτ
2422 1980 2574 2040 quae
2612 1961 2688 2022 de
2726 1959 2980 2022 essentia
3016 1959 3133 2020 Dei
3169 1979 3331 2021 com-

428 2043 691 2104 munitet
728 2043 1223 2121 praedicabantur
1236 2091 1254 2124 ,
1292 2045 1370 2105 ad
1408 2044 1855 2105 determinatam
1894 2043 1953 2103 in
1995 2061 2248 2121 persona
2287 2043 2386 2119 filij
2428 2051 2720 2120 aptantur.
2759 2039 2990 2102 Dicitur
3025 2042 3248 2101 Iehoua
3269 2039 3330 2101 in

425 2142 549 2201 quo
612 2124 837 2184 Iehoua
892 2143 1005 2185 nos
1062 2123 1345 2204 seruauit,
1414 2125 1515 2185 Os.
1564 2145 1589 2183 1
1619 2171 1635 2187 .
1697 2142 1751 2199 7.
1810 2125 1983 2184 Esai.
2023 2141 2118 2200 43.
2165 2143 2258 2184 ro.
2316 2123 2530 2182 Ioann.
2570 2141 2628 2195 4.
2669 2141 2766 2194 42.
2807 2119 2910 2197 qui
2949 2131 3040 2180 est
3077 2139 3329 2198 sponsus

423 2201 764 2282 Ecclesiae,
814 2204 915 2264 Os.
960 2224 1015 2265 2.
1060 2223 1151 2282 19.
1194 2205 1271 2264 δὲ’
1310 2205 1523 2264 Ioann.
1564 2224 1621 2281 3.
1668 2223 1759 2280 29.
1802 2202 2008 2264 effudit
2047 2201 2324 2281 Spiritum
2364 2217 2532 2262 suum
2572 2218 2748 2278 super
2785 2218 3028 2260 omnem
3055 2219 3329 2280 carnem,

418 2285 562 2344 Ioel.
612 2304 665 2344 2.
712 2285 805 2345 28.
850 2285 927 2343 ὁ*
971 2286 1145 2344 Ioan.
1186 2299 1243 2360 5.
1286 2304 1380 2360 29.
1440 2285 1569 2344 Act.
1612 2303 1666 2344 2.
1704 2286 1761 2344 6.
1800 2293 2010 2344 auctor
2049 2293 2138 2344 est
2176 2281 2456 2359 foederis,
2497 2283 2708 2341 Iercm.
2751 2298 2846 2355 31.
2870 2298 2965 2355 31.
3009 2282 3168 2340 Heb.
3193 2283 3247 2340 8.
3271 2285 3330 2340 8.

417 2381 595 2440 quem
654 2363 715 2422 in
776 2365 1013 2424 deserto
1072 2373 1397 2443 tentarunt,
1458 2365 1513 2424 ὅτ
1553 2373 1760 2424 contra
1798 2379 1978 2442 quem
2019 2370 2455 2422 murmurarunt
2491 2359 2822 2436 Israelitae,
2865 2359 3051 2420 Num.
3102 2379 3192 2433 14.
3237 2377 3336 2434 27.

426 2464 477 2504 1.
520 2444 659 2504 Gor.
706 2462 797 2504 10.
840 2465 896 2521 9.
935 2442 1039 2521 qui
1076 2444 1297 2521 primus
1337 2454 1427 2504 est
1466 2446 1521 2505 ὅτ
1562 2443 1949 2522 nouissimus,
1989 2444 2140 2503 Esa.
2180 2464 2276 2518 41.
2319 2464 2378 2517 4.
2437 2443 2620 2521 Apoc.
2668 2461 2717 2500 1.
2768 2458 2859 2500 11.
2919 2442 3032 2499 ὅτε.
3071 2441 3330 2501 Iehouae

414 2527 558 2584 vero
599 2541 821 2583 nomen
860 2524 1129 2585 absolute
1170 2526 1227 2584 ὅτ
1267 2524 1503 2602 proprie
1544 2523 1657 2585 soli
1695 2526 1831 2585 Deo
1866 2523 2180 2615 competit,
2229 2522 2491 2599 nullique
2530 2532 2830 2582 creaturae
2871 2525 2960 2578 est
2999 2520 3330 2580 eommuni-

418 2601 608 2664 cabile
622 2647 639 2682 ,
679 2601 868 2665 sicubi
907 2602 1065 2664 enim
1104 2623 1270 2681 arca,
1312 2605 1628 2664 Ierusalem
1643 2649 1661 2683 ,
1700 2606 1813 2665 ὅτε.
1852 2603 2076 2663 Iehoua
2117 2603 2422 2680 dlcuntur,
2467 2619 2592 2660 non
2641 2599 2914 2661 dicuntur
2953 2598 3226 2659 absolute
3265 2610 3330 2659 vt

414 2692 580 2744 recto
620 2700 795 2743 casu:
836 2683 939 2744 sed
978 2684 1267 2762 Iehouae,
1308 2694 1453 2762 puta
1480 2702 1647 2763 arca,
1677 2683 1911 2761 duitas,
1949 2686 2060 2744 ὅτε.
2095 2682 2495 2747 &inmunda
2538 2682 2615 2742 II.
2655 2678 2888 2740 Dicitur
2921 2679 3116 2756 DeuS,
3152 2680 3330 2739 Ioan.

424 2782 476 2823 1.
537 2782 585 2821 1.
646 2764 811 2823 Deus
859 2762 1203 2841 nobiscum,
1257 2764 1407 2824 Esa.
1462 2779 1514 2840 7.
1572 2784 1665 2839 14.
1724 2764 1949 2824 Matth.
2011 2782 2062 2822 1.
2120 2780 2216 2838 ²3·
2259 2762 2455 2838 fortis,
2506 2781 2556 2820 1.
2597 2763 2770 2821 Ioan.
2813 2772 2868 2835 5.
2913 2777 3006 2821 20.
3050 2776 3330 2837 magnuS,

428 2844 541 2901 Tit.
585 2862 637 2901 2.
686 2862 777 2919 13.
816 2858 1024 2923 verua,
1074 2862 1125 2902 1.
1164 2846 1339 2903 Ioan.
1379 2858 1438 2934 5.
1488 2863 1581 2903 20.
1622 2844 1970 2905 benedictus
2010 2842 2070 2902 in
2111 2841 2325 2902 secula.
2367 2842 2540 2901 Rom.
2582 2861 2638 2918 9.
2679 2844 2736 2901 8.
2795 2839 2902 2898 ΙΙΙ.
2943 2836 3174 2898 Dicitur
3195 2840 3328 2899 Rex

416 2924 683 3012 Regum,
734 2921 1027 3062 gerungus
1067 2922 1529 2983 dominantmm:
1592 2925 1767 3003 Apoc.
1816 2943 1906 3000 19.
1949 2924 2007 2984 6.
2048 2923 2126 2981 ὁ·
2170 2938 2262 2996 17.
2308 2940 2398 2993 14.
2441 2922 2560 2982 hoc
2598 2930 2796 2980 autem
2839 2916 2950 2977 soli
2988 2920 3124 2979 Deo
3165 2938 3330 2979 corn-

504 3011 591 3061 t1t.
639 3022 690 3061 1.
791 3005 887 3063 im.
969 3049 982 3062 .
1032 3023 1058 3063 1
1110 3047 1123 3062 .

424 3021 533 3140 peoe
540 3096 593 3157 5.
675 3080 1023 3143 Dominium
1060 3018 1258 3143 {utem
1298 3086 1353 3142 ὅτ
1394 3099 1642 3161 regnum
1683 3080 1901 3143 Christi
1940 3084 2028 3157 (vt
2069 3082 2186 3141 hoc
2224 3078 2596 3164 adijciamus,
2629 3089 2948 3155 antequam
2966 3088 3334 3139 transeamus

420 3161 501 3221 ad
540 3160 843 3237 attributa)
884 3162 1104 3241 duplex
1144 3172 1260 3222 est:
1303 3163 1457 3223 adeo
1498 3172 1563 3223 vt
1601 3162 1821 3240 duplici
1862 3160 2040 3222 etiam
2079 3159 2306 3221 ratione
2343 3162 2476 3221 Rex
2515 3160 2570 3219 ὅτ
2610 3158 2902 3220 Dominus
2941 3158 3186 3219 dicatur.
3231 3159 3340 3218 Est

428 3256 674 3317 regnum
734 3260 1053 3303 commune
1110 3241 1289 3303 totius
1350 3240 1584 3302 diuinae
1645 3240 1957 3319 essentiae,
2019 3256 2140 3317 quo
2186 3250 2305 3301 tres
2355 3258 2671 3319 personae,
2709 3237 2940 3316 aequali
2977 3237 3242 3316 potentia
3279 3240 3336 3298 ὅτ

426 3318 615 3411 gloria
628 3363 647 3397 ,
684 3320 747 3381 in
784 3320 1007 3381 vnitate
1046 3320 1355 3398 essentiae,
1396 3323 1453 3380 ὅτ
1493 3322 1905 3399 operationum
1944 3318 2378 3392 communium,
2423 3319 2483 3379 in
2524 3318 2800 3380 omnibus
2833 3322 2888 3379 ὅτ
2906 3335 3082 3395 super
3101 3316 3303 3378 omnia
3316 3363 3335 3398 ,

428 3398 678 3478 infinite,
718 3403 773 3461 ὅτ
814 3400 1255 3462 immutabiliter
1268 3446 1285 3480 ,
1326 3402 1402 3461 ab
1443 3410 1685 3462 aeterno
1725 3402 1786 3462 in
1825 3410 2129 3461 aeternum
2169 3408 2432 3479 reg-nant.
2473 3402 2583 3460 Est
2622 3416 2869 3477 regnum
2891 3398 3182 3476 singulare
3207 3416 3336 3475 per-

428 3496 609 3539 sonae
671 3481 1047 3559 ἀπανθρώπου
1105 3479 1525 3559 temporarium
1538 3527 1557 3560 ,
1618 3498 1738 3559 quo
1796 3498 2050 3574 persona
2090 3478 2308 3541 Christi
2347 3480 2661 3540 demittens
2701 3499 2766 3539 se
2803 3487 3046 3557 propter
3085 3479 3333 3537 salutern

427 3569 689 3619 nostram
748 3558 1003 3637 (integro
1062 3573 1295 3622 seruato
1355 3561 1660 3622 communi
1718 3560 1951 3623 deitatis
1990 3564 2202 3639 regno)
2241 3562 2566 3621 secundum
2606 3570 2917 3636 Vtramque
2953 3568 3226 3618 naturam
3266 3557 3327 3616 in

430 3638 645 3698 vnitate
685 3640 1079 3716 personalium
1118 3640 1529 3719 operationum
1543 3688 1561 3721 ,
1601 3642 1933 3703 voluntaria
1969 3638 2411 3717 dispensatione
2428 3651 2634 3718 regnat
2653 3639 2714 3698 in
2735 3639 3014 3698 omnibus
3029 3682 3046 3715 ,
3079 3640 3134 3697 ὅτ
3153 3654 3333 3714 super

430 3716 657 3795 omnia,
708 3717 771 3777 in
810 3720 1108 3799 Ecclesia,
1146 3738 1333 3799 regno
1374 3721 1719 3799 proficiente
1757 3726 1813 3782 ὅτ
1852 3720 2146 3797 mutabili,
2187 3717 2352 3780 cuius
2394 3716 2839 3779 administrandi
2879 3714 3230 3795 principium
3271 3721 3327 3777 ὅτ

428 3796 561 3857 finis
598 3796 661 3858 in
697 3809 997 3876 tempore,
1036 3817 1187 3878 opus
1226 3804 1369 3861 vero
1409 3818 1513 3861 seu
1556 3801 1924 3876 ἀποτέλεσμα
1964 3798 2022 3859 in
2061 3798 2249 3878 gloria
2287 3808 2524 3859 aeterna
2562 3802 2616 3859 ὅτ
2657 3800 2842 3858 salute
2879 3796 3180 3857 Ecclesiae
3201 3815 3331 3873 per-

432 3876 835 3939 fectissimum.
874 3878 1131 3940 Ratione
1170 3879 1383 3958 prioris
1424 3880 1621 3955 modi,
1660 3880 1841 3940 Filius
1880 3883 2014 3940 Rex
2055 3888 2144 3939 est
2183 3878 2508 3938 secundum
2547 3888 2842 3939 naturam:
2885 3878 3111 3937 ratione
3131 3886 3326 3954 poste-

428 3956 629 4035 rioris,
688 3958 1013 4019 secundum
1070 3960 1461 4020 voluntariam
1522 3958 1997 4037 dispositionem:
2060 3958 2287 4019 ratione
2343 3958 2640 4035 vtriusque
2678 3976 2852 4018 verus
2899 3959 3091 4016 Deus:
3135 3962 3330 4033 neqtoe

426 4036 587 4098 enim
626 4036 935 4115 posteriori
972 4040 1028 4098 ὅτ
1067 4038 1374 4101 abiectiori
1412 4040 1577 4119 regni
1612 4041 1797 4100 modo
1846 4058 2092 4118 regnare
2129 4049 2332 4117 posset
2345 4084 2362 4115 ,
2402 4038 2450 4098 si
2491 4040 2654 4098 Deus
2693 4056 2817 4098 non
2858 4047 3030 4097 esset.

514 4118 607 4177 26.
688 4117 864 4178 Nunc
903 4120 981 4180 ad
1021 4118 1301 4181 attributa
1340 4129 1729 4195 transeamus,
1768 4123 1847 4181 ab
1886 4119 1979 4179 his
2017 4117 2316 4179 transituri
2353 4118 2430 4177 ad
2472 4136 2674 4196 opera.
2719 4117 2819 4177 Sic
2856 4126 3068 4176 autem¹
3093 4118 3332 4176 conclu-

430 4196 647 4258 dimus.
688 4198 801 4258 Cui
840 4198 1169 4260 essentialia
1205 4197 1483 4261 attributa
1520 4198 1855 4260 tribuuntur
1890 4199 2122 4267 omnia.
2163 4198 2350 4259 immo
2391 4199 2486 4257 vel
2520 4196 2758 4257 vnicum
2772 4242 2788 4274 ,
2829 4196 2926 4257 ille
2965 4214 3139 4257 verus
3167 4198 3332 4257 Deus

402 4288 549 4369 τρῖς
589 4276 839 4338 essentia
876 4280 1035 4339 enim
1078 4281 1134 4340 ὅτ
1172 4279 1454 4341 attributa
1492 4280 1695 4341 omnia
1734 4283 1789 4341 ὅτ
1828 4278 2056 4359 singula
2096 4297 2160 4339 re
2199 4277 2359 4338 idem
2397 4288 2560 4355 sunt,
2601 4275 2852 4337 essentia
2878 4276 3078 4337 vnica:
3122 4276 3334 4337 Essen-

429 4356 593 4418 ualia
644 4367 843 4419 autem
900 4360 1179 4422 attributa
1238 4359 1574 4421 tribuuntur
1634 4359 1813 4421 Filio:
1854 4376 2026 4421 verus
2065 4358 2239 4437 igitur
2278 4360 2444 4419 Deus
2481 4369 2586 4419 est.
2649 4360 2697 4418 I.
2760 4354 2969 4417 Vnitas
3006 4356 3330 4495 secundum

3025 4454 3190 4499 essen
3219 4454 3334 4496 1am
