3923 4875
612 335 722 398 232
1541 331 1867 378 russas
1925 331 2580 381 rnaotoorcas.

610 496 919 570 negamus)
966 495 1069 553 sed
1110 511 1290 570 quam
1330 495 1493 554 Deus
1532 496 1591 554 δι
1630 495 1815 554 homo
1856 505 1945 554 est
1985 493 2042 555 in
2087 493 2308 554 vnitate
2349 513 2666 572 personae,
2707 495 2938 554 duabus
2977 495 3196 556 naturis
3235 495 3536 589 insepara-

610 572 804 633 biliter
847 573 1047 634 vnitis:
1089 577 1247 634 recte
1287 575 1446 634 enim
1487 573 1676 651 inquit
1714 575 2100 652 Athanasius3
2147 574 2495 636 Creaturam
2539 597 2652 634 non
2695 577 3013 634 adoramus
3027 619 3046 648 ,
3087 577 3194 634 sed
3229 576 3422 634 Deum
3469 580 3532 636 iu

609 673 786 713 carne
824 662 1041 714 creata.
1098 653 1233 713 Siue
1272 653 1528 732 denique
1568 654 1645 713 ad
1685 653 1966 732 Spiritum
2005 655 2288 714 Sanctum
2329 659 2520 716 solum
2536 700 2554 732 ,
2593 654 2696 732 qui
2731 665 2794 714 vt
2833 673 2946 715 nos
2985 673 3158 716 orare
3197 656 3408 732 docet,
3451 655 3536 716 ita

610 730 786 794 nobis
827 732 1131 794 orantibus
1171 734 1375 794 omnia
1416 733 1693 794 salutaria
1733 734 1895 794 dona
1932 733 2247 796 distribuit.

687 831 745 888 3.
826 815 1020 872 Deum
1073 825 1269 874 autem
1310 816 1505 876 solum
1547 812 1949 874 inuocandum
1991 833 2148 890 esse,
2191 832 2330 874 cum
2369 813 2624 874 maxime
2665 815 3010 874 mandatum
3048 813 3318 874 diuinum
3339 859 3358 890 ,
3405 833 3534 891 quo

606 893 718 953 sibi
776 893 887 952 soli
946 911 1085 952 eum
1146 896 1441 954 honorem
1480 893 1659 954 tribui
1697 892 1913 974 voluit3
1967 895 2154 956 Enoch
2199 915 2296 954 2ο.
2337 893 2628 956 ostendit.
2673 905 2798 954 tum
2839 893 2989 954 ratio
3029 894 3252 954 euincit
3291 893 3536 954 euiden—

606 971 845 1032 tissime.
906 973 1061 1032 Nam
1118 973 1177 1032 in
1230 973 1568 1034 inuocando
1610 972 1721 1033 tria
1761 941 2202 1072 desiderantum,
2245 973 2426 1050 scire,
2466 975 2650 1050 velle,
2692 992 2886 1051 posse.
2947 972 3109 1034 Scire
3149 974 3536 1034 necessitates

608 1063 839 1112 nostras
877 1055 1038 1113 solus
1076 1055 1241 1114 Deus
1282 1065 1477 1132 potest
1516 1054 1695 1115 etiam
1736 1055 1874 1114 cum
1916 1073 2040 1114 non
2081 1052 2368 1132 petimus,
2409 1057 2463 1116 81
2507 1056 2682 1131 plene
2723 1052 3054 1131 perspicere
3082 1056 3220 1114 cum
3241 1054 3530 1131 petimus:

610 1131 750 1209 quia
812 1133 937 1210 ipse
992 1134 1155 1194 solus
1216 1133 1581 1212 Omniscius,
1642 1135 1863 1211 vbique
1922 1153 2204 1212 praesens
2219 1177 2237 1208 ,
2297 1137 2353 1195 δι
2391 1133 2664 1194 cordium
2706 1133 3028 1211 penetralia
3071 1133 3308 1212 inspicit
3345 1152 3534 1202 vnusz.

611 1213 784 1273 Rom.
826 1217 883 1273 8.
926 1231 1021 1288 27.
1062 1213 1177 1274 Ies.
1221 1217 1317 1288 64
1363 1235 1415 1274 2.
1460 1215 1633 1275 Solus
1673 1216 2008 1294 voluntate,
2047 1213 2325 1291 singulari
2365 1215 2578 1292 mod0,
2619 1215 2674 1274 δι
2718 1212 2996 1273 distincto
3035 1225 3202 1290 actu,
3243 1215 3322 1273 ad
3353 1213 3536 1274 nobis

614 1292 1103 1354 benefaciendum
1146 1296 1508 1372 propendet,
1552 1293 1689 1371 quia
1728 1294 1899 1354 Pater
1940 1305 2048 1356 est.
2087 1295 2261 1354 Solus
2301 1295 2560 1372 denique
2599 1293 2869 1385 petitioni
2887 1305 3126 1354 nostrae
3147 1304 3342 1371 potest
3363 1294 3534 1353 satis-

610 1373 803 1433 facere
818 1418 837 1450 ,
877 1372 1017 1450 quia
1055 1373 1465 1452 Omnipotens.
1508 1374 1744 1451 Quibus
1784 1375 1931 1434 haec
1967 1393 2090 1436 non
2119 1385 2466 1452 competunt
2501 1367 2714 1434 frust'ra
2731 1373 2864 1450 quis
2883 1371 3150 1434 oratione
3173 1373 3538 1451 interpellet,

610 1455 667 1514 δι
707 1451 898 1512 surdis
938 1453 1103 1529 quod
1143 1453 1202 1514 in
1244 1455 1565 1532 prouerbio
1606 1453 1820 1516 dicitur
1859 1466 2056 1514 narret
2094 1455 2374 1545 fabulam.

686 1553 744 1606 4.
826 1533 955 1592 Nec
1014 1533 1230 1595 sufficit
1292 1537 1488 1596 Deum
1548 1536 1741 1594 solum
1800 1534 2115 1608 inuocare,
2175 1533 2284 1594 nisi
2349 1533 2542 1612 ipsum
2581 1534 2760 1594 talem
2799 1533 3146 1594 inuocemus
3183 1535 3424 1610 qualem
3461 1552 3535 1593 se

604 1611 869 1672 inuocari
912 1614 1097 1674 voluit
1137 1617 1191 1676 δι
1234 1633 1307 1675 eo
1350 1616 1553 1676 modo.
1596 1616 1807 1674 Mattlc.
1857 1631 1947 1691 15.
1989 1635 2046 1693 9.
2087 1615 2284 1674 Deum
2327 1613 2482 1674 enim
2502 1633 2608 1691 per
2627 1613 2914 1692 imagines
2933 1630 3310 1690 nequaquam
3329 1615 3534 1674 colen-

606 1693 781 1764 dum,
823 1710 1164 1770 expressum
1207 1696 1320 1755 Dei
1360 1694 1419 1755 in
1461 1697 1593 1773 lege
1636 1696 1982 1756 mandatum
2023 1693 2214 1772 cogit:
2280 1693 2526 1754 Denter.
2571 1715 2626 1767 4.
2675 1695 2764 1754 16.
2817 1695 3014 1754 Eaeod.
3057 1712 3154 1754 ao.
3197 1714 3252 1766 4.
3299 1695 3356 1754 δι
3400 1693 3533 1771 ipse

606 1791 669 1832 se
708 1772 956 1851 exprimi
995 1791 1119 1834 non
1157 1793 1335 1851 posse
1374 1793 1498 1835 non
1542 1792 1660 1834 vno
1702 1774 1761 1834 in
1802 1776 1941 1835 loco
1984 1773 2330 1852 grauissimo
2372 1775 2764 1852 demonstrat,
2816 1775 2963 1832 Esa.
3026 1792 3123 1846 40.
3191 1777 3282 1833 18.
3344 1781 3536 1850 seque

611 1854 825 1912 fortem
865 1853 922 1911 &
962 1870 1231 1914 seuerum
1272 1853 1590 1915 maiestatis
1627 1871 1767 1914 suae
1807 1855 2103 1915 vindicem
2143 1855 2400 1914 futurum
2441 1853 2500 1913 in
2533 1871 2670 1914 eum
2691 1854 3022 1930 profitetur,
3055 1853 3322 1930 quisquis
3340 1854 3534 1913 hono-

609 1951 735 1992 rem
775 1932 909 1991 Deo
944 1932 1056 1994 soli
1094 1933 1361 1994 debitum
1398 1935 1475 1994 ad
1516 1933 1800 2026 imagines
1838 1933 2208 1994 deriuauerit.
2248 1933 2448 1993 Dictat
2487 1934 2564 1994 ad
2605 1935 2752 1994 haec
2791 1932 2942 1992 ratio
2963 1935 3144 2010 longe
3163 1951 3296 1994 esse
3323 1935 3530 1994 absur-

607 2011 942 2088 dissimum,
1000 2013 1355 2074 immensum
1408 2015 1553 2074 illud
1607 2017 1663 2074 &
1702 2013 1996 2074 infinitum
2038 2014 2151 2074 Dei
2191 2031 2412 2074 numen
2428 2058 2445 2091 ,
2485 2014 2652 2090 quod
2691 2031 2756 2074 se
2797 2013 2856 2073 in
2899 2012 3252 2073 manufactis
3291 2011 3530 2090 templis

607 2090 873 2152 habitare
934 2104 1137 2171 negat,
1200 2097 1331 2154 Act.
1406 2114 1429 2152 1
1442 2113 1495 2170 7.
1560 2114 1652 2167 24.
1699 2094 1913 2174 exiguo
1952 2092 2100 2174 ligni
2139 2105 2240 2153 aut
2279 2093 2704 2170 qualiscunque
2746 2091 3021 2152 materiae
3061 2110 3242 2153 manu
3287 2093 3534 2153 artificis

608 2172 979 2251 elaboratae,
1018 2192 1273 2251 corpore
1312 2177 1462 2235 velle
1504 2174 1833 2254 exprimere
1870 2181 2064 2252 eoque
2103 2173 2616 2235 circumscribere.
2659 2175 2799 2233 cum
2838 2171 3056 2250 vbique
3095 2191 3376 2249 praesens
3417 2172 3534 2250 sit,

609 2253 665 2310 δι
709 2218 1098 2328 praesentiam
1141 2253 1266 2314 eius
1304 2255 1470 2315 nullo
1510 2274 1635 2314 non
1676 2256 1813 2315 loco
1856 2257 1911 2314 δι
1952 2265 2222 2344 tempore
2263 2254 2336 2314 sit
2375 2254 2863 2314 animaduertere.

691 2347 743 2408 5.
827 2335 881 2390 A
942 2351 1097 2410 quo,
1159 2334 1213 2395 δι
1272 2335 1582 2412 quomodo
1624 2335 1945 2410 petendum
1987 2335 2092 2412 sit,
2135 2333 2414 2394 vidimus:
2456 2349 2617 2393 nunc
2657 2333 2804 2411 quid
2837 2331 3162 2410 petendum
3201 2331 3532 2391 videamus.

607 2412 678 2472 Id
720 2429 832 2471 nos
874 2411 996 2489 ipse
1037 2415 1328 2475 Dominus
1370 2427 1602 2493 noster,
1644 2413 2064 2493 perfectissima
2098 2413 2196 2473 illa
2213 2411 2484 2475 oratione
2504 2411 2868 2491 compendio
2889 2411 3124 2489 docuit,
3155 2413 3366 2473 Matth.
3389 2413 3448 2471 6.
3471 2432 3530 2489 9.

607 2491 827 2552 Omnia
888 2493 1158 2554 videlicet
1199 2513 1352 2571 quae
1392 2496 1611 2587 gloriae
1655 2494 1766 2556 Dei
1805 2494 2031 2573 primo,
2073 2494 2289 2554 deinde
2329 2494 2503 2554 etiam
2546 2496 2710 2554 bono
2752 2504 2957 2554 nostro
3001 2490 3358 2569 inseruiunt,
3399 2490 3530 2551 siue

608 2573 770 2632 bona
830 2573 1003 2633 nobis
1065 2586 1361 2651 petamus,
1422 2576 1545 2636 siue
1608 2576 1763 2635 mala
1804 2576 2213 2652 deprecemur.
2295 2574 2467 2650 Quae
2507 2583 2706 2633 autem
2745 2574 2912 2633 bono
2952 2583 3158 2633 nostro
3199 2570 3528 2631 inseruiunt

605 2652 863 2728 duplicia
904 2665 1056 2713 sunt.
1114 2674 1250 2715 nam
1292 2666 1392 2714 aut
1433 2654 1751 2748 spiritualia
1792 2664 1926 2714 sunt
1967 2658 2023 2715 δι
2061 2654 2293 2714 animae
2333 2664 2572 2714 nostrae
2612 2652 2936 2713 inseruiunt
2975 2651 3170 2730 primo
3211 2654 3268 2712 δι
3309 2650 3519 2729 princi-

606 2733 842 2810 paliter,
882 2732 1080 2810 qualia
1119 2745 1255 2794 sunt
1294 2736 1493 2795 omnia
1532 2734 1787 2828 Spiritus
1820 2735 2024 2795 Sancti
2061 2735 2254 2811 dona,
2295 2734 2510 2810 quibus
2551 2736 2690 2793 cum
2731 2735 2978 2793 salutem
3017 2744 3280 2792 nostram
3320 2750 3530 2809 opera-

610 2829 774 2891 mur,
837 2824 961 2872 tum
1016 2814 1267 2874 aliorum
1309 2814 1536 2877 vtilitati
1574 2814 1955 2877 inseruimus:
1997 2823 2100 2874 aut
2137 2826 2274 2873 sunt
2313 2813 2646 2891 corporalia
2683 2813 2745 2873 ιιι
2787 2830 2958 2873 vsum
2997 2812 3150 2872 vitae
3189 2821 3428 2872 nostrae
3468 2812 3532 2871 ιιι

610 2893 729 2951 hoc
792 2894 1015 2953 mundo
1076 2904 1449 2973 comparata,
1511 2902 1698 2972 eaque
1759 2906 1860 2954 aut
1923 2892 2252 2953 necessaria
2311 2904 2412 2953 aut
2452 2894 2805 2971 commoda,
2865 2891 3091 2969 priuata
3129 2901 3232 2951 aut
3271 2892 3529 2969 publica.

608 2972 781 3047 Quae
830 2973 1103 3033 vniuersa
1154 2977 1292 3035 cum
1334 2975 1508 3035 nobis
1548 2975 1719 3052 ipsis,
1770 2986 1895 3035 tum
1936 2972 2212 3051 proximo
2253 2992 2327 3032 ex
2367 2972 2663 3033 charitatis
2701 2974 2758 3032 δι
2797 2972 3164 3033 Christianae
3201 2970 3532 3031 communi-

609 3052 743 3111 onis
784 3054 988 3130 regula
1026 3054 1656 3131 petimus.l.pl1es.6.
1708 3058 1797 3113 18.
1838 3056 1970 3113 Act.
2014 3072 2104 3112 12.
2128 3068 2179 3129 5.
2225 3054 2396 3113 Haec
2435 3054 2513 3113 de
2551 3051 2852 3113 Orationis
2891 3049 3328 3111 constitutione.

683 3134 739 3191 6.
824 3134 1071 3193 Rectam
1114 3139 1256 3195 vero
1299 3134 1535 3194 Orantis
1577 3136 2002 3226 dispositionem
2045 3132 2358 3210 dupliciter
2397 3132 2868 3193 consideramus.
2912 3131 3230 3207 internam,
3262 3134 3319 3192 &
3339 3140 3530 3191 exter-

604 3230 761 3273 nam.
821 3214 1129 3273 Internum
1191 3214 1602 3291 intelligimus,
1644 3214 1847 3273 Animi
1886 3212 2107 3273 orantis
2148 3212 2666 3291 constitutionem,
2706 3211 2768 3271 in
2808 3210 3096 3273 relatione
3133 3210 3215 3271 ad
3253 3212 3450 3271 Deum
3491 3214 3532 3269 a

604 3308 729 3367 quo
771 3291 1021 3369 petitur:
1063 3294 1121 3353 ιιι
1164 3313 1282 3371 qua
1320 3294 1446 3354 duo
1486 3292 1858 3385 potissimum
1902 3292 2338 3369 desideramus3
2377 3290 2624 3369 Inopiae
2647 3256 3078 3351 conscientiam
3098 3293 3154 3351 δι
3175 3289 3533 3368 impetrandi

606 3370 901 3433 fiduciam.
945 3373 1189 3462 Inopiae
1231 3374 1684 3449 conscientiam,
1723 3372 1861 3451 quia
1901 3374 2020 3433 hoc
2061 3388 2264 3432 verum
2306 3383 2394 3431 est
2433 3374 2510 3432 ad
2552 3372 2845 3433 orandum
2876 3369 3357 3447 incitamentum,
3389 3372 3530 3429 cum

605 3449 835 3510 animus
896 3451 1131 3530 inopiae
1191 3472 1330 3513 suae
1372 3458 1426 3516 δι
1466 3453 1744 3515 nuditatis
1784 3452 2090 3529 consciuS,
2129 3472 2308 3529 opem
2348 3452 2464 3511 Dei
2503 3450 2928 3543 omnipotentis
2967 3450 3271 3527 implorat.
3314 3450 3528 3509 Mami.

616 3552 639 3589 1
657 3550 706 3622 ι.
752 3536 845 3592 28.
908 3534 1072 3593 Psal.
1120 3553 1250 3610 143.
1298 3555 1349 3593 2.
1412 3534 1648 3594 Ηοιιιιιι
1691 3535 1853 3593 Deus
1891 3553 1954 3593 se
1995 3536 2158 3592 certo
2201 3532 2415 3593 certius
2455 3530 2784 3592 orationem
2826 3528 3159 3591 auditurum
3200 3536 3530 3606 eorumque

608 3609 866 3671 misereri
900 3614 1050 3673 velle
1094 3616 1415 3690 profitetur.
1457 3611 1823 3691 Impetrandi
1862 3616 2002 3673 vero
2046 3612 2356 3690 fiduciam,
2397 3615 2588 3672 Marc.
2640 3631 2730 3671 ιι.
2777 3630 2869 3684 24.
2911 3610 3051 3688 quia
3087 3608 3233 3669 nihil
3273 3608 3386 3669 nisi
3423 3628 3532 3685 per

611 3690 787 3753 fidem
848 3691 1159 3770 impetrare
1213 3709 1527 3795 possumus
1542 3738 1561 3769 ,
1614 3694 1757 3753 certi
1798 3694 1996 3752 Deum
2027 3695 2092 3783 ‚⁸²
2133 3692 2366 3752 Patrem
2407 3702 2673 3753 nostrum
2715 3691 2774 3749 ιιι
2815 3708 3081 3750 amorem
3143 3689 3330 3751 nostri
3387 3707 3532 3779 pro-

608 3769 825 3831 cliuem
886 3772 1119 3850 omnia,
1181 3776 1317 3834 cum
1361 3772 1593 3833 animae
1636 3783 1759 3831 tum
1802 3770 2042 3850 corpori
2081 3770 2440 3849 necessaria,
2479 3771 3022 3849 suppeditaturum,
3061 3768 3200 3859 quia
3238 3766 3529 3860 promisit.

607 3850 724 3910 Sed
778 3853 1283 3929 quemadmodum
1336 3851 1595 3931 duplicia
1640 3865 1775 3913 sunt
1825 3870 1978 3931 quae
2027 3850 2311 3929 petimus,
2359 3850 2680 3928 spiritualia
2729 3854 2786 3911 δι
2836 3848 3199 3928 corporalia:
3248 3850 3330 3908 ita
3369 3847 3531 3907 circa

605 3931 756 3990 haec
795 3932 1011 3992 fiducia
1050 3943 1251 3995 nostra
1293 3932 1494 3993 variat.
1548 3933 1657 3992 Illa
1698 3933 1857 3993 enim
1901 3930 2230 3993 indubitata
2271 3930 2486 3991 fiducia
2527 3932 2780 4008 petenda
2819 3940 2982 4007 sunt,
3023 3948 3134 3989 nos
3171 3926 3420 3989 omnino
3455 3946 3534 3987 ea

604 4028 734 4070 esse
788 4010 1233 4089 impetraturos.
1290 4016 1439 4073 haec
1476 4016 1619 4072 vero
1662 4012 1879 4072 fiducia
1916 4010 2263 4072 conditione
2303 4010 2574 4089 limitata,
2615 4028 2728 4071 nos
2767 4020 2895 4071 tum
2935 4011 2998 4085 (f.
3051 4012 3243 4099 1703.)
3285 4008 3534 4068 demum

608 4106 679 4147 ea
714 4088 1169 4181 impetraturos,
1210 4094 1346 4153 cum
1386 4094 1551 4153 Deus
1595 4111 1665 4151 ea
1708 4092 1882 4153 nobis
1920 4090 2251 4152 necessaria
2290 4090 2641 4169 cognouerit
2671 4101 2772 4151 aut
2791 4088 2951 4150 vtilia
2964 4088 3114 4168 ,qui
3131 4106 3280 4149 vnus
3305 4087 3533 4178 optime

605 4166 909 4230 vtilitatem
957 4184 1217 4233 nostram
1260 4172 1427 4233 nouit
1466 4172 1733 4265 operari3
1777 4174 1991 4233 Matth.
2033 4173 2088 4231 6.
2132 4175 2188 4230 8.
2229 4172 2285 4231 81
2327 4170 2587 4231 aduersis
2626 4188 2802 4248 saepe
2845 4180 3077 4230 exercet
3115 4179 3294 4245 atque
3315 4166 3536 4227 excitat

616 4250 649 4307 ὲ
696 4258 937 4310 veterno
978 4254 1310 4312 mundanae
1351 4252 1693 4311 securitatis

694 4346 743 4405 7.
833 4332 1163 4391 Externum
1215 4333 1437 4393 orantis
1469 4331 1917 4411 dispositionem
1959 4330 2020 4394 ιιι
2061 4330 2290 4391 duabus
2331 4332 2506 4391 rebus
2543 4326 2916 4407 potissimum
2957 4326 3432 4390 consideramus.
3417 4326 3536 4467 ‚bin

3337 4426 3440 4467 ver
3485 4426 3538 4467 is
