3923 4875
544 331 657 394 150
1467 331 1797 374 ‘tunsus
1855 329 2514 376 THROLOGICAR.

622 494 726 552 IV.
810 493 1183 568 Subiectum,
1226 509 1330 554 seu
1370 491 1615 553 materia
1654 492 1813 554 circa
1850 509 2063 570 quam.
2105 503 2192 552 est
2231 493 2517 553 mundus:
2556 511 2674 568 qua
2715 511 2866 552 voce
2885 491 2946 550 in
2965 491 3085 552 hoc
3103 505 3453 572 argumento

545 592 669 633 non
722 574 957 634 coelum
1008 577 1099 648 (vt
1152 583 1381 634 veteres
1427 589 1877 664 nonnumquam
1936 575 2058 631 κατ’
2117 573 2346 647 stow)
2393 575 2450 634 &
2502 583 2720 632 terram
2778 571 2983 650 simul,
3043 584 3146 632 aut
3183 574 3456 636 homines

546 651 681 712 trita
722 653 1126 730 synecdoche,
1168 652 1275 714 sed
1316 670 1515 714 rerum
1554 651 1996 714 vniuersitatem
2037 669 2140 711 seu
2179 651 2512 712 vniuersam
2531 650 2684 712 coeli
2703 652 2964 730 solique,
2996 655 3052 711 δι
3057 669 3460 744 ‚quaecunque

548 747 753 793 eorum
792 734 1109 811 complexu
1148 732 1527 794 continentur
1566 751 1921 810 compagem
1960 730 2394 792 ornatissimam
2433 735 2489 792 δι
2529 730 2848 792 inanimem
2889 731 3283 810 intelligimus.
3323 737 3456 794 Ma-

544 810 691 872 teria
728 816 869 874 vero
910 831 984 872 ex
1022 829 1142 890 qua
1179 814 1342 874 Deus
1382 812 1673 874 mundum
1714 812 1937 890 effecit,
1977 813 2138 872 nulla
2177 810 2302 871 fuit.
2345 813 2464 872 Sed
2505 811 2632 889 ipse
2671 821 2900 872 vastam
2931 811 3122 890 illam,
3155 814 3366 873 rudem
3397 817 3454 874 δι

543 891 891 970 indigestam
916 895 1181 984 molem,
1222 909 1401 970 quam
1442 893 1645 952 Moses
1684 895 1771 966 (vt
1804 857 2113 969 analogice
2155 890 2446 966 dicamus)
2486 893 2626 951 tohu
2666 894 2721 952 δι
2759 891 2911 949 ὐοΙιιι
2931 901 3139 969 vocat,
3171 893 3248 952 de
3268 892 3452 954 nihilo

546 983 772 1050 creata,
830 971 1103 1033 vniuersa
1160 988 1314 1049 quae
1374 981 1509 1033 sunt
1569 971 1631 1031 in
1670 973 1785 1032 hac
1825 981 2038 1031 natura
2079 975 2134 1031 δι
2173 969 2452 1050 existunt,
2493 989 2594 1032 sex
2633 969 2842 1032 diebus
2881 970 3151 1032 condidit
3188 977 3244 1033 δι
3283 974 3455 1034 effor-

545 1051 742 1112 mauit.
804 1053 945 1112 Non
986 1051 1151 1130 qued
1190 1061 1391 1130 egeret
1428 1061 1697 1129 tempore
1734 1053 1815 1112 ad
1853 1049 2326 1112 efformationem
2364 1068 2593 1130 rerum,
2636 1060 2740 1110 aut
2777 1050 2956 1141 qued.
2981 1049 3202 1126 alioqui
3247 1051 3454 1112 virium

542 1131 778 1193 defectu
817 1074 1256 1223 defatigaretur3
1296 1149 1501 1192 verum
1542 1141 1605 1191 vt
1646 1147 1783 1192 cum
1824 1139 1988 1193 certo
2031 1129 2310 1222 consilio,
2352 1097 2593 1192 ratione
2617 1131 2674 1189 δι
2713 1128 2996 1206 sapientia
3034 1130 3240 1190 fecisse
3253 1151 3455 1222 ,appa-

542 1223 712 1272 reret.
753 1177 1256 1273 Praeexistentem
1290 1216 1435 1273 vere
1476 1211 1701 1271 nullam
1742 1208 2143 1289 agnoscimus.
2185 1209 2325 1288 quia
2363 1211 2502 1271 cum
2522 1211 2686 1272 Deus
2707 1211 2868 1270 solus
2886 1219 3157 1270 aeternus
3175 1209 3267 1269 δι
3249 1230 3459 1272 ιιιιιιιιι-

540 1291 734 1353 tabilis
773 1291 877 1370 sit,
919 1291 1237 1368 omniaque
1276 1291 1401 1351 sine
1440 1289 1790 1370 exceptione
1820 1307 2016 1366 eoque
2046 1291 2102 1350 &
2135 1289 2440 1350 materiam
2471 1289 2838 1366 condiderit,
2875 1289 3137 1366 sequitur
3169 1291 3454 1351 mundum

541 1391 663 1432 ιιοιι
716 1391 789 1432 ex
830 1371 1072 1432 materia
1112 1371 1307 1448 aliqua
1348 1381 1615 1447 aeterna,
1658 1371 1845 1431 multo
1886 1369 2082 1429 minus
2121 1388 2195 1428 ex
2234 1370 2349 1430 Dei
2389 1369 2667 1448 essentia,
2713 1379 2775 1428 vt
2815 1379 2958 1446 pote
2997 1369 3426 1460 simplicissima
3442 1415 3460 1448 ,

542 1450 793 1528 infinita,
848 1451 1228 1529 immutabili,
1282 1451 1387 1511 sed
1438 1454 1471 1510 e
1527 1448 1741 1541 nihilo,
1798 1461 2082 1526 tanquam
2133 1449 2412 1528 termin0,
2454 1449 2722 1527 potentia
2761 1448 2878 1510 Dei
2915 1447 3188 1510 extitisse.
3253 1451 3460 1528 Itaque

541 1531 825 1609 quicquid
863 1541 951 1591 est
989 1531 1168 1610 illud,
1208 1541 1309 1592 aut
1344 1527 1685 1591 immediate
1724 1540 1789 1590 vt
1828 1531 2096 1607 coelum,
2136 1539 2318 1607 terra,
2359 1528 2588 1608 anima,
2627 1527 2872 1606 Angeli,
2917 1538 3019 1588 aut
3037 1529 3292 1590 mediate
3311 1529 3458 1590 aliae

543 1632 637 1672 res
674 1629 910 1684 omnes,
952 1577 1177 1672 ratione
1216 1609 1441 1688 primae
1482 1608 1789 1688 materiae,
1830 1619 2190 1687 promanant
2228 1629 2300 1670 ex
2339 1609 2544 1670 nihilo.
2585 1609 2804 1700 Quare
2827 1608 3026 1668 tritum
3061 1608 3207 1670 illud
3225 1609 3464 1670 axioma

543 1691 1067 1782 philosophorum,
1106 1692 1213 1750 Eoe
1255 1691 1434 1748 nihilo
1475 1689 1631 1748 nihil
1650 1691 1765 1768 fit,
1805 1691 1926 1750 huc
1967 1709 2090 1750 non
2137 1691 2414 1766 quadrat·
2457 1689 2597 1767 quia
2608 1687 2970 1780 ‘principium
2989 1688 3135 1749 illud
3155 1689 3232 1749 de
3252 1689 3460 1749 ordine

542 1769 789 1832 naturali
826 1789 1035 1830 verum
1075 1779 1163 1830 est
1201 1767 1261 1830 in
1302 1778 1511 1828 natura
1550 1735 1899 1848 constituta,
1942 1769 2004 1829 in
2045 1768 2461 1830 constituenda
2480 1767 2739 1830 minime.
2781 1771 2934 1828 Nam
2957 1768 3156 1828 omnia
3175 1767 3462 1847 principia

545 1853 623 1912 ad
680 1849 1165 1910 constitutionem
1220 1845 1612 1908 vniuersitatis
1674 1848 1847 1910 huius
1863 1894 1880 1925 ,
1942 1851 2068 1909 sola
2129 1866 2235 1909 sua
2277 1849 2542 1928 potentia
2579 1849 2772 1910 effecit
2810 1849 2974 1908 Deus
3013 1857 3258 1926 propter
3294 1848 3462 1910 boni-

546 1941 729 1991 tatem
775 1945 960 1989 suam.

624 2012 698 2069 V.
782 2010 1003 2068 Forma
1034 2019 1123 2069 est
1154 2005 1601 2068 innumerabilis
1630 2007 1729 2068 illa
1762 2009 2111 2087 multitud0,
2144 2008 2527 2070 admirandus
2559 2007 2746 2087 ordo,
2779 2007 3148 2086 pulchraque
3167 2006 3464 2069 distinctio

546 2110 617 2150 ac
672 2088 981 2150 diuersitas
1027 2089 1297 2150 omnium
1346 2087 1769 2178 essentiarum,
1820 2091 1897 2150 ab
1956 2107 2076 2148 vno
2131 2098 2265 2149 ente
2319 2089 2512 2166 primo
2528 2133 2546 2167 ,
2587 2089 2887 2182 perfecte,
2925 2105 3194 2165 summo,
3235 2087 3464 2168 sapien-

547 2167 1087 2247 (f.1632.)tissimo
1100 2214 1119 2246 ,
1158 2187 1268 2248 pro
1311 2167 1497 2229 libera
1534 2165 1717 2245 ipsius
1759 2170 2094 2245 voluntate,
2135 2171 2190 2229 δι
2230 2167 2460 2229 infinita
2478 2169 2743 2230 bonitate
2763 2167 3166 2245 sapientiaque
3183 2171 3463 2244 perfecta.

548 2247 831 2310 Consistit
868 2259 1063 2310 autem
1101 2249 1251 2310 haec
1291 2251 1484 2309 forma
1522 2247 1621 2307 vel
1657 2247 1885 2310 interne
1926 2248 1986 2308 in
2025 2249 2228 2309 abdita
2266 2247 2523 2309 vniuersi
2563 2257 2806 2328 natura,
2847 2248 2937 2307 vel
2981 2249 3219 2308 externe
3258 2247 3317 2308 in
3349 2249 3464 2308 dis-

546 2329 851 2408 putatione
892 2330 1157 2390 omnium
1196 2329 1479 2430 partium,
1520 2335 1647 2386 tum
1688 2329 1749 2388 in
1788 2348 1879 2408 se,
1920 2340 2048 2388 tum
2085 2327 2236 2388 inter
2267 2347 2330 2389 se
2361 2328 2751 2389 ornatissima:
2787 2293 2942 2386 vnde
2983 2328 3197 2404 κόσμος
3218 2327 3464 2388 Graecis

546 2409 905 2489 appellatur,
966 2413 1117 2490 παρὰ
1160 2409 1227 2469 τὸ
1270 2413 1497 2487 κοσμεῖν
1539 2409 1571 2466 ὁ
1614 2413 1684 2468 τὰ
1731 2413 1918 2469 πάντα
1960 2409 2027 2467 ἐν
2070 2408 2261 2498 ἑαυτῷ
2307 2407 2452 2482 ἔχων
2494 2408 2906 2485 κεκοσμημένα.
2967 2407 3222 2483 Eijmtol.
3262 2429 3458 2484 magn.

545 2493 795 2551 Aristot.
816 2490 903 2547 de
940 2491 1192 2551 Mundo.
1233 2490 1287 2549 δι
1327 2486 1833 2566 quemadmodum
1875 2487 2092 2549 Graeci
2133 2494 2348 2564 κόσμον
2379 2486 2712 2549 ornamenti
2731 2486 2974 2548 nomine
2994 2488 3462 2564 appellauerunt.

546 2570 630 2631 ita
667 2588 806 2648 nos,
844 2572 881 2629 a
919 2570 1181 2646 perfecta
1221 2569 1607 2644 absolutaque
1647 2568 1968 2647 elegantia,
2009 2568 2323 2627 Mundum.
2365 2570 2522 2627 Plin.
2566 2569 2646 2627 lib
2711 2588 2762 2625 2.
2804 2586 2851 2627 c.
2896 2586 2956 2643 3.

620 2652 725 2709 VI.
808 2647 1139 2710 Creationis
1201 2652 1383 2739 porrd
1441 2650 1595 2709 duae
1654 2658 1791 2709 sunt
1821 2659 2054 2739 parteS‚
2095 2646 2414 2739 productio
2455 2651 2511 2708 &
2551 2612 2858 2725 dispositio
2901 2646 3346 2723 sapientissima.
3389 2666 3464 2707 ex

544 2728 759 2808 quibus
797 2727 1158 2789 admirabilis
1198 2727 1315 2789 Dei
1354 2724 1651 2789 Creatoris
1690 2726 2062 2805 bonitas,sa
1997 2726 2310 2805 sapientia,
2349 2728 2616 2805 potentia
2655 2726 2920 2803 elucent,
2961 2742 3220 2803 quorum
3237 2724 3464 2805 agnitio

546 2818 601 2876 δι
641 2812 961 2877 celebratio
1002 2812 1135 2875 finis
1180 2812 1513 2874 Creationis
1552 2838 1601 2902 ῳ
1650 2831 1754 2875 seu
1794 2813 2032 2875 vltimus
2072 2812 2292 2874 existit:
2337 2814 2656 2891 respiciunt
2695 2812 2854 2873 enim
2894 2808 3148 2889 gloriam
3195 2812 3337 2881 Dei,
3383 2811 3466 2872 ad

544 2913 721 2973 quam
763 2894 963 2954 omnia
1000 2912 1153 2971 quae
1194 2892 1437 2954 condita
1476 2908 1615 2957 sunt
1650 2895 1706 2954 δι
1748 2896 1919 2965 fiunt,
1963 2893 2086 2953 ιιιιὸ
2129 2892 2304 2954 etiam
2339 2896 2495 2955 salus
2529 2894 2878 2967 electorum,
2913 2892 3264 2952 referuntur.
3307 2890 3470 2951 Finis

540 2982 757 3043 deinde
798 3000 874 3043 ου
918 2997 1023 3039 seu
1060 2979 1395 3070 proximuS,
1436 2990 1553 3059 est,
1594 2990 1657 3040 vt
1697 2980 1953 3039 mundus
1995 2990 2147 3039 esset
2185 2980 2480 3057 perfectus
2494 3024 2513 3059 ,
2553 2994 2748 3056 eoque
2787 2976 2866 3037 ad
2904 2979 3213 3055 proprium
3233 2976 3474 3057 generis

542 3059 785 3121 humani
798 3106 815 3139 ,
877 3058 1193 3150 praecipue
1255 3063 1397 3119 vero
1458 3026 1763 3121 Ecclesiae
1824 3076 1929 3119 seu
1984 3060 2307 3120 electorum
2367 3076 2538 3120 vsum
2597 3058 3082 3119 accommodatus
3131 3073 3466 3133 eorumque

546 3140 719 3202 saluti
756 3139 1103 3199 inseruiens.
1894 3166 1913 3183 ν

618 3222 755 3279 vn.
836 3220 1065 3279 Effecta
1105 3218 1431 3279 Creationis
1471 3218 1655 3280 duum
1696 3228 1832 3279 sunt
1871 3236 2174 3295 generum.
2217 3218 2354 3279 Alia
2391 3229 2528 3279 sunt
2564 3222 2813 3297 ἀόρατα,
2847 3215 2961 3277 alia
2981 3218 3182 3296 Apeva.
3217 3215 3471 3306 Ἀόρπα

542 3308 678 3361 sunt
716 3316 868 3375 quae
908 3317 1022 3359 nec
1064 3297 1329 3359 sensibus
1370 3298 1666 3375 obnoxia,
1706 3316 1821 3358 nec
1861 3309 2026 3358 extra
2067 3298 2314 3358 verbum
2355 3298 2470 3359 Dei
2509 3316 2586 3358 an
2623 3298 2770 3375 sint,
2813 3296 2942 3375 vbi,
2982 3296 3164 3375 quid,
3201 3300 3257 3356 δι
3277 3294 3474 3372 qualia

544 3378 659 3440 sint
720 3382 880 3438 recte
940 3378 1233 3438 sciuntur:
1292 3388 1355 3437 vt
1398 3378 1767 3439 domicilium
1808 3379 2149 3456 beatorum,
2191 3379 2252 3438 h.
2294 3397 2346 3438 e.
2387 3388 2452 3438 vt
2491 3376 2789 3469 Scriptura
2827 3376 3128 3454 loquitur,
3167 3378 3336 3436 locus
3375 3374 3474 3433 ille

544 3480 713 3597 2251?
698 3456 2097 3614 ⁶AEQ23⁶0tn¹320s⁶oeffim.¹3203333⁸
2107 3455 3010 3629 Αῃῖἓιιέῗωιῗέωξῖξζέἶωὲἔῑ
3035 3422 3476 3612 &Quane

541 3616 1033 3695 conspiciendum
1072 3616 1319 3707 praebet
1358 3616 1433 3676 de
1477 3618 1630 3679 facie
1672 3619 1751 3677 ad
1794 3616 2029 3678 faciem.
2069 3618 2162 3677 De
2197 3618 2564 3708 Angelorum
2583 3616 2900 3678 Creatione
2909 3660 2930 3689 ,
2970 3615 3080 3676 etsi
3099 3633 3293 3691 neque
3309 3614 3468 3691 apud

544 3700 779 3759 Mosem
792 3743 809 3773 ,
849 3713 1046 3775 neque
1086 3714 1148 3756 m
1186 3704 1317 3757 toto
1357 3698 1436 3756 V.
1476 3700 1551 3757 T.
1592 3700 1904 3789 expresse
1912 3698 2014 3756 fiat
2051 3696 2308 3776 menti0,
2349 3708 2544 3757 tamen
2590 3697 2701 3757 sub
2721 3696 2963 3757 nomine
2983 3694 3132 3756 caeli
3149 3694 3284 3755 illos
3305 3712 3472 3753 com-

546 3776 833 3855 prehendi
873 3776 1142 3838 dicimus.
1187 3776 1335 3835 Sunt
1374 3787 1575 3838 autem
1616 3778 1709 3855 lu,
1754 3776 2029 3856 Spiritus,
2073 3778 2239 3837 Psal.
2283 3798 2411 3851 104
2434 3798 2490 3850 4.
2531 3778 2727 3837 Hebr.
2755 3796 2806 3837 1.
2834 3796 2923 3849 14.
2945 3794 3164 3853 magno
3183 3790 3434 3835 numero
3451 3818 3469 3849 ,

544 3860 711 3918 Dan.
757 3876 809 3933 7.
860 3878 951 3919 10.
1012 3856 1237 3916 Mami.
1286 3858 1377 3915 26.
1423 3874 1517 3934 53.
1584 3858 1743 3918 Heb.
1794 3876 1883 3915 12.
1931 3876 2024 3917 22.
2065 3858 2122 3916 &
2164 3866 2330 3918 certo
2371 3856 2613 3935 ordine,
2655 3858 2872 3937 Ephes.
2919 3877 2968 3916 1.
3015 3874 3105 3914 21.
3153 3856 3370 3918 coloss.
3417 3874 3467 3913 1.

552 3937 641 3995 16.
711 3958 761 3996 2.
814 3938 1051 4010 The.4.
1102 3938 1197 3995 16.
1240 3936 1435 4013 primo
1478 3936 1611 4015 die,
1650 3956 1727 3997 ex
1762 3935 1949 3997 nihilo
1992 3938 2028 3995 a
2066 3938 2200 3999 Deo
2240 3937 2454 4009 creati,
2493 3939 2615 3997 Iob.
2651 3940 2746 4012 38.
2773 3957 2828 4009 4.
2853 3954 2906 4011 7.
2947 3937 3113 3995 Psal.
3141 3955 3228 4009 14.
3252 3937 3308 3993 8.
3333 3954 3468 4011 2.3.

544 4016 797 4092 praediti
856 4028 983 4077 tum
1042 4014 1257 4077 eximia
1315 4017 1596 4077 facultate
1658 4015 2053 4095 intelligendi,
2113 4020 2168 4077 &
2227 4016 2553 4096 iudicandi,
2612 4027 2739 4077 tum
2797 4016 2858 4076 vi
2899 4013 3082 4075 libere
3121 4012 3380 4105 eligendi
3413 4017 3470 4074 δι

542 4095 861 4171 respuendi
920 4097 1013 4155 vel
1076 4097 1307 4155 bonum
1366 4097 1463 4156 vel
1524 4098 1747 4157 malum
1762 4141 1779 4174 ,
1842 4096 2240 4158 immutabiles
2296 4095 2624 4157 secundum
2677 4094 3022 4173 essentiam,
3062 4097 3116 4155 δι
3157 4091 3470 4155 mutabiles

546 4174 877 4235 secundum
940 4194 1068 4236 esse
1110 4176 1203 4235 vel
1240 4175 1555 4252 qualitates
1592 4176 1877 4253 ipsorum.
1940 4175 2026 4235 Hi
2065 4186 2166 4235 aut
2203 4175 2350 4236 boni
2389 4186 2556 4252 sunt,
2595 4186 2697 4235 aut
2737 4174 2894 4237 mali.
2953 4173 3048 4235 nli
3084 4184 3222 4235 sunt
3259 4172 3361 4253 qui
3407 4174 3470 4233 in

542 4251 817 4327 veritate,
881 4254 941 4314 ιιι
1001 4270 1123 4331 qua
1184 4256 1419 4315 fuerunt
1458 4260 1495 4315 a
1537 4258 1673 4317 Deo
1725 4254 1937 4334 creati,
1979 4255 2387 4334 perstiterunt,
2427 4255 2545 4315 Dei
2584 4254 2775 4334 gratia
2811 4267 2956 4317 tunc
2994 4254 3079 4314 sic
3119 4254 3369 4345 firmati,
3403 4264 3470 4313 vt

541 4350 747 4393 verum
809 4336 865 4393 δι
928 4333 1187 4393 bonum
1210 4336 1441 4395 tantum
1487 4346 1827 4397 constanter
1866 4338 2397 4419 amplecterentur,
2437 4336 2495 4394 δι
2533 4350 2693 4397 nune
2731 4335 2813 4397 ita
2851 4298 3369 4473 ιιοιιιιιτιιιιιι,ἀνιῇ2
3351 4352 3472 4395 iam

3260 4432 3294 4474 e
3333 4430 3470 4472 cere
