3923 4875
1367 359 1694 404 russas
1752 359 2411 406 rnnonoercan.
3220 349 3332 424 287

406 523 516 586 sed
554 521 708 586 illius
747 522 982 586 alterius
1021 540 1174 602 quae
1211 522 1273 583 in
1314 521 1618 601 Scriptura
1657 521 1920 582 Mundus
1958 530 2241 583 venturus
2281 541 2355 583 ex
2394 521 2670 602 analogia
2712 524 3018 585 communi
3051 535 3337 588 vocatur:

407 606 638 666 Marta.
683 625 776 666 12.
817 623 915 682 32.
978 603 1173 664 Hebr.
1221 623 1274 665 2.
1317 619 1373 682 5.
1413 601 1524 664 etsi
1561 601 1738 664 variis
1780 615 1963 680 atque
2002 602 2321 664 horrendis
2360 603 2615 665 vocibus
2656 603 3045 665 adumbratur
3084 605 3341 684 passim:

405 694 661 746 vocatur
721 683 878 747 enim
937 694 1212 762 stagnum
1253 684 1468 744 ardens
1505 681 1646 761 igne
1685 687 1742 745 δι
1780 683 2095 761 sulphure,
2138 702 2376 756 carcer,
2423 683 2677 744 exterius
2716 685 3094 746 tenebrarum
3114 731 3132 765 ,
3173 688 3343 749 locus

407 775 870 844 tormentorum,
911 774 971 826 et
1009 762 1317 825 communi
1353 761 1600 824 nomine
1640 763 1900 825 infernus
1940 764 2037 824 vel
2074 763 2249 823 inferi
2267 809 2286 842 ,
2326 774 2601 842 respectu
2620 763 2793 825 Coeli
2811 765 3126 826 beatorum
3151 767 3341 828 sedis:

409 847 662 925 Apocal.
686 865 780 908 20.
805 862 861 922 7.
887 865 977 908 10.
1000 848 1057 906 δε
1080 863 1174 906 21.
1196 847 1253 906 8.
1294 844 1518 904 Matth.
1543 847 1600 903 8.
1631 863 1722 905 12.
1771 845 1910 904 Luc.
1947 845 2039 903 16.
2066 862 2159 922 23.
2199 844 2447 925 Apocal.
2487 864 2538 903 1.
2580 847 2670 906 18.
2714 843 2929 922 quibus
2970 846 3343 940 nominibus,

409 944 536 986 non
573 935 697 988 tam
736 926 889 986 illius
927 925 1072 986 situs
1111 924 1184 1001 (si
1223 923 1288 984 id
1329 923 1656 1002 exceperis,
1717 923 1885 1002 quod
1943 933 2113 984 extra
2171 926 2265 985 vel
2315 924 2457 986 soris
2509 923 2745 1000 dieitur)
2801 929 2981 1002 quam
3022 925 3177 987 illius
3224 930 3343 988 loci

411 1005 664 1084 qualitas
725 1005 1056 1084 miseraque
1113 1021 1324 1067 eorum
1382 1003 1652 1066 conditio
1711 1003 1817 1082 qui
1857 1002 2059 1064 insunt
2102 1003 2472 1084 designatur,
2532 1015 2715 1083 atque
2752 1004 2851 1065 hic
2890 1004 3133 1082 quidem
3172 1009 3341 1070 locus

413 1088 708 1147 malorum
746 1088 1145 1165 Angelorum,
1185 1083 1629 1162 infideliumque
1669 1085 2004 1145 animarum
2046 1085 2387 1146 communis
2427 1095 2553 1146 est:
2615 1085 2695 1146 de
2734 1095 2903 1145 certo
2945 1090 3087 1147 vero
3126 1107 3200 1148 ac
3239 1090 3341 1149 de·

410 1164 727 1228 terminato
767 1166 892 1228 eius
931 1164 1048 1228 situ
1087 1174 1363 1226 constare
1403 1182 1526 1225 non
1564 1175 1784 1242 potest.
1845 1163 1918 1224 Id
1942 1173 2142 1225 tamen
2166 1163 2451 1228 credibile
2472 1175 2563 1227 est
2578 1211 2595 1246 ,
2630 1175 2760 1226 toto
2781 1166 2947 1227 caelo
2968 1169 3005 1226 a
3022 1169 3339 1230 beatorum

413 1247 558 1307 sede
596 1247 692 1308 vel
729 1245 1006 1325 paradiso
1047 1255 1341 1307 remotum
1381 1261 1529 1306 esse.
1785 1273 1792 1280 ·
2040 1279 2045 1282 ·

497 1345 588 1401 14„
667 1329 932 1406 Tempus
969 1337 1167 1388 autem
1208 1322 1535 1386 durationis
1573 1321 1878 1400 vtriusque
1917 1333 2102 1386 status
2142 1327 2239 1387 vel
2284 1324 2647 1387 conditionis
2690 1325 2843 1386 illius
2858 1371 2877 1405 ,
2939 1327 3180 1406 proprie
3220 1347 3345 1389 non

411 1415 678 1486 tempus,
717 1408 826 1469 sed
864 1424 1078 1469 aeuum
1117 1406 1387 1466 Patribus
1427 1423 1500 1464 ex
1541 1403 1844 1480 scripturis
1885 1404 2069 1466 sacris
2110 1407 2363 1480 (Matth.
2408 1425 2497 1466 12.
2535 1425 2633 1484 32.
2674 1408 2869 1466 Marc.
2922 1426 3011 1469 10.
3054 1427 3153 1485 30.
3196 1410 3347 1468 Luc.

419 1489 510 1548 18.
547 1490 672 1565 32.)
710 1487 818 1548 fuit
855 1489 1250 1566 appellatum,
1292 1484 1458 1563 quod
1497 1495 1586 1545 est
1623 1490 1730 1546 τοῦ
1771 1489 1979 1552 αἰῶνος
2019 1485 2364 1562 milzenos,
2405 1485 2467 1546 id
2506 1496 2595 1547 est
2632 1486 2765 1547 aeui
2786 1485 2915 1548 siue
2939 1488 3125 1549 futuri
3157 1489 3339 1549 seculi

411 1567 753 1645 proprium:
815 1571 1273 1644 numeratur-que
1325 1565 1465 1625 inde
1514 1565 1593 1625 ab
1633 1565 1766 1642 ipso
1807 1564 1906 1624 die
1945 1565 2334 1642 separationis
2375 1565 2608 1627 animae
2647 1567 2703 1626 δε
2743 1567 3015 1644 corporis
3057 1570 3138 1629 ad
3175 1569 3338 1630 diem

411 1663 601 1724 vsque
637 1648 802 1708 illum
841 1664 965 1726 quo
1006 1645 1208 1708 omnia
1245 1663 1503 1724 corpora
1540 1643 1872 1705 admirabili
1893 1645 2009 1705 Dei
2029 1645 2296 1722 potentia
2315 1648 2353 1705 a
2374 1647 2623 1708 mortuis
2644 1646 2921 1708 suscitata
2940 1665 3083 1708 suae
3103 1647 3340 1710 animae

413 1738 758 1806 recepturae
795 1738 934 1790 sunt
972 1726 1035 1788 in
1073 1726 1358 1788 vnitatem
1397 1743 1724 1804 personae:
1783 1733 1849 1784 vt
1899 1723 2151 1785 eaedem
2207 1725 2436 1787 scilicet
2488 1746 2777 1806 personae
2838 1729 3178 1789 mercedem
3230 1728 3347 1790 sibi

413 1807 766 1868 destinatam
804 1811 842 1868 a
881 1825 1116 1870 summo
1157 1805 1354 1867 iudice
1395 1804 1633 1866 Christo
1667 1802 1997 1882 percipiant
2012 1849 2031 1884 ,
2072 1821 2253 1882 quam
2287 1805 2354 1872 (f.
2382 1811 2559 1886 1750)
2590 1808 2931 1869 mercedem
2960 1808 3193 1870 animae
3224 1809 3345 1870 iam

415 1897 560 1948 ante
597 1899 902 1967 separatae
941 1893 980 1948 a
1017 1887 1372 1965 corporibus
1411 1903 1524 1964 pro
1563 1901 1670 1945 sua
1710 1903 1991 1944 mensura
2030 1895 2308 1962 expertae
2349 1886 2585 1949 fuerint.

499 1981 591 2046 15.
670 1971 869 2046 Atque
927 1969 1049 2028 hoc
1108 1967 1350 2046 quidem
1411 1975 1542 2027 toto
1602 1964 1993 2041 separationis
2053 1976 2325 2042 tempore
2344 2011 2363 2046 ,
2438 1977 2656 2029 statum
2716 1966 3049 2029 animarum
3113 1968 3343 2048 piarum

415 2047 844 2139 impiarumque
883 2067 1032 2110 non*
1049 2047 1261 2108 mutari
1275 2092 1292 2127 ,
1354 2047 1461 2106 sed
1501 2045 1756 2106 eundem
1799 2063 2039 2123 semper
2080 2063 2321 2107 manere
2363 2047 2677 2110 asserimus
2696 2093 2715 2128 ,
2753 2059 2933 2127 prout
2972 2049 3161 2110 seculi
3198 2069 3345 2110 ven-

411 2137 526 2188 tun
565 2127 628 2189 in
665 2131 832 2207 quod
869 2127 1232 2206 recipiuntur
1273 2139 1553 2187 constans
1593 2136 1683 2185 est
1720 2143 1956 2202 semper
2000 2124 2149 2185 ratio
2194 2127 2251 2186 δι
2294 2127 2699 2190 immutabilis,
2758 2131 2967 2205 Itaque
3009 2131 3065 2190 δι
3106 2130 3343 2190 Pontifi-

416 2206 646 2270 ciorum
686 2209 968 2289 dogmata
1005 2227 1128 2269 non
1171 2206 1487 2285 recipimus
1520 2206 1598 2266 de
1639 2203 1858 2265 Limbo
1895 2197 1952 2265 ἃ
1983 2205 2121 2283 igne
2143 2207 2489 2284 purgatorio
2507 2254 2525 2287 ,
2548 2209 2650 2272 vbi
2673 2208 2901 2270 animas
2921 2208 3337 2271 defunctorum

411 2287 490 2348 ad
539 2298 772 2368 tempus
831 2299 1090 2350 statuunt
1151 2286 1557 2365 commorari3
1617 2286 1674 2345 &
1713 2301 1922 2344 eorum
1964 2284 2109 2346 item
2149 2284 2253 2364 qui
2295 2285 2379 2348 illi
2419 2287 2657 2350 diuinae
2697 2287 2931 2349 veritati
2973 2306 3335 2368 quocunque

411 2367 595 2429 modo
633 2369 1038 2430 aduersantur.
1098 2387 1150 2428 1.
1192 2367 1296 2446 qui
1333 2366 1559 2427 animas
1598 2363 1836 2425 interire
1875 2365 2155 2426 sentiunt.
2218 2385 2270 2426 2.
2314 2367 2419 2447 qui
2459 2367 2724 2429 dormire
2766 2387 2867 2430 eas
2906 2379 3046 2448 post
3086 2381 3339 2432 mortem

411 2460 735 2527 nugantur,
775 2450 838 2511 in
869 2448 1312 2512 resurrectionis
1341 2448 1578 2509 vltimae
1606 2446 2037 2524 expectatione.
2070 2465 2126 2523 3.
2156 2447 2257 2525 qui
2282 2450 2811 2527 μετονσωμᾶτωσιν
2841 2450 3315 2527 Empedocleam
3328 2497 3346 2530 ,

413 2540 516 2589 aut
567 2535 1022 2606 μησμψύχωσιν
1071 2530 1507 2608 Pythagoream
1559 2542 1697 2587 cum
1755 2526 2070 2587 Cabalistis
2111 2528 2429 2589 somniant.
2472 2548 2531 2603 4.
2576 2529 2803 2589 animas
2844 2528 3108 2592 fidelium
3145 2534 3184 2590 a
3222 2530 3342 2592 suis

414 2610 720 2669 laboribus
758 2610 878 2670 illic
915 2608 1408 2687 requiescentium
1454 2618 1664 2685 putant
1702 2604 1800 2666 hic
1843 2605 1904 2666 in
1943 2605 2116 2667 terris
2156 2608 2437 2668 oberrare
2451 2652 2468 2687 ,
2532 2608 2868 2671 viuentibus
2907 2628 3230 2691 apparere,
3277 2612 3334 2673 δι

417 2688 495 2749 de
551 2687 888 2767 particulari
945 2688 1185 2751 illorum
1242 2699 1395 2750 statu
1455 2704 1856 2766 cognoscere:
1915 2705 2058 2747 nam
2105 2686 2217 2748 etsi
2256 2686 2486 2767 integra
2526 2690 2913 2768 perfectaque
2954 2690 3345 2769 intelligentia

415 2770 472 2829 δι
516 2770 820 2831 voluntate
859 2779 1028 2849 sunt,
1087 2788 1212 2831 non
1250 2768 1512 2847 sequitur
1553 2768 1614 2829 in
1655 2782 1853 2827 rerum
1891 2766 2104 2827 harum
2144 2767 2489 2846 cognitione
2531 2769 2588 2828 &
2632 2770 2829 2830 studio
2873 2770 3095 2832 versari
3140 2772 3343 2833 beatas

417 2847 546 2909 illas
565 2860 819 2942 menteS,
838 2850 1006 2929 quasi
1023 2854 1062 2911 a
1079 2850 1297 2911 summi
1315 2848 1468 2910 illius
1489 2846 1634 2909 boni
1653 2845 2160 2924 contemplatione
2172 2893 2191 2928 ,
2212 2847 2659 2929 communione,
2683 2852 2739 2909 δι
2760 2852 2953 2911 fructu
2974 2853 3345 2933 aberrarent3

417 2928 522 2989 sed
554 2940 781 2991 contra:
797 2950 858 2991 m
891 2930 993 2991 illa
1019 2932 1284 3009 perfecta
1314 2928 1591 2992 felicitate
1621 2934 1983 3005 summoque
2014 2928 2181 2989 bono
2214 2929 2477 3006 perfecte
2510 2928 2961 3008 conquiescere.

419 3366 608 3429 LVII.
668 3368 792 3427 DE
852 3367 1172 3429 STATV
1229 3368 1622 3429 ANIMAE
1673 3368 1918 3431 POST
1976 3369 2340 3431 CARNIS
2392 3370 3340 3434 RESVRRECTIONEM.

1675 3564 2001 3625 Tussis
2062 3566 2115 3627 1.

497 3740 754 3799 Arnim:
806 3740 843 3797 a
895 3756 1149 3817 corpore
1193 3748 1494 3832 separatae
1551 3750 1734 3801 status
1781 3758 1972 3820 nuper
2019 3752 2109 3803 est
2148 3740 2491 3835 explicatus.
2556 3742 2837 3804 Succedit
2876 3752 3061 3806 status
3100 3744 3335 3807 animae

419 3829 554 3897 post
589 3817 1111 3899 resurrectionem,
1151 3838 1224 3881 ex
1263 3830 1415 3880 iusta
1453 3820 1758 3883 method0.
1817 3824 1878 3881 Is
1909 3821 2119 3882 natura
2149 3823 2393 3899 quidem
2421 3838 2528 3883 sua
2562 3822 2882 3885 difficiliori
2912 3834 3003 3884 est
3042 3824 3335 3903 explicatu

419 3900 476 3958 δι
513 3900 841 3960 humanum
881 3910 1150 3961 nostrum
1191 3910 1431 3978 captum
1471 3900 1722 3961 excedit.
1785 3902 1904 3962 Sed
1945 3904 2084 3963 cum
2124 3902 2187 3961 in
2225 3920 2296 3962 ea
2337 3919 2491 3981 quae
2532 3904 2830 3981 patefacta
2870 3914 3007 3964 sunt
3047 3904 3224 3966 nobis
3266 3905 3342 3967 sit

418 3978 614 4040 sobrie
667 3979 1113 4059 inquirendum,
1175 3980 1535 4058 inquiremus
1592 3980 1738 4057 quid
1797 3980 2131 4042 necessaria
2182 3981 2609 4060 consequentia
2660 3984 2738 4044 de
2788 3986 2905 4045 hac
2954 3994 3079 4045 tam
3119 3985 3306 4046 ardua
3329 4030 3348 4066 ,

417 4061 473 4120 δε
512 4058 750 4121 sublimi
789 4060 1162 4139 quaestione,
1200 4060 1391 4138 possit
1428 4059 1544 4121 Dei
1582 4063 1772 4122 verbo
1812 4071 2211 4141 congruenter
2248 4072 2309 4123 et
2348 4062 2780 4125 conuenienter
2814 4063 3021 4125 statui.

500 4157 554 4199 2.
633 4140 831 4201 Status
861 4140 1093 4201 animae
1132 4150 1270 4219 post
1307 4140 1796 4203 resurrectionem
1839 4152 1930 4203 est
1968 4142 2141 4203 tertia
2180 4142 2283 4203 illa
2322 4145 2377 4203 &
2416 4152 2717 4221 postrema
2756 4143 2991 4205 animae
3038 4143 3306 4226 conditio
3320 4192 3339 4227 ,

413 4235 532 4296 qua
569 4218 846 4280 nimirum
885 4218 947 4279 in
989 4220 1294 4281 communi
1331 4220 1434 4281 illa
1471 4220 1903 4283 resurrectione
1918 4266 1937 4301 ,
1968 4222 2071 4281 illa
2105 4220 2344 4301 corpori
2374 4242 2485 4284 suo
2522 4223 2644 4301 (cui
2672 4222 2735 4284 in
2770 4234 2905 4287 ortu
2926 4224 3035 4287 fuit
3053 4224 3335 4287 diuinitus

416 4298 638 4359 infusa:
678 4304 716 4361 a
755 4318 879 4377 quo
919 4298 980 4360 in
1019 4311 1212 4360 morte
1252 4300 1334 4362 ad
1372 4309 1607 4378 tempus
1641 4306 1934 4382 separata)
1968 4301 2181 4363 iterum
2211 4303 2477 4365 manebit
2506 4305 2845 4365 coadunata
2864 4323 3019 4367 nexu
3040 4326 3115 4367 ex
3134 4306 3339 4367 diuina

419 4379 793 4441 ordinatione
825 4382 1001 4458 plane
1021 4378 1420 4441 indissolubili
1441 4382 1496 4441 δι
1519 4392 1792 4462 aeterno,
1815 4392 1877 4445 vt
1897 4382 1958 4443 in
1978 4381 2091 4443 isto
2113 4400 2222 4443 suo
2244 4394 2397 4445 statu
2416 4384 2641 4447 aeterni
2662 4384 2776 4447 Dei
2795 4384 3047 4466 gloriam
3067 4386 3339 4447 illustret.

2822 4485 2879 4544 3.
2960 4465 3339 4527 Coadunatio
