3923 4875
1353 333 1681 384 'russas
1740 333 2398 385 Tnnonoorcan.
3205 325 3316 404 183

420 523 531 564 nec
575 501 773 564 videre
812 497 1034 579 potuit,
1076 515 1229 574 quae
1270 509 1407 559 sunt
1431 499 1609 577 ipsius
1630 499 1863 577 spiritus
1885 503 1949 576 (f.
1979 503 2174 578 1660.)
2192 502 2350 578 Dei.)
2371 501 2432 561 in
2454 505 2754 562 voluntate
2777 519 3014 579 prorsus
3033 521 3328 582 peruersa,

419 603 491 643 ac
530 587 568 643 a
606 585 741 643 Deo
782 599 991 641 auersa
1030 578 1441 639 rectitudinem
1456 625 1474 658 .,
1515 581 1571 638 &
1612 579 1674 639 in
1715 580 2022 641 affectibus
2061 599 2281 641 nouam
2322 581 2690 642 sanctitatem
2725 593 2917 663 creat;
2949 583 3031 643 ita
3049 584 3147 643 ille
3166 584 3326 644 idem

422 673 512 724 est
549 663 651 740 qui
689 660 903 722 mentis
942 657 1303 720 illuminatae
1336 657 1635 720 actionem
1677 659 1737 719 in
1760 663 2182 738 cognoscendo
2205 665 2259 720 δι
2278 661 2596 722 voluntatis
2615 661 3014 723 sanctificatae
3033 663 3328 724 actionem

421 743 481 802 in
521 741 939 820 amplectendo
978 739 1599 816 apprehendendoque
1637 741 1833 799 Deum
1873 739 1935 799 in
1975 739 2212 800 Christo
2247 741 2647 819 principaliter
2685 751 2980 819 operatur.

508 843 598 882 10.
679 820 865 897 Quod
904 828 1102 879 autern
1142 821 1261 880 hoc
1297 819 1687 897 Euangelium
1730 837 1854 878 non
1894 819 1969 880 sit
2011 821 2088 882 ab
2129 820 2466 883 hominibus
2485 837 2673 899 nuper
2691 821 2997 882 inuentum
3017 825 3074 882 δι
3092 825 3326 902 fictum,

422 903 529 964 sed
582 900 900 978 antiquitus
946 897 1249 959 Ecclesiae
1298 901 1621 959 reuelatum
1670 918 1743 958 ac
1797 917 2033 977 semper
2083 899 2144 958 in
2184 919 2256 960 ea
2295 911 2586 961 retentum
2599 947 2622 980 ,
2659 901 2945 962 habemus
2988 905 3074 978 (vt
3116 903 3326 964 missos

421 981 635 1042 faciam
674 979 909 1042 Veteris
946 977 1313 1039 Testamenti
1348 979 1517 1040 locos
1557 982 1709 1055 pene
1750 977 2008 1040 infinitos
2022 1023 2041 1057 ,
2083 981 2266 1040 fidem
2299 980 2424 1041 eius
2455 983 2614 1040 clare
2635 981 2938 1058 facientes)
2957 983 3095 1042 cum
3117 1001 3326 1061 graues

422 1059 910 1138 authenticosque
968 1067 1174 1119 testes:
1238 1069 1365 1118 tum
1401 1058 1659 1118 rationes
1696 1061 1734 1118 a
1773 1058 1831 1118 S.
1873 1058 2176 1136 Scriptura
2221 1059 2502 1121 deductas
2542 1060 2918 1122 firmissimas.
2961 1063 3127 1140 quod
3169 1063 3326 1123 enirn

421 1142 549 1219 ipse
588 1139 853 1202 Christus
890 1137 1033 1198 dicit
1070 1137 1305 1198 Iudaeis
1342 1133 1697 1198 incredulis?
1738 1137 2072 1215 Scripturae
2111 1149 2246 1199 sunt
2291 1158 2447 1218 quae
2484 1151 2773 1202 testantur
2811 1141 2890 1202 de
2926 1160 3041 1202 me.
3075 1146 3132 1202 δι
3151 1145 3326 1220 paulo

423 1229 590 1300 post:
632 1220 704 1280 Si
738 1221 1047 1279 crederetis
1088 1219 1287 1296 Masi,
1324 1219 1632 1276 crederetis
1670 1219 1817 1275 milri
1825 1263 1843 1296 ,
1882 1239 2022 1277 nam
2059 1221 2157 1278 ille
2194 1222 2262 1278 dc
2295 1240 2382 1280 me
2405 1223 2657 1298 scripsit.
2698 1219 2860 1297 Quid
2884 1221 2996 1300 ipsi
3015 1219 3328 1300 Apostoli?

423 1303 629 1360 Petrus
667 1297 749 1360 ait
783 1299 862 1359 de
900 1297 1019 1358 hoc
1059 1297 1259 1360 salutis
1296 1297 1622 1374 Euangelio
1660 1295 2029 1372 inquisiuisse
2069 1300 2125 1359 ὅτ
2165 1310 2456 1360 scrutatos
2501 1319 2628 1361 esse
2667 1303 3026 1380 Prophetas,
3065 1303 3188 1363 imo
3226 1321 3332 1362 eos

424 1379 823 1440 testimonium
882 1377 1019 1438 huic
1074 1376 1312 1438 Christo
1352 1376 1585 1436 dedisse
1624 1375 2028 1438 remissionem
2068 1391 2453 1455 peccatorum
2496 1391 2877 1458 accepturum
2921 1381 3190 1458 quemuis
3229 1383 3332 1460 qui

424 1457 740 1520 crediderit
790 1457 851 1518 in
900 1474 1056 1517 eum.
1118 1458 1331 1516 Paulus
1382 1456 1643 1516 similiter
1693 1455 1774 1516 ait
1816 1457 1937 1516 hoc
1991 1457 2381 1536 Euangelium
2435 1465 2574 1520 ante
2613 1459 2970 1538 promissum
3009 1463 3185 1523 fuisse
3224 1482 3330 1540 per

424 1539 749 1616 Prophetas
784 1537 847 1598 in
886 1535 1203 1614 Scripturis
1241 1535 1489 1597 Sanctis.
1547 1538 1722 1598 Ioan.
1764 1551 1820 1612 5.
1860 1556 1959 1610 40.
1999 1539 2096 1610 46.
2157 1540 2286 1598 Act.
2331 1558 2390 1615 3.
2436 1543 2527 1599 18.
2573 1541 2648 1600 &⁶
2693 1560 2784 1600 10.
2823 1560 2922 1617 43.
2961 1545 3136 1603 Rom.
3185 1562 3236 1603 1.
3270 1563 3324 1602 2.

513 1639 537 1676 1
552 1638 602 1677 1.
681 1617 918 1679 Deinde
932 1662 949 1696 ,
1010 1616 1061 1678 si
1112 1635 1237 1676 non
1273 1617 1487 1676 frustra
1523 1617 1689 1676 Deus
1731 1614 1849 1676 iam
1890 1615 2034 1676 olim
2069 1636 2178 1694 per
2215 1618 2578 1696 expiationes
2615 1622 2673 1680 &
2712 1620 2996 1681 sacrificia
3036 1621 3225 1682 voluit
3263 1641 3326 1682 se

424 1696 539 1758 illis
597 1707 824 1776 patrem
878 1695 1109 1776 testari,
1154 1714 1264 1756 nec
1302 1697 1515 1756 frustra
1554 1697 1671 1756 hoc
1710 1697 1895 1756 modo
1934 1695 2049 1755 sibi
2086 1699 2376 1774 populum
2418 1699 2752 1760 consecrari
2766 1745 2784 1778 ‚
2825 1701 2986 1761 haud
3026 1701 3206 1762 dubie
3244 1720 3332 1762 se-

426 1776 623 1854 quitur
660 1776 723 1838 in
760 1777 967 1838 eadem
1007 1775 1261 1867 imagine
1306 1775 1483 1836 fuisse
1522 1774 1827 1852 cognitum
1866 1775 2168 1836 Christum
2181 1821 2198 1854 ‚
2240 1777 2300 1836 in
2342 1796 2461 1855 qua
2501 1796 2660 1840 nunc
2698 1781 2879 1858 pleno
2910 1782 3140 1858 fulgore
3156 1781 3332 1841 nobis

427 1867 691 1935 apparet.
749 1859 889 1918 Non
929 1856 1090 1916 enim
1133 1865 1215 1916 1ta
1254 1856 1487 1916 fuerunt
1526 1853 1743 1932 stupidi
1781 1874 1853 1914 ac
1892 1855 2056 1915 caeci
2095 1858 2324 1936 PatreS,
2364 1869 2430 1918 vt
2467 1862 2505 1918 a
2547 1859 2775 1936 pecude
2815 1871 3069 1922 mactata
3105 1861 3338 1939 peccati

430 1936 824 2014 expiationem
882 1945 1211 2014 sperarentt,
1252 1933 1313 1994 in
1352 1945 1593 1996 externa
1630 1951 1821 2010 aquae
1858 1933 2199 2013 irrigatione
2237 1937 2468 1998 animae
2511 1940 2923 2017 purgationem
2962 1952 3336 2020 quaererent3

430 2015 675 2095 perinde
730 2036 803 2076 ac
840 2015 915 2078 si
972 2013 1193 2093 frigidis
1254 2013 1607 2076 ceremoniis
1666 2019 1976 2091 (tanquam
2027 2014 2199 2076 valde
2255 2017 2650 2079 oblectaretur
2703 2022 2887 2095 Deus)
2930 2038 3066 2081 eum
3105 2023 3340 2099 placare

432 2097 673 2156 vellent.
708 2095 847 2156 Sed
904 2096 1150 2154 vmbrae
1211 2095 1442 2154 fuerunt
1494 2097 1549 2154 δι
1590 2093 1750 2172 typi,
1789 2094 2006 2170 quibus
2045 2096 2375 2156 Ecclesiam
2415 2097 2478 2157 in
2515 2097 2759 2160 infantia
2799 2117 2906 2160 sua
2948 2103 3112 2162 Deus
3153 2101 3342 2162 voluit

433 2174 693 2253 erudire,
732 2174 959 2254 erigens
998 2185 1199 2235 tamen
1238 2193 1371 2234 eam
1408 2176 1515 2252 per
1557 2174 1737 2251 haec,
1776 2183 1841 2232 vt
1882 2173 2108 2254 media,
2148 2176 2229 2235 ad
2267 2193 2485 2253 corpus
2526 2176 2749 2258 ipsum,
2789 2180 2846 2237 δι
2865 2181 3169 2242 veritatem
3191 2193 3339 2259 typo

434 2255 847 2316 adumbratam.
863 2301 881 2333 ‚
922 2257 978 2314 δι
1017 2255 1096 2314 ad
1136 2272 1306 2331 spem
1339 2272 1461 2313 non
1495 2253 1851 2324 carnalium,
1887 2265 2281 2335 terrenorum,
2323 2258 2766 2336 temporalium,
2795 2261 2903 2320 sed
2922 2260 3308 2339 spiritualium
3325 2307 3342 2339 ,

434 2334 772 2396 caelestium
826 2339 882 2396 &
920 2343 1297 2394 aeternorum
1336 2334 1663 2413 bonorum,
1702 2332 2275 2413 immortalitatisque
2313 2337 2522 2397 beatae
2537 2381 2552 2410 ,
2595 2355 2852 2414 quorum
2869 2383 2886 2418 ,
2928 2349 2992 2399 vt
3030 2341 3167 2420 filij,
3209 2359 3342 2418 pro-

436 2413 741 2478 missiones
802 2416 1131 2476 habuerunt
1188 2411 1503 2474 nobiscum
1561 2411 1624 2473 in
1663 2412 1903 2475 Christo
1945 2413 2270 2477 mediatore
2285 2462 2302 2494 ,
2344 2435 2450 2494 per
2488 2434 2668 2495 quem
2706 2436 2828 2479 non
2871 2419 3214 2481 dubitarunt
3228 2466 3246 2499 ,
3285 2423 3341 2481 δι

436 2494 716 2571 Spiritum
774 2494 887 2557 sibi
945 2493 1337 2554 administrari
1376 2504 1441 2553 vt
1482 2495 1899 2554 benefacerent
1913 2540 1931 2573 ,
1973 2496 2029 2553 δι
2067 2494 2298 2573 ignosci
2339 2497 2571 2574 quoties
2609 2509 2954 2577 peccarent:
2997 2502 3146 2561 haec
3184 2500 3342 2561 enim

436 2574 727 2636 beneficia
764 2586 901 2635 sunt
937 2572 1157 2635 Christi
1199 2572 1261 2633 in
1299 2572 1629 2651 Euangelio
1670 2573 1875 2633 oblati.

526 2674 617 2716 12.
695 2656 818 2716 Hic
876 2658 1019 2715 vero
1081 2654 1203 2713 duo
1261 2652 1571 2713 hominum
1630 2672 1845 2731 genera
1904 2652 2247 2731 grauissime
2291 2656 2651 2738 impingunt,
2689 2657 2982 2735 Iustitiarij
3025 2658 3249 2721 scilicet
3287 2660 3343 2719 δι

441 2734 747 2815 Epicurei3
784 2733 869 2795 illi
905 2732 1146 2812 quidem
1160 2778 1177 2811 ‚
1216 2744 1533 2811 propterea
1571 2733 1737 2810 quod
1778 2752 1851 2793 ex
1890 2733 2170 2811 operibus
2210 2735 2328 2797 suis
2370 2736 2578 2798 merita
2617 2737 2818 2799 salutis
2857 2741 2913 2800 δι
2935 2756 3168 2808 caussas
3188 2739 3345 2799 iusti-

440 2814 731 2875 ficationis
789 2814 1041 2890 faciunt,
1100 2814 1295 2889 legem
1354 2822 1457 2873 aut
1503 2814 1767 2873 naturale
1806 2812 2092 2873 iudicium
2129 2815 2372 2875 rationis
2411 2836 2520 2894 pro
2561 2818 2888 2895 Euangelio
2931 2820 3246 2897 docentes3
3283 2818 3345 2878 hi

442 2897 585 2953 vero
600 2940 618 2972 ‚
658 2894 797 2972 quia
833 2893 1085 2973 gratuita
1121 2891 1532 2953 iustificatione
1569 2896 1623 2953 δι
1662 2895 1851 2953 salute
1888 2892 2208 2970 gloriantes
2249 2896 2414 2956 omni
2453 2898 2799 2976 turpitudini
2818 2918 2947 2959 sese
2964 2899 3347 2977 prostituunt,

444 2974 499 3032 δι
555 2974 973 3053 cupiditatibus
1027 2971 1219 3032 carnis
1277 2971 1571 3051 seruiunt,
1627 2981 1960 3033 euertentes
2019 2974 2138 3033 hoc
2198 2976 2382 3036 modo
2445 2977 2674 3057 vtrique
2713 2979 2986 3039 meritum
3026 2978 3244 3040 Christi
3281 2977 3344 3038 in

442 3052 770 3133 Euangelio
808 3052 1023 3132 oblati,
1062 3053 1119 3112 δι
1157 3062 1499 3130 respuentes
1538 3053 1785 3131 gratiam
1826 3044 2138 3114 salutarem
2179 3054 2321 3115 Dei:
2363 3056 2460 3117 cui
2499 3058 2686 3135 gloria
2701 3103 2718 3136 ‚
2759 3061 2974 3119 Amen.

1702 3310 2083 3324 m——nn———e

566 3535 757 3595 XXV.
837 3536 971 3595 DE
1030 3538 1723 3601 FOEDERIBVS
1784 3542 1910 3601 ET
1971 3542 2733 3606 TESTAMENTIS
2793 3545 3244 3608 DIUINIS.

1688 3745 2016 3804 Tussrs
2077 3746 2124 3805 Ι.

1184 3840 1227 3859 Ἀ

533 3930 875 3991 GENERALR
925 3932 1252 3995 vocationis
1292 3946 1529 3997 nostrae
1570 3936 1833 3997 medium
1874 3940 1930 3997 82
1970 3955 2173 3998 semen
2214 3939 2542 4016 Ecclesiae,
2583 3952 2676 4001 est
2713 3944 2964 4003 verbum
3003 3944 3148 4003 Dei:
3191 3944 3356 4005 cuius

450 4006 501 4068 si
518 4010 981 4099 ’consideremus
1018 4015 1433 4093 substantiam,
1476 4016 1664 4077 varias
1704 4019 1819 4077 Dei
1857 4036 1994 4077 cum
2034 4017 2376 4079 hominibus
2414 4020 2984 4083 communicationes
2997 4069 3014 4102 ,
3048 4025 3153 4085 ἱΙῙο
3174 4026 3356 4086 factas

450 4089 658 4169 fuisse,
716 4092 1270 4157 animaduertemus.
1329 4098 1424 4156 De
1462 4097 1553 4157 his
1594 4096 1709 4157 iam
1748 4098 1935 4157 acturi
1974 4114 2205 4176 sumuS,
2244 4116 2344 4158 eas
2385 4103 2616 4160 tantum
2655 4102 3102 4183 inuestigante3‚
3143 4106 3358 4182 quibus

451 4168 529 4228 ad
572 4168 901 4231 Ecclesiam
941 4172 1336 4251 colligendam
1374 4192 1515 4237 vsus
1554 4187 1643 4236 est
1680 4176 1778 4238 ille
1816 4176 2089 4237 coelestis
2129 4180 2313 4239 Pater.

536 4268 587 4306 2.
670 4252 755 4307 Vt
795 4270 940 4330 ergo
982 4254 1205 4331 duplex
1242 4256 1499 4315 hominis
1540 4267 1723 4317 status
1762 4276 1836 4317 ex
1878 4258 1936 4317 S.
1977 4256 2157 4317 literis
2197 4258 2554 4336 conspicuus
2575 4274 2690 4322 est:
2722 4262 2948 4341 integer
2967 4283 3040 4323 ex
3060 4266 3357 4325 creatione

458 4328 575 4389 Dei
588 4373 607 4407 ‚
648 4330 703 4388 &
746 4342 1057 4409 corruptus
1096 4352 1171 4393 ex
1212 4334 1542 4397 defectione
1582 4335 1837 4397 hominis
1878 4337 2236 4397 voluntaria:
2277 4338 2360 4399 ita
2397 4339 2648 4419 duplicis
2679 4342 3080 4421 dispositionis
3098 4348 3134 4404 a
3155 4346 3358 4405 diuina

3075 4424 3358 4503 sapientia
