3923 4875
682 271 757 340 88
1658 289 1764 336 nt
1821 289 2048 334 vitas
2108 287 2642 340 rasonooxx.

680 447 832 516 inter
870 468 932 508 se
972 448 1441 524 communicant,
1499 449 1825 509 secundum
1866 464 2048 525 quam
2089 451 2252 509 Deus
2290 449 2605 510 nobiscum
2645 469 2916 510 sermone
2952 447 3328 527 spiritualiter
3369 456 3424 514 δι
3466 474 3592 514 cor·

683 528 989 606 poraliter,
1048 537 1223 606 prout
1286 527 1397 606 ipsi
1456 529 1645 590 visum
1706 541 1821 605 est,
1882 527 2062 588 vtitur
2106 529 2184 588 ad
2241 527 2664 589 institutionem
2704 540 3004 590 nostram:
3046 533 3100 589 δι
3140 531 3590 594 instrumentalis

681 627 860 670 causa
900 609 977 669 de
1013 619 1266 684 vtroque
1304 610 1627 669 commode
1642 654 1660 685 ,
1700 620 1981 686 tanquam
2002 625 2190 686 genus
2212 608 2514 686 quoddam
2532 609 2932 686 analogicum.
2955 611 3351 686 praedicatur.
3385 615 3595 690 Neque

681 693 823 750 vero
866 687 1210 748 aduersatur
1264 686 1404 748 huic
1442 687 1657 749 rationi
1701 697 1939 749 nostrae
1953 733 1973 766 ,
2021 689 2188 766 quod
2226 707 2422 748 sermo
2461 688 2788 766 corporalis
2825 688 2968 748 foris
3006 688 3397 768 instrumenta
3431 694 3592 754 adhi-

678 770 815 848 bet,
874 784 1131 844 quorum
1192 767 1419 828 ratione
1482 767 1713 830 videtur
1772 767 2232 828 instrumentalis
2285 767 2514 828 dictus:
2557 788 2696 828 nam
2737 767 2895 828 idem
2931 767 3107 828 etiam
3148 789 3345 832 sermo
3387 772 3590 833 instru-

679 859 879 910 menta
918 865 1025 907 sua
1062 859 1304 926 vsurpat
1346 848 1501 908 intus
1515 892 1534 928 ,
1576 869 1650 908 ex
1689 847 1903 926 quibus
1944 851 2131 924 aeque
2168 847 2624 908 instrumentalis
2649 858 2768 926 est,
2791 858 2969 926 atque
2989 850 3337 926 appellatur.
3375 856 3592 914 Instru-

678 938 1016 989 mentorum
1055 927 1216 988 enim
1231 973 1249 1001 ,
1288 945 1439 1004 quae
1490 927 1569 990 ad
1614 929 1878 989 actiones
1918 937 2152 988 nostras
2205 927 2473 988 adhiberi
2513 929 2737 1006 solent,
2777 927 2892 988 alia
2930 928 3252 990 coniuncta
3283 931 3596 1010 principali

676 1025 953 1086 caussae,
996 1007 1110 1068 alia
1149 1018 1418 1083 separata
1456 1017 1626 1067 sunt:
1666 1007 2176 1084 quemadmodum
2215 1005 2276 1066 in
2314 1006 2548 1084 agendo
2593 1025 2798 1068 manus
2826 1007 3214 1067 coniunctum
3246 1009 3591 1072 instrumen-

678 1099 839 1148 tum:
880 1089 1158 1166 baculuS,
1198 1098 1534 1164 saparatum
1575 1097 1699 1148 est:
1754 1089 1825 1146 In
1864 1086 2168 1163 loquendo
2211 1086 2436 1164 lingua,
2477 1089 2768 1164 palatum,
2811 1087 3050 1165 dentes,
3092 1089 3450 1151 coniuncta:
3493 1101 3592 1152 aer

675 1184 853 1244 quem
893 1169 1297 1246 verberamuS,
1337 1177 1667 1244 separatum
1706 1176 1794 1226 est
1829 1166 2301 1226 instrumentum.
2342 1167 2674 1244 Vtrumque
2712 1175 2912 1226 autem
2943 1167 3190 1226 modum
3223 1167 3285 1228 in
3313 1170 3595 1246 spirituali

676 1265 951 1312 sermone.
1006 1265 1115 1308 suo
1160 1258 1399 1324 vsurpat
1449 1247 1611 1306 Deus
1664 1244 2008 1323 analogice:
2062 1244 2184 1304 siue
2223 1264 2495 1305 sermone
2549 1263 2688 1324 suo,
2729 1257 3011 1322 tanquam
3051 1245 3419 1310 instrumeno
3459 1271 3592 1310 ana·

678 1328 822 1405 logo
836 1372 855 1404 ,
896 1337 1088 1387 vtatur
1126 1327 1354 1388 solum:
1396 1325 1521 1386 siue
1559 1344 1893 1386 sermonem
1932 1325 2330 1403 Angelorum,
2355 1323 2491 1405 ,siue
2530 1337 2797 1386 nostrum
2829 1325 3090 1402 ipsorum
3123 1345 3422 1406 occupare
3442 1330 3595 1390 intus

673 1405 951 1468 volueris.
1010 1407 1137 1467 Stat
1190 1405 1367 1482 igitur
1412 1405 1559 1465 illud
1610 1405 1846 1464 axioma
1894 1405 2168 1464 firmum:
2221 1407 2730 1466 Instrumentalem
2785 1423 3024 1465 causam
3061 1406 3234 1466 huius
3274 1409 3596 1487 sapientiae

666 1505 792 1547 esse
830 1505 1168 1547 sermonem
1210 1483 1356 1562 Dei,
1398 1483 1906 1562 quemadmodum
1939 1483 2396 1544 instrumentalis
2435 1501 2614 1544 causa
2652 1483 2972 1562 sapientiae
3011 1483 3072 1544 in
3103 1487 3282 1548 rebus
3313 1489 3593 1550 humanis

669 1577 758 1626 est
795 1565 1049 1626 hominis
1089 1584 1283 1626 sermo
1324 1563 1593 1624 docentis
1634 1567 1689 1623 &
1720 1561 2076 1624 instituentis
2095 1564 2364 1622 alterum.
2403 1563 2510 1624 Est
2529 1575 2728 1626 autem
2748 1583 2944 1626 sermo
2970 1564 3228 1627 hominis
3250 1569 3586 1647 multiplex:

666 1646 837 1706 Vnus
896 1644 1157 1722 innatus,
1215 1661 1395 1721 quem
1456 1641 1777 1704 orthodoxi
1822 1644 2022 1702 Patres
2064 1643 2314 1718 ἔμφυτον
2353 1641 2478 1702 siue
2513 1643 2769 1712 φυσικὸν
2812 1645 3199 1721 appellarunt.
3260 1650 3464 1726 Atque
3497 1651 3594 1710 hic

670 1743 866 1785 sermo
924 1735 1015 1784 est
1070 1724 1401 1785 intellectus
1459 1721 1647 1784 nostri
1704 1723 1864 1801 apud
1901 1741 1986 1782 se.
2045 1724 2214 1780 Alter
2251 1721 2502 1800 inditus,
2563 1741 2742 1798 quem
2779 1723 2863 1782 illi
2903 1721 3175 1784 dixerunt
3213 1725 3593 1790 ἕνδιὰθαονε

673 1821 851 1882 quem
903 1821 1241 1864 sermonem
1282 1801 1545 1880 concipit
1584 1802 1733 1862 ratio
1770 1820 1846 1862 ex
1884 1818 2080 1862 rerum
2121 1800 2264 1860 foris
2302 1811 2715 1879 perceptarum
2758 1801 3180 1864 coniunctione
3194 1850 3213 1884 ,
3265 1805 3593 1886 diuisione,

676 1881 1125 1943 ratiocinatione
1138 1926 1155 1958 ,
1193 1884 1248 1942 &
1288 1880 1771 1943 conclusionibus
1810 1881 1949 1942 inde
1988 1879 2390 1942 existentibus.
2431 1881 2664 1941 Tertius
2705 1881 2962 1958 denique
3005 1883 3446 1965 enunciatiuus,
3485 1887 3589 1964 qui

677 1965 857 2040 vulgo
916 1961 1302 2040 προφορικόςε
1364 1979 1487 2038 quo
1544 1963 1731 2022 homo
1787 1971 2144 2039 conceptum
2198 1960 2411 2020 mentis
2449 1977 2589 2020 suae
2629 1960 2754 2020 siue
2793 1960 3116 2040 ingenitum
3158 1964 3222 2024 in
3257 1964 3561 2027 intellectu
3575 2011 3593 2044 ,

676 2041 800 2101 siue
838 2042 1065 2100 ratione
1102 2052 1450 2118 perceptum
1489 2040 1661 2120 foriS,
1700 2057 1837 2101 cum
1876 2039 2005 2100 aliis
2047 2039 2468 2101 communicat.
2507 2042 2746 2100 Horum
2785 2059 3126 2103 sermonum
3165 2042 3392 2122 primus
3430 2057 3597 2106 natu·-

674 2119 811 2181 ralis
850 2129 973 2182 est:
1016 2127 1207 2196 eoque
1246 2139 1480 2200 semper
1518 2131 1607 2182 est
1644 2132 1783 2182 actu
1819 2119 1881 2180 in
1922 2118 2190 2182 subiecto
2229 2136 2359 2180 suo·
2393 2119 2698 2180 Secundus
2717 2122 2794 2180 ab
2815 2121 2933 2181 alio
2951 2122 3202 2183 efficitur
3221 2123 3283 2183 in
3302 2127 3596 2186 subiecto.

674 2199 911 2260 Tertius
949 2199 1010 2259 in
1048 2199 1165 2259 alio
1205 2200 1406 2263 efficit.
1446 2203 1601 2264 Cum
1638 2201 1837 2277 itaque
1876 2199 1976 2260 hic
2014 2199 2089 2259 de
2129 2217 2205 2260 eo
2245 2217 2520 2260 sermone
2558 2198 2634 2261 sit
2675 2200 2942 2276 quaestio
2982 2201 3084 2278 qui
3126 2221 3306 2266 causa
3335 2207 3597 2266 efficiens

675 2282 730 2341 δι
772 2278 940 2358 quasi
979 2277 1435 2342 instrumentalis
1474 2292 1596 2359 est,
1636 2290 1739 2340 aut
1778 2283 1865 2357 (vt
1892 2280 2073 2358 paulo
2095 2281 2232 2338 ante
2251 2279 2526 2356 diximus)
2546 2279 2650 2354 qui
2669 2279 3126 2342 instrumentalis
3146 2294 3237 2343 est
3255 2285 3593 2364 analogice:

672 2361 941 2439 profecto
982 2377 1094 2419 nec
1132 2377 1471 2422 sermonem
1508 2359 1673 2421 illum
1714 2359 1967 2435 ἔμφυτον
2005 2357 2248 2436 intelligi
2285 2359 2406 2420 hoc
2445 2359 2586 2419 loco
2616 2359 2918 2436 oportuit:
2961 2379 3101 2421 nam
3121 2381 3321 2423 sermo
3342 2365 3594 2441 ἔμφυτος

673 2450 761 2501 est
811 2440 1141 2501 immanens
1192 2442 1283 2515 (vt
1324 2444 1646 2519 loquuntur
1682 2437 2056 2515 Scholastici)
2097 2440 2154 2497 δι
2193 2441 2257 2514 (f.
2304 2458 2411 2512 141
2423 2443 2502 2515 ε.)
2539 2458 2665 2499 non
2705 2440 2913 2501 transit
2949 2442 3028 2501 ad
3066 2442 3268 2505 alium.
3309 2446 3441 2505 Nec
3479 2463 3597 2504 ser·

672 2539 916 2581 monem
973 2536 1214 2597 quoque
1275 2521 1617 2583 ἐνδιάθετον
1674 2526 1910 2596 oportet
1967 2516 2244 2596 intelligi3
2299 2536 2438 2579 cum
2477 2517 2576 2579 hic
2616 2518 2911 2599 passinus,
2963 2539 3085 2581 non
3125 2535 3328 2583 autem
3367 2522 3596 2583 actiuus

670 2619 867 2661 sermo
906 2599 1011 2678 sit,
1050 2617 1165 2659 nec
1202 2620 1462 2677 vnquam
1500 2604 1636 2661 Deo
1674 2618 1747 2659 ex
1788 2596 2031 2658 veritate
2068 2596 2308 2659 attribui
2345 2596 2548 2675 possit.
2588 2600 2724 2659 Deo
2763 2598 2922 2659 enim
2961 2599 3107 2659 nihil
3147 2605 3324 2679 plane
3359 2602 3596 2679 accidit,

668 2682 893 2742 nedum
931 2678 1161 2757 passio,
1219 2678 1530 2740 Maiestate
1590 2678 1705 2739 Dei
1758 2676 2182 2755 indignissima.
2243 2680 2452 2738 Restat
2509 2676 2718 2755 igitur,
2757 2688 2822 2738 vt
2859 2697 3198 2741 sermonem
3239 2682 3406 2743 illum
3449 2682 3594 2761 Dei,

671 2778 847 2837 quem
900 2758 1408 2819 instrumentalem
1468 2758 1639 2819 huius
1699 2755 2017 2835 sapientiae
2055 2756 2453 2847 appellamuS,
2510 2758 2858 2817 definiamus
2901 2778 3028 2819 esse
3069 2762 3431 2840 προφορικόν
3469 2760 3595 2821 siue

670 2838 1111 2899 enunciatiuum
1125 2884 1144 2917 ,
1194 2849 1373 2917 prout
1408 2838 1471 2899 in
1503 2837 1603 2899 illa
1638 2836 1823 2897 Thesi
1860 2848 2068 2897 nostra
2107 2846 2246 2896 ante
2283 2852 2605 2915 posuimus.
2665 2836 2882 2897 Merito
2921 2836 2986 2897 id
3025 2841 3292 2913 quidem.
3353 2840 3593 2901 Etenim

670 2918 721 2977 si
758 2937 937 2979 nemo
975 2916 1145 2978 nouit
1183 2934 1337 2995 quae
1378 2928 1513 2977 sunt
1552 2915 1835 2993 hominis,
1876 2914 1988 2976 nisi
2029 2914 2275 2992 Spiritus
2313 2913 2570 2975 hominis
2611 2916 2712 2992 qui
2751 2927 2840 2977 est
2879 2915 2940 2976 in
2977 2916 3140 2993 ipSO,
3181 2918 3238 2977 &
3259 2918 3594 2997 cuicunque

670 2997 855 3058 homo
916 3016 1191 3058 sermone
1249 3015 1357 3056 suo
1416 2995 1793 3057 enunciatiuo
1808 3040 1825 3073 ,
1884 3005 1988 3055 aut
2039 2996 2210 3073 signo
2251 2994 2450 3072 aliquo
2487 2992 2670 3070 ipsius
2704 2995 2958 3057 voluerit
2997 3015 3326 3076 exponere:
3367 3011 3592 3076 quanto

668 3076 857 3153 magis
914 3094 1187 3137 sermone
1246 3076 1364 3137 Dei
1416 3094 1567 3153 opus
1618 3074 1960 3152 habuimus,
2001 3084 2064 3135 vt
2104 3092 2198 3133 res
2237 3073 2464 3134 diuinas
2479 3118 2497 3152 ,
2537 3076 2825 3135 coelestes
2839 3120 2858 3152 ,
2901 3080 3372 3153 supernaturales
3385 3124 3406 3150 ,
3447 3097 3593 3156 quas

668 3156 885 3232 homo,
923 3165 1078 3215 terra
1092 3200 1110 3233 ,
1150 3156 1206 3214 δε
1246 3166 1455 3215 natura
1490 3165 1617 3215 tota
1655 3153 2045 3215 vniuersitatis
2083 3172 2294 3231 capere
2333 3170 2456 3212 non
2495 3163 2728 3232 potest,
2765 3152 2964 3231 aliquo
3003 3165 3183 3232 pacto
3204 3154 3593 3234 caperemus?

668 3234 793 3295 Hic
851 3233 1025 3311 igitur
1064 3253 1260 3295 sermo
1300 3236 1653 3313 προφορικός
1692 3238 1731 3293 a
1768 3234 1903 3293 Deo
1944 3232 2077 3311 ipso
2119 3232 2273 3307 fluit,
2326 3232 2383 3291 δι
2423 3250 2529 3309 per
2569 3232 2887 3293 fluxionem
2936 3234 3241 3311 quandam
3283 3237 3412 3297 siue
3453 3257 3588 3316 pro·

672 3313 1001 3373 cessionem
1038 3315 1117 3373 ab
1158 3313 1261 3375 illo
1302 3320 1389 3388 (vt
1428 3312 1510 3371 ita
1547 3312 1834 3384 dicamus)
1874 3310 2154 3389 producit
2189 3312 2465 3371 effectum
2505 3328 2678 3371 suum
2717 3311 2778 3371 in
2819 3312 2888 3373 iis
2926 3313 3028 3390 qui
3065 3314 3334 3377 audiunt.
3469 3362 3474 3365 -

747 3392 870 3452 Hic
910 3402 1108 3452 autern
1148 3410 1344 3453 sermo
1383 3390 1500 3451 Dei
1538 3390 1943 3451 enunciatiuus
1983 3390 2046 3449 in
2084 3392 2206 3451 duo
2244 3409 2462 3467 genera
2501 3388 2900 3469 distinguitur,
2939 3410 3050 3469 pro
3071 3392 3303 3456 ratione
3322 3398 3379 3456 δι
3403 3398 3589 3457 modo

668 3470 877 3551 ipsius:
940 3490 1081 3531 nam
1141 3482 1243 3532 aut
1294 3489 1490 3531 sermo
1546 3468 1855 3547 spiritualis
1894 3478 1984 3529 est
2031 3486 2152 3546 quo
2191 3470 2357 3529 Deus
2397 3468 2606 3547 vtitur,
2643 3480 2747 3529 aut
2786 3471 2965 3531 etiarn
3005 3474 3355 3549 corporalis.
3397 3476 3590 3553 Spiri-

666 3553 886 3613 tualem
939 3568 1273 3611 sermonem
1316 3550 1713 3627 appellamus,
1750 3548 1851 3625 qui
1891 3547 2018 3608 sine
2057 3548 2327 3626 corporis
2367 3546 2754 3609 instrumento
2794 3549 3139 3611 enunciatus
3182 3563 3298 3615 est:
3357 3554 3584 3633 Corpo-

666 3633 851 3691 ralern
866 3676 885 3709 ,
949 3630 1051 3708 qui
1100 3628 1277 3691 etiam
1320 3628 1564 3688 admoto
1604 3626 1873 3704 corporis
1914 3626 2306 3687 instrumento
2347 3626 2602 3687 insonat.
2663 3630 2835 3689 Haec
2877 3630 2999 3690 duo
3041 3632 3334 3695 sermonis
3372 3654 3589 3711 genera

666 3710 854 3771 tribus
908 3708 1104 3770 modis
1142 3708 1294 3769 inter
1335 3726 1399 3767 se
1439 3705 1899 3784 distinguuntur:
1963 3705 2292 3783 Principio,
2343 3706 2400 3765 δι
2439 3706 2707 3784 obiect0,
2748 3709 2805 3767 δι
2844 3710 3030 3769 modo
3071 3710 3362 3787 ipsorum.
3427 3714 3588 3774 Prin-

666 3788 853 3866 cipio:
912 3808 1051 3849 nam
1112 3786 1427 3866 spiritualis
1484 3804 1681 3845 sermo
1734 3784 1861 3845 fluit
1917 3787 1955 3843 a
2003 3784 2298 3861 Spirituali
2351 3785 2602 3845 essentia
2643 3790 2868 3847 solum:
2923 3790 3271 3866 Corporalis
3311 3804 3512 3853 autem
3551 3814 3586 3853 a

664 3885 951 3945 corpore,
990 3877 1093 3928 aut
1131 3867 1309 3926 etiam
1348 3872 1385 3925 a
1425 3864 1641 3943 Spiritu
1677 3883 1783 3941 per
1825 3881 2072 3941 corpuS,
2111 3874 2390 3941 tanquam
2432 3863 2883 3927 instrumentum
2923 3868 3136 3946 ipsius3
3177 3870 3306 3931 siue
3345 3874 3586 3934 coniuc-

665 3956 823 4025 tum,
860 3956 927 4005 vt
964 3964 1183 4025 corpus
1226 3944 1510 4022 hominiS,
1551 3943 1717 4021 quod
1754 3942 1985 4002 animae
2025 3940 2204 4020 ipsius
2241 3954 2330 4003 est
2367 3946 2676 4019 personale
2718 3963 3040 4025 organum:
3073 3947 3197 4008 siue
3217 3964 3586 4029 separatum,

665 4033 730 4083 vt
782 4034 911 4102 aer,
962 4028 1167 4103 tubus,
1220 4026 1275 4084 δι
1316 4021 1551 4101 similia,
1590 4022 2101 4099 quemadmodum
2139 4024 2274 4081 ante
2314 4022 2702 4085 ostendimus.
2759 4026 3045 4102 objecto:
3087 4045 3229 4087 nam
3271 4032 3588 4107 spiritualis

666 4120 865 4163 sermo
904 4106 1087 4165 fertur
1124 4106 1205 4164 ad
1244 4102 1542 4181 spiritum,
1580 4120 1695 4161 nec
1732 4104 1810 4162 ab
1848 4100 1964 4161 alia
2002 4100 2254 4161 essentia
2293 4104 2474 4177 quam
2517 4100 2801 4179 spirituali
2820 4114 3016 4183 potest
3039 4122 3306 4181 vnquam
3327 4112 3584 4190 percipi:

667 4180 1008 4259 corporalis
1058 4192 1255 4241 autem
1308 4185 1345 4241 a
1382 4200 1635 4258 corpore
1674 4178 2024 4258 percipitur,
2063 4189 2165 4240 aut
2205 4180 2382 4239 etiam
2421 4184 2458 4239 a
2499 4179 2705 4259 spiritu
2746 4203 2853 4262 per
2889 4202 3107 4261 corpus
3149 4196 3442 4266 tanquam
3481 4212 3584 4251 vas

664 4275 840 4321 suum
897 4278 993 4319 res
1051 4260 1289 4320 aliunde
1348 4259 1565 4320 infusas
1614 4258 1725 4319 sibi
1772 4261 1829 4317 δι
1868 4258 2112 4319 iniectas
2149 4256 2460 4319 imbibens.
2522 4260 2715 4322 Modo
2757 4262 3044 4341 denique:
3084 4265 3227 4341 quia
3267 4270 3583 4346 spiritualis

3381 4368 3582 4410 sermo
