<?xml version="1.0" encoding="UTF-8"?>
<!DOCTYPE html PUBLIC "-//W3C//DTD XHTML 1.0 Transitional//EN"
    "http://www.w3.org/TR/xhtml1/DTD/xhtml1-transitional.dtd">
<html xmlns="http://www.w3.org/1999/xhtml" xml:lang="en" lang="en">
 <head>
  <title>
</title>
<meta http-equiv="Content-Type" content="text/html;charset=utf-8" />
  <meta name='ocr-system' content='tesseract 3.04.00' />
  <meta name='ocr-capabilities' content='ocr_page ocr_carea ocr_par ocr_line ocrx_word'/>
</head>
<body>
  <div class='ocr_page' id='page_1' title='image "./dfranciscijunii00junigoog_0446.png"; bbox 0 0 3923 4875; ppageno 0'>
   <div class='ocr_carea' id='block_1_1' title="bbox 622 57 2481 138">
    <p class='ocr_par' dir='ltr' id='par_1_1' title="bbox 622 57 2481 138">
     <span class='ocr_line' id='line_1_1' title="bbox 622 57 2481 138; baseline 0.001 -18"><span class='ocrx_word' id='word_1_1' title='bbox 622 60 742 134; x_wconf 85' lang='lat'><strong>418</strong></span> <span class='ocrx_word' id='word_1_2' title='bbox 1676 57 2092 138; x_wconf 59' lang='lat' dir='ltr'><strong>nfratnrcr</strong></span> <span class='ocrx_word' id='word_1_3' title='bbox 2159 75 2376 121; x_wconf 70' lang='lat' dir='ltr'><strong>rans</strong></span> <span class='ocrx_word' id='word_1_4' title='bbox 2435 75 2481 122; x_wconf 85' lang='grc' dir='ltr'><strong>ι.</strong></span> 
     </span>
    </p>
   </div>
   <div class='ocr_carea' id='block_1_2' title="bbox 616 232 3568 1120">
    <p class='ocr_par' dir='ltr' id='par_1_2' title="bbox 616 232 3568 1120">
     <span class='ocr_line' id='line_1_2' title="bbox 620 232 3562 316; baseline 0 -20"><span class='ocrx_word' id='word_1_5' title='bbox 620 233 831 296; x_wconf 85' lang='lat' dir='ltr'><strong>armati</strong></span> <span class='ocrx_word' id='word_1_6' title='bbox 888 232 1181 314; x_wconf 79' lang='lat' dir='ltr'>fugiamus</span> <span class='ocrx_word' id='word_1_7' title='bbox 1238 251 1353 294; x_wconf 86' lang='lat' dir='ltr'><strong>nos</strong></span> <span class='ocrx_word' id='word_1_8' title='bbox 1401 233 1565 313; x_wconf 89' lang='lat' dir='ltr'><strong>ipsos</strong></span> <span class='ocrx_word' id='word_1_9' title='bbox 1616 236 1675 296; x_wconf 73' lang='grc' dir='ltr'><strong>δε</strong></span> <span class='ocrx_word' id='word_1_10' title='bbox 1722 237 1879 296; x_wconf 88' lang='lat' dir='ltr'><strong>mala</strong></span> <span class='ocrx_word' id='word_1_11' title='bbox 1921 245 2130 297; x_wconf 87' lang='lat' dir='ltr'><strong>nostra</strong></span> <span class='ocrx_word' id='word_1_12' title='bbox 2143 281 2162 316; x_wconf 90' lang='lat'><strong>,</strong></span> <span class='ocrx_word' id='word_1_13' title='bbox 2215 237 2295 296; x_wconf 90' lang='lat' dir='ltr'><strong>ad</strong></span> <span class='ocrx_word' id='word_1_14' title='bbox 2333 236 2536 296; x_wconf 89' lang='lat' dir='ltr'><strong>Deum</strong></span> <span class='ocrx_word' id='word_1_15' title='bbox 2577 233 3030 315; x_wconf 80' lang='lat' dir='ltr'><strong>transfugiamus</strong></span> <span class='ocrx_word' id='word_1_16' title='bbox 3069 255 3180 316; x_wconf 87' lang='lat' dir='ltr'><strong>per</strong></span> <span class='ocrx_word' id='word_1_17' title='bbox 3218 235 3562 298; x_wconf 74' lang='lat' dir='ltr'><strong>Ecclesiam</strong></span> 
     </span>
     <span class='ocr_line' id='line_1_3' title="bbox 621 313 3560 395; baseline 0.001 -19"><span class='ocrx_word' id='word_1_18' title='bbox 621 313 777 388; x_wconf 85' lang='lat' dir='ltr'><strong>eius,</strong></span> <span class='ocrx_word' id='word_1_19' title='bbox 830 315 889 376; x_wconf 78' lang='grc' dir='ltr'><strong>δι</strong></span> <span class='ocrx_word' id='word_1_20' title='bbox 938 313 1034 390; x_wconf 86' lang='lat' dir='ltr'><strong>alij</strong></span> <span class='ocrx_word' id='word_1_21' title='bbox 1083 314 1233 376; x_wconf 90' lang='lat' dir='ltr'><strong>alios</strong></span> <span class='ocrx_word' id='word_1_22' title='bbox 1269 313 1349 374; x_wconf 95' lang='lat' dir='ltr'><strong>ad</strong></span> <span class='ocrx_word' id='word_1_23' title='bbox 1386 313 1903 394; x_wconf 85' lang='lat' dir='ltr'><strong>participationem</strong></span> <span class='ocrx_word' id='word_1_24' title='bbox 1940 315 2305 378; x_wconf 89' lang='lat' dir='ltr'><strong>admirabilis</strong></span> <span class='ocrx_word' id='word_1_25' title='bbox 2343 315 2614 377; x_wconf 90' lang='lat' dir='ltr'><strong>eiusdem</strong></span> <span class='ocrx_word' id='word_1_26' title='bbox 2652 315 2802 376; x_wconf 92' lang='lat' dir='ltr'><strong>lucis</strong></span> <span class='ocrx_word' id='word_1_27' title='bbox 2841 315 3126 395; x_wconf 83' lang='lat' dir='ltr'><strong>religione</strong></span> <span class='ocrx_word' id='word_1_28' title='bbox 3167 317 3226 376; x_wconf 74' lang='grc' dir='ltr'><strong>δι</strong></span> <span class='ocrx_word' id='word_1_29' title='bbox 3267 315 3560 378; x_wconf 78' lang='lat' dir='ltr'><strong>charitate</strong></span> 
     </span>
     <span class='ocr_line' id='line_1_4' title="bbox 620 395 3564 476; baseline 0 -20"><span class='ocrx_word' id='word_1_30' title='bbox 620 413 763 456; x_wconf 87' lang='lat' dir='ltr'><strong>vera</strong></span> <span class='ocrx_word' id='word_1_31' title='bbox 814 409 1237 473; x_wconf 89' lang='lat' dir='ltr'><strong>prouocemus.</strong></span> <span class='ocrx_word' id='word_1_32' title='bbox 1288 395 1462 456; x_wconf 88' lang='lat' dir='ltr'><strong>Haec</strong></span> <span class='ocrx_word' id='word_1_33' title='bbox 1498 395 1598 456; x_wconf 89' lang='lat' dir='ltr'><strong>illa</strong></span> <span class='ocrx_word' id='word_1_34' title='bbox 1638 406 1727 456; x_wconf 90' lang='lat' dir='ltr'><strong>est</strong></span> <span class='ocrx_word' id='word_1_35' title='bbox 1764 405 2109 458; x_wconf 89' lang='lat' dir='ltr'><strong>sanctorum</strong></span> <span class='ocrx_word' id='word_1_36' title='bbox 2147 396 2306 458; x_wconf 88' lang='lat' dir='ltr'><strong>actio</strong></span> <span class='ocrx_word' id='word_1_37' title='bbox 2322 443 2341 474; x_wconf 94' lang='lat'><strong>,</strong></span> <span class='ocrx_word' id='word_1_38' title='bbox 2381 412 2562 474; x_wconf 86' lang='lat' dir='ltr'><strong>quam</strong></span> <span class='ocrx_word' id='word_1_39' title='bbox 2603 397 2770 458; x_wconf 88' lang='lat' dir='ltr'><strong>Deus</strong></span> <span class='ocrx_word' id='word_1_40' title='bbox 2809 395 3089 476; x_wconf 90' lang='lat' dir='ltr'><strong>imperat,</strong></span> <span class='ocrx_word' id='word_1_41' title='bbox 3129 413 3314 474; x_wconf 89' lang='lat' dir='ltr'><strong>quam</strong></span> <span class='ocrx_word' id='word_1_42' title='bbox 3355 395 3564 458; x_wconf 89' lang='lat' dir='ltr'><strong>Dauid</strong></span> 
     </span>
     <span class='ocr_line' id='line_1_5' title="bbox 619 473 3568 556; baseline 0 -20"><span class='ocrx_word' id='word_1_43' title='bbox 619 473 956 554; x_wconf 88' lang='lat' dir='ltr'><strong>praedicat,</strong></span> <span class='ocrx_word' id='word_1_44' title='bbox 992 492 1175 554; x_wconf 92' lang='lat' dir='ltr'><strong>quam</strong></span> <span class='ocrx_word' id='word_1_45' title='bbox 1214 473 1346 554; x_wconf 90' lang='lat' dir='ltr'><strong>pius</strong></span> <span class='ocrx_word' id='word_1_46' title='bbox 1384 475 1637 556; x_wconf 88' lang='lat' dir='ltr'><strong>quisque</strong></span> <span class='ocrx_word' id='word_1_47' title='bbox 1673 475 1939 538; x_wconf 89' lang='lat' dir='ltr'><strong>diuinam</strong></span> <span class='ocrx_word' id='word_1_48' title='bbox 1976 477 2223 556; x_wconf 89' lang='lat' dir='ltr'><strong>iudicat,</strong></span> <span class='ocrx_word' id='word_1_49' title='bbox 2270 478 2328 538; x_wconf 73' lang='grc'><strong>81.</strong></span> <span class='ocrx_word' id='word_1_50' title='bbox 2369 493 2551 556; x_wconf 84' lang='lat' dir='ltr'><strong>quam</strong></span> <span class='ocrx_word' id='word_1_51' title='bbox 2591 495 2772 538; x_wconf 90' lang='lat' dir='ltr'><strong>nemo</strong></span> <span class='ocrx_word' id='word_1_52' title='bbox 2813 475 2926 536; x_wconf 90' lang='lat' dir='ltr'><strong>nisi</strong></span> <span class='ocrx_word' id='word_1_53' title='bbox 2972 475 3190 555; x_wconf 87' lang='lat' dir='ltr'><strong>impius</strong></span> <span class='ocrx_word' id='word_1_54' title='bbox 3205 521 3224 556; x_wconf 94' lang='lat'><strong>,</strong></span> <span class='ocrx_word' id='word_1_55' title='bbox 3265 475 3316 538; x_wconf 91' lang='lat' dir='ltr'><strong>si</strong></span> <span class='ocrx_word' id='word_1_56' title='bbox 3345 475 3568 537; x_wconf 84' lang='lat' dir='ltr'><strong>viderit</strong></span> 
     </span>
     <span class='ocr_line' id='line_1_6' title="bbox 618 555 3561 636; baseline 0.001 -20"><span class='ocrx_word' id='word_1_57' title='bbox 618 565 721 618; x_wconf 91' lang='lat' dir='ltr'><strong>aut</strong></span> <span class='ocrx_word' id='word_1_58' title='bbox 772 556 961 618; x_wconf 90' lang='lat' dir='ltr'><strong>modo</strong></span> <span class='ocrx_word' id='word_1_59' title='bbox 1010 557 1223 635; x_wconf 85' lang='lat' dir='ltr'><strong>aliqqu</strong></span> <span class='ocrx_word' id='word_1_60' title='bbox 1262 555 1543 636; x_wconf 88' lang='lat' dir='ltr'><strong>senserit,</strong></span> <span class='ocrx_word' id='word_1_61' title='bbox 1582 555 1961 618; x_wconf 73' lang='lat' dir='ltr'><strong>abdioetums</strong></span> <span class='ocrx_word' id='word_1_62' title='bbox 2001 568 2109 619; x_wconf 89' lang='lat' dir='ltr'><strong>est.</strong></span> <span class='ocrx_word' id='word_1_63' title='bbox 2171 557 2290 618; x_wconf 89' lang='lat' dir='ltr'><strong>Sed</strong></span> <span class='ocrx_word' id='word_1_64' title='bbox 2331 559 2487 618; x_wconf 92' lang='lat' dir='ltr'><strong>hanc</strong></span> <span class='ocrx_word' id='word_1_65' title='bbox 2526 556 2826 618; x_wconf 84' lang='lat' dir='ltr'><strong>actionem</strong></span> <span class='ocrx_word' id='word_1_66' title='bbox 2863 555 3094 618; x_wconf 88' lang='lat' dir='ltr'><strong>animus</strong></span> <span class='ocrx_word' id='word_1_67' title='bbox 3133 576 3258 618; x_wconf 88' lang='lat' dir='ltr'><strong>non</strong></span> <span class='ocrx_word' id='word_1_68' title='bbox 3299 573 3520 635; x_wconf 86' lang='lat' dir='ltr'><strong>corpus</strong></span> <span class='ocrx_word' id='word_1_69' title='bbox 3536 601 3561 636; x_wconf 91' lang='lat'><strong>,</strong></span> 
     </span>
     <span class='ocr_line' id='line_1_7' title="bbox 620 635 3563 716; baseline -0.001 -18"><span class='ocrx_word' id='word_1_70' title='bbox 620 655 791 698; x_wconf 89' lang='lat' dir='ltr'><strong>mens</strong></span> <span class='ocrx_word' id='word_1_71' title='bbox 828 635 954 698; x_wconf 82' lang='lat' dir='ltr'><strong>non</strong></span> <span class='ocrx_word' id='word_1_72' title='bbox 992 654 1201 700; x_wconf 88' lang='lat' dir='ltr'><strong>manus</strong></span> <span class='ocrx_word' id='word_1_73' title='bbox 1238 647 1541 716; x_wconf 87' lang='lat' dir='ltr'><strong>praestare</strong></span> <span class='ocrx_word' id='word_1_74' title='bbox 1578 647 1807 716; x_wconf 78' lang='lat' dir='ltr'><strong>potest3</strong></span> <span class='ocrx_word' id='word_1_75' title='bbox 1848 637 2342 716; x_wconf 88' lang='lat' dir='ltr'><strong>quandoquidem</strong></span> <span class='ocrx_word' id='word_1_76' title='bbox 2365 641 2454 714; x_wconf 80' lang='lat' dir='ltr'><strong>(vt</strong></span> <span class='ocrx_word' id='word_1_77' title='bbox 2489 637 2750 698; x_wconf 87' lang='lat' dir='ltr'><strong>docebat</strong></span> <span class='ocrx_word' id='word_1_78' title='bbox 2784 637 3086 716; x_wconf 89' lang='lat' dir='ltr'><strong>Christus,</strong></span> <span class='ocrx_word' id='word_1_79' title='bbox 3128 640 3297 699; x_wconf 90' lang='lat' dir='ltr'><strong>Ioan.</strong></span> <span class='ocrx_word' id='word_1_80' title='bbox 3339 657 3398 710; x_wconf 92' lang='lat'><strong>4.</strong></span> <span class='ocrx_word' id='word_1_81' title='bbox 3437 639 3563 712; x_wconf 83' lang='lat'><strong>24.)</strong></span> 
     </span>
     <span class='ocr_line' id='line_1_8' title="bbox 616 715 3560 796; baseline 0 -18"><span class='ocrx_word' id='word_1_82' title='bbox 616 718 782 778; x_wconf 90' lang='lat' dir='ltr'><strong>Deus</strong></span> <span class='ocrx_word' id='word_1_83' title='bbox 840 727 932 778; x_wconf 89' lang='lat' dir='ltr'><strong>est</strong></span> <span class='ocrx_word' id='word_1_84' title='bbox 990 716 1269 796; x_wconf 75' lang='lat' dir='ltr'><strong>SpirituS,</strong></span> <span class='ocrx_word' id='word_1_85' title='bbox 1330 719 1387 778; x_wconf 83' lang='lat'>&amp;</span> <span class='ocrx_word' id='word_1_86' title='bbox 1436 736 1543 778; x_wconf 89' lang='lat' dir='ltr'><strong>eos</strong></span> <span class='ocrx_word' id='word_1_87' title='bbox 1594 719 1698 796; x_wconf 87' lang='lat' dir='ltr'><strong>qui</strong></span> <span class='ocrx_word' id='word_1_88' title='bbox 1740 717 1937 796; x_wconf 89' lang='lat' dir='ltr'><strong>ipsum</strong></span> <span class='ocrx_word' id='word_1_89' title='bbox 1976 717 2280 780; x_wconf 83' lang='lat' dir='ltr'><strong>adoraturi</strong></span> <span class='ocrx_word' id='word_1_90' title='bbox 2321 727 2488 794; x_wconf 87' lang='lat' dir='ltr'><strong>sunt,</strong></span> <span class='ocrx_word' id='word_1_91' title='bbox 2528 717 2591 778; x_wconf 89' lang='lat' dir='ltr'><strong>in</strong></span> <span class='ocrx_word' id='word_1_92' title='bbox 2633 715 2840 796; x_wconf 87' lang='lat' dir='ltr'><strong>spiritu</strong></span> <span class='ocrx_word' id='word_1_93' title='bbox 2881 719 2937 780; x_wconf 76' lang='grc' dir='ltr'><strong>δι</strong></span> <span class='ocrx_word' id='word_1_94' title='bbox 2981 717 3225 779; x_wconf 84' lang='lat' dir='ltr'><strong>veritate</strong></span> <span class='ocrx_word' id='word_1_95' title='bbox 3262 715 3560 796; x_wconf 81' lang='lat' dir='ltr'><strong>praecipit</strong></span> 
     </span>
     <span class='ocr_line' id='line_1_9' title="bbox 618 796 3552 878; baseline 0 -20"><span class='ocrx_word' id='word_1_96' title='bbox 618 797 887 859; x_wconf 89' lang='lat' dir='ltr'><strong>adorare.</strong></span> <span class='ocrx_word' id='word_1_97' title='bbox 928 799 1049 858; x_wconf 88' lang='lat' dir='ltr'><strong>Det</strong></span> <span class='ocrx_word' id='word_1_98' title='bbox 1082 799 1261 861; x_wconf 87' lang='lat' dir='ltr'><strong>nobis</strong></span> <span class='ocrx_word' id='word_1_99' title='bbox 1298 797 1461 858; x_wconf 89' lang='lat' dir='ltr'><strong>idem</strong></span> <span class='ocrx_word' id='word_1_100' title='bbox 1500 796 1607 876; x_wconf 92' lang='lat' dir='ltr'><strong>qui</strong></span> <span class='ocrx_word' id='word_1_101' title='bbox 1646 797 1966 876; x_wconf 81' lang='lat' dir='ltr'><strong>praecipit,</strong></span> <span class='ocrx_word' id='word_1_102' title='bbox 2007 809 2072 860; x_wconf 80' lang='lat' dir='ltr'><strong>vt</strong></span> <span class='ocrx_word' id='word_1_103' title='bbox 2108 817 2394 878; x_wconf 90' lang='lat' dir='ltr'><strong>corpore,</strong></span> <span class='ocrx_word' id='word_1_104' title='bbox 2428 799 2485 858; x_wconf 86' lang='lat'>&amp;</span> <span class='ocrx_word' id='word_1_105' title='bbox 2517 797 2722 858; x_wconf 90' lang='lat' dir='ltr'><strong>animo</strong></span> <span class='ocrx_word' id='word_1_106' title='bbox 2736 841 2754 869; x_wconf 84' lang='lat'><strong>,</strong></span> <span class='ocrx_word' id='word_1_107' title='bbox 2775 799 2832 857; x_wconf 75' lang='grc' dir='ltr'><strong>ὅτ</strong></span> <span class='ocrx_word' id='word_1_108' title='bbox 2853 796 3060 876; x_wconf 89' lang='lat' dir='ltr'><strong>spiritu</strong></span> <span class='ocrx_word' id='word_1_109' title='bbox 3080 797 3164 859; x_wconf 88' lang='lat' dir='ltr'><strong>ita</strong></span> <span class='ocrx_word' id='word_1_110' title='bbox 3189 797 3552 877; x_wconf 86' lang='lat' dir='ltr'><strong>comparati,</strong></span> 
     </span>
     <span class='ocr_line' id='line_1_10' title="bbox 616 876 3558 970; baseline -0.001 -30"><span class='ocrx_word' id='word_1_111' title='bbox 616 882 657 940; x_wconf 71' lang='lat' dir='ltr'><strong>a</strong></span> <span class='ocrx_word' id='word_1_112' title='bbox 694 878 869 939; x_wconf 87' lang='lat' dir='ltr'><strong>nobis</strong></span> <span class='ocrx_word' id='word_1_113' title='bbox 907 877 987 938; x_wconf 89' lang='lat' dir='ltr'><strong>ad</strong></span> <span class='ocrx_word' id='word_1_114' title='bbox 1023 877 1219 970; x_wconf 85' lang='lat' dir='ltr'><strong>ipsum</strong></span> <span class='ocrx_word' id='word_1_115' title='bbox 1256 877 1321 938; x_wconf 90' lang='lat' dir='ltr'><strong>in</strong></span> <span class='ocrx_word' id='word_1_116' title='bbox 1358 877 1629 939; x_wconf 75' lang='lat' dir='ltr'><strong>Ecclesia</strong></span> <span class='ocrx_word' id='word_1_117' title='bbox 1668 877 1961 956; x_wconf 79' lang='lat' dir='ltr'><strong>fugiamus</strong></span> <span class='ocrx_word' id='word_1_118' title='bbox 1999 877 2430 956; x_wconf 79' lang='lat' dir='ltr'><strong>indesinenter,</strong></span> <span class='ocrx_word' id='word_1_119' title='bbox 2469 879 2527 938; x_wconf 76' lang='grc' dir='ltr'><strong>ὅτ</strong></span> <span class='ocrx_word' id='word_1_120' title='bbox 2545 877 2642 955; x_wconf 88' lang='lat' dir='ltr'><strong>alij</strong></span> <span class='ocrx_word' id='word_1_121' title='bbox 2667 876 2820 939; x_wconf 88' lang='lat' dir='ltr'><strong>alios</strong></span> <span class='ocrx_word' id='word_1_122' title='bbox 2839 878 3166 939; x_wconf 79' lang='lat' dir='ltr'><strong>secundum</strong></span> <span class='ocrx_word' id='word_1_123' title='bbox 3183 877 3346 938; x_wconf 90' lang='lat' dir='ltr'><strong>illam</strong></span> <span class='ocrx_word' id='word_1_124' title='bbox 3364 877 3558 938; x_wconf 83' lang='lat' dir='ltr'><strong>chari-</strong></span> 
     </span>
     <span class='ocr_line' id='line_1_11' title="bbox 619 957 3564 1038; baseline -0 -18"><span class='ocrx_word' id='word_1_125' title='bbox 619 969 801 1020; x_wconf 88' lang='lat' dir='ltr'><strong>tatem</strong></span> <span class='ocrx_word' id='word_1_126' title='bbox 840 957 1061 1020; x_wconf 76' lang='lat' dir='ltr'><strong>Christi</strong></span> <span class='ocrx_word' id='word_1_127' title='bbox 1099 957 1447 1020; x_wconf 86' lang='lat' dir='ltr'><strong>adiuuemus</strong></span> <span class='ocrx_word' id='word_1_128' title='bbox 1484 959 1547 1020; x_wconf 88' lang='lat' dir='ltr'><strong>in</strong></span> <span class='ocrx_word' id='word_1_129' title='bbox 1585 957 1998 1037; x_wconf 85' lang='lat' dir='ltr'><strong>persequenda</strong></span> <span class='ocrx_word' id='word_1_130' title='bbox 2033 957 2536 1038; x_wconf 80' lang='lat' dir='ltr'><strong>percipiendaque</strong></span> <span class='ocrx_word' id='word_1_131' title='bbox 2581 957 2684 1019; x_wconf 90' lang='lat' dir='ltr'><strong>illa</strong></span> <span class='ocrx_word' id='word_1_132' title='bbox 2725 957 3270 1020; x_wconf 85' lang='lat' dir='ltr'><strong>communicatione</strong></span> <span class='ocrx_word' id='word_1_133' title='bbox 3299 958 3526 1038; x_wconf 87' lang='lat' dir='ltr'><strong>gratiae</strong></span> <span class='ocrx_word' id='word_1_134' title='bbox 3540 1003 3564 1036; x_wconf 91' lang='lat'><strong>,</strong></span> 
     </span>
     <span class='ocr_line' id='line_1_12' title="bbox 616 1037 3046 1120; baseline -0 -20"><span class='ocrx_word' id='word_1_135' title='bbox 616 1037 1024 1102; x_wconf 87' lang='lat' dir='ltr'><strong>incredibilem</strong></span> <span class='ocrx_word' id='word_1_136' title='bbox 1062 1039 1374 1120; x_wconf 81' lang='lat' dir='ltr'><strong>laetitiam,</strong></span> <span class='ocrx_word' id='word_1_137' title='bbox 1414 1041 1673 1101; x_wconf 84' lang='lat' dir='ltr'><strong>fructum</strong></span> <span class='ocrx_word' id='word_1_138' title='bbox 1710 1038 1949 1120; x_wconf 85' lang='lat' dir='ltr'><strong>spiritus</strong></span> <span class='ocrx_word' id='word_1_139' title='bbox 1990 1037 2434 1120; x_wconf 89' lang='lat' dir='ltr'><strong>suauissimum,</strong></span> <span class='ocrx_word' id='word_1_140' title='bbox 2477 1039 2538 1100; x_wconf 89' lang='lat' dir='ltr'><strong>in</strong></span> <span class='ocrx_word' id='word_1_141' title='bbox 2577 1038 2757 1101; x_wconf 84' lang='lat' dir='ltr'><strong>nobis</strong></span> <span class='ocrx_word' id='word_1_142' title='bbox 2795 1039 3046 1101; x_wconf 83' lang='lat' dir='ltr'><strong>editura.</strong></span> 
     </span>
    </p>
   </div>
   <div class='ocr_carea' id='block_1_3' title="bbox 838 1209 3320 1290">
    <p class='ocr_par' dir='ltr' id='par_1_3' title="bbox 838 1209 3320 1290">
     <span class='ocr_line' id='line_1_13' title="bbox 838 1209 3320 1290; baseline 0 -19"><span class='ocrx_word' id='word_1_143' title='bbox 838 1231 892 1272; x_wconf 82' lang='lat' dir='ltr'><strong>a.</strong></span> <span class='ocrx_word' id='word_1_144' title='bbox 970 1212 1031 1288; x_wconf 88' lang='lat' dir='ltr'>Q</span> <span class='ocrx_word' id='word_1_145' title='bbox 1048 1227 1091 1271; x_wconf 85' lang='lat' dir='ltr'>v</span> <span class='ocrx_word' id='word_1_146' title='bbox 1108 1227 1151 1271; x_wconf 92' lang='grc' dir='ltr'>ο</span> <span class='ocrx_word' id='word_1_147' title='bbox 1168 1229 1215 1272; x_wconf 83' lang='lat'><strong>1&gt;</strong></span> <span class='ocrx_word' id='word_1_148' title='bbox 1254 1214 1621 1274; x_wconf 80' lang='lat' dir='ltr'><strong>consistentes</strong></span> <span class='ocrx_word' id='word_1_149' title='bbox 1665 1220 1806 1274; x_wconf 83' lang='lat' dir='ltr'><strong>sunt</strong></span> <span class='ocrx_word' id='word_1_150' title='bbox 1825 1213 2010 1290; x_wconf 78' lang='lat' dir='ltr'><strong>pedes</strong></span> <span class='ocrx_word' id='word_1_151' title='bbox 2049 1213 2244 1272; x_wconf 74' lang='lat' dir='ltr'><strong>nostri</strong></span> <span class='ocrx_word' id='word_1_152' title='bbox 2277 1215 2340 1272; x_wconf 79' lang='lat' dir='ltr'><strong>in</strong></span> <span class='ocrx_word' id='word_1_153' title='bbox 2375 1213 2570 1290; x_wconf 83' lang='lat' dir='ltr'><strong>portis</strong></span> <span class='ocrx_word' id='word_1_154' title='bbox 2611 1214 2762 1290; x_wconf 84' lang='lat' dir='ltr'><strong>tuis,</strong></span> <span class='ocrx_word' id='word_1_155' title='bbox 2803 1209 2841 1270; x_wconf 77' lang='grc' dir='ltr'><em>ὃ</em></span> <span class='ocrx_word' id='word_1_156' title='bbox 2876 1212 3320 1288; x_wconf 69' lang='lat' dir='ltr'><strong>fflerosolyma.</strong></span> 
     </span>
    </p>
   </div>
   <div class='ocr_carea' id='block_1_4' title="bbox 586 1363 3555 4097">
    <p class='ocr_par' dir='ltr' id='par_1_4' title="bbox 600 1363 3555 2973">
     <span class='ocr_line' id='line_1_14' title="bbox 696 1363 3554 1459; baseline -0.001 -31"><span class='ocrx_word' id='word_1_157' title='bbox 696 1367 1037 1428; x_wconf 74' lang='lat' dir='ltr'><strong>Aeuom</strong></span> <span class='ocrx_word' id='word_1_158' title='bbox 1076 1375 1419 1428; x_wconf 88' lang='lat' dir='ltr'><strong>sanctorum</strong></span> <span class='ocrx_word' id='word_1_159' title='bbox 1458 1364 1727 1428; x_wconf 89' lang='lat' dir='ltr'><strong>omnium</strong></span> <span class='ocrx_word' id='word_1_160' title='bbox 1766 1366 2256 1459; x_wconf 76' lang='lat' dir='ltr'><strong>singulorumque</strong></span> <span class='ocrx_word' id='word_1_161' title='bbox 2294 1363 2552 1428; x_wconf 82' lang='lat' dir='ltr'><strong>diximus</strong></span> <span class='ocrx_word' id='word_1_162' title='bbox 2591 1367 2731 1427; x_wconf 74' lang='lat' dir='ltr'><strong>ante</strong></span> <span class='ocrx_word' id='word_1_163' title='bbox 2762 1369 2801 1426; x_wconf 77' lang='lat' dir='ltr'><strong>a</strong></span> <span class='ocrx_word' id='word_1_164' title='bbox 2818 1365 3122 1445; x_wconf 88' lang='lat' dir='ltr'><strong>Propheta</strong></span> <span class='ocrx_word' id='word_1_165' title='bbox 3145 1363 3554 1458; x_wconf 80' lang='lat' dir='ltr'><strong>circumscrip-</strong></span> 
     </span>
     <span class='ocr_line' id='line_1_15' title="bbox 616 1445 3553 1526; baseline -0 -19"><span class='ocrx_word' id='word_1_166' title='bbox 616 1455 741 1509; x_wconf 89' lang='lat' dir='ltr'><strong>tam</strong></span> <span class='ocrx_word' id='word_1_167' title='bbox 792 1465 922 1510; x_wconf 86' lang='lat' dir='ltr'><strong>esse</strong></span> <span class='ocrx_word' id='word_1_168' title='bbox 976 1445 1317 1508; x_wconf 85' lang='lat' dir='ltr'><strong>certissimis</strong></span> <span class='ocrx_word' id='word_1_169' title='bbox 1371 1467 1445 1509; x_wconf 89' lang='lat' dir='ltr'><strong>ac</strong></span> <span class='ocrx_word' id='word_1_170' title='bbox 1482 1446 1933 1526; x_wconf 72' lang='lat' dir='ltr'><strong>pernecessariis</strong></span> <span class='ocrx_word' id='word_1_171' title='bbox 1972 1445 2214 1526; x_wconf 87' lang='lat' dir='ltr'><strong>finibus,</strong></span> <span class='ocrx_word' id='word_1_172' title='bbox 2253 1447 2392 1508; x_wconf 73' lang='lat' dir='ltr'><strong>eum</strong></span> <span class='ocrx_word' id='word_1_173' title='bbox 2433 1445 2566 1508; x_wconf 88' lang='lat' dir='ltr'><strong>illos</strong></span> <span class='ocrx_word' id='word_1_174' title='bbox 2605 1447 2896 1508; x_wconf 85' lang='lat' dir='ltr'><strong>accedere</strong></span> <span class='ocrx_word' id='word_1_175' title='bbox 2933 1447 3012 1508; x_wconf 91' lang='lat' dir='ltr'><strong>ad</strong></span> <span class='ocrx_word' id='word_1_176' title='bbox 3052 1448 3254 1506; x_wconf 90' lang='lat' dir='ltr'><strong>Deum</strong></span> <span class='ocrx_word' id='word_1_177' title='bbox 3291 1447 3553 1506; x_wconf 77' lang='lat' dir='ltr'><strong>Ecclesi-</strong></span> 
     </span>
     <span class='ocr_line' id='line_1_16' title="bbox 614 1525 3554 1607; baseline 0 -20"><span class='ocrx_word' id='word_1_178' title='bbox 614 1533 835 1604; x_wconf 72' lang='lat' dir='ltr'><strong>amque</strong></span> <span class='ocrx_word' id='word_1_179' title='bbox 870 1526 1056 1606; x_wconf 91' lang='lat' dir='ltr'><strong>illius,</strong></span> <span class='ocrx_word' id='word_1_180' title='bbox 1098 1529 1155 1588; x_wconf 80' lang='grc' dir='ltr'><strong>8τ</strong></span> <span class='ocrx_word' id='word_1_181' title='bbox 1194 1547 1541 1607; x_wconf 89' lang='lat' dir='ltr'><strong>permanere</strong></span> <span class='ocrx_word' id='word_1_182' title='bbox 1580 1527 1642 1588; x_wconf 90' lang='lat' dir='ltr'><strong>in</strong></span> <span class='ocrx_word' id='word_1_183' title='bbox 1680 1547 1753 1590; x_wconf 89' lang='lat' dir='ltr'><strong>ea</strong></span> <span class='ocrx_word' id='word_1_184' title='bbox 1789 1528 2160 1607; x_wconf 87' lang='lat' dir='ltr'><strong>praedicaret</strong></span> <span class='ocrx_word' id='word_1_185' title='bbox 2203 1525 2362 1605; x_wconf 89' lang='lat' dir='ltr'><strong>apud</strong></span> <span class='ocrx_word' id='word_1_186' title='bbox 2403 1526 2733 1588; x_wconf 87' lang='lat' dir='ltr'><strong>Dominum</strong></span> <span class='ocrx_word' id='word_1_187' title='bbox 2773 1527 2974 1587; x_wconf 87' lang='lat' dir='ltr'><strong>Deum</strong></span> <span class='ocrx_word' id='word_1_188' title='bbox 3013 1543 3206 1586; x_wconf 88' lang='lat' dir='ltr'><strong>suum.</strong></span> <span class='ocrx_word' id='word_1_189' title='bbox 3245 1529 3374 1586; x_wconf 89' lang='lat' dir='ltr'><strong>Iam</strong></span> <span class='ocrx_word' id='word_1_190' title='bbox 3408 1530 3554 1588; x_wconf 77' lang='lat' dir='ltr'><strong>vero</strong></span> 
     </span>
     <span class='ocr_line' id='line_1_17' title="bbox 616 1606 3553 1688; baseline 0 -20"><span class='ocrx_word' id='word_1_191' title='bbox 616 1607 885 1686; x_wconf 85' lang='lat' dir='ltr'><strong>exposita</strong></span> <span class='ocrx_word' id='word_1_192' title='bbox 924 1607 1123 1686; x_wconf 90' lang='lat' dir='ltr'><strong>priore</strong></span> <span class='ocrx_word' id='word_1_193' title='bbox 1164 1619 1359 1686; x_wconf 90' lang='lat' dir='ltr'><strong>parte,</strong></span> <span class='ocrx_word' id='word_1_194' title='bbox 1400 1626 1519 1687; x_wconf 88' lang='lat' dir='ltr'><strong>qua</strong></span> <span class='ocrx_word' id='word_1_195' title='bbox 1556 1607 1638 1688; x_wconf 88' lang='lat' dir='ltr'><strong>pij</strong></span> <span class='ocrx_word' id='word_1_196' title='bbox 1678 1627 1809 1670; x_wconf 89' lang='lat' dir='ltr'><strong>sese</strong></span> <span class='ocrx_word' id='word_1_197' title='bbox 1846 1608 1926 1668; x_wconf 90' lang='lat' dir='ltr'><strong>ad</strong></span> <span class='ocrx_word' id='word_1_198' title='bbox 1966 1608 2166 1670; x_wconf 88' lang='lat' dir='ltr'><strong>Deum</strong></span> <span class='ocrx_word' id='word_1_199' title='bbox 2207 1606 2268 1667; x_wconf 89' lang='lat' dir='ltr'><strong>in</strong></span> <span class='ocrx_word' id='word_1_200' title='bbox 2309 1607 2578 1668; x_wconf 86' lang='lat' dir='ltr'><strong>Ecclesia</strong></span> <span class='ocrx_word' id='word_1_201' title='bbox 2619 1607 2745 1668; x_wconf 86' lang='lat' dir='ltr'><strong>eius</strong></span> <span class='ocrx_word' id='word_1_202' title='bbox 2783 1606 3128 1667; x_wconf 87' lang='lat' dir='ltr'><strong>adeundum</strong></span> <span class='ocrx_word' id='word_1_203' title='bbox 3165 1624 3553 1685; x_wconf 83' lang='lat' dir='ltr'><strong>comparaue-</strong></span> 
     </span>
     <span class='ocr_line' id='line_1_18' title="bbox 614 1686 3555 1769; baseline -0.001 -20"><span class='ocrx_word' id='word_1_204' title='bbox 614 1699 785 1766; x_wconf 88' lang='lat' dir='ltr'><strong>runt,</strong></span> <span class='ocrx_word' id='word_1_205' title='bbox 823 1687 923 1748; x_wconf 74' lang='lat' dir='ltr'><strong>hic</strong></span> <span class='ocrx_word' id='word_1_206' title='bbox 964 1689 1151 1748; x_wconf 89' lang='lat' dir='ltr'><strong>altera</strong></span> <span class='ocrx_word' id='word_1_207' title='bbox 1201 1687 1509 1750; x_wconf 88' lang='lat' dir='ltr'><strong>subiicitur</strong></span> <span class='ocrx_word' id='word_1_208' title='bbox 1522 1736 1539 1769; x_wconf 99' lang='lat'><strong>,</strong></span> <span class='ocrx_word' id='word_1_209' title='bbox 1580 1706 1699 1768; x_wconf 92' lang='lat' dir='ltr'><strong>qua</strong></span> <span class='ocrx_word' id='word_1_210' title='bbox 1739 1697 2008 1750; x_wconf 86' lang='lat' dir='ltr'><strong>sanctam</strong></span> <span class='ocrx_word' id='word_1_211' title='bbox 2051 1687 2548 1766; x_wconf 88' lang='lat' dir='ltr'><strong>perseuerantiam</strong></span> <span class='ocrx_word' id='word_1_212' title='bbox 2587 1705 2756 1748; x_wconf 88' lang='lat' dir='ltr'><strong>suam</strong></span> <span class='ocrx_word' id='word_1_213' title='bbox 2774 1689 3128 1765; x_wconf 88' lang='lat' dir='ltr'><strong>profitentur</strong></span> <span class='ocrx_word' id='word_1_214' title='bbox 3147 1687 3210 1746; x_wconf 90' lang='lat' dir='ltr'><strong>in</strong></span> <span class='ocrx_word' id='word_1_215' title='bbox 3230 1687 3378 1748; x_wconf 90' lang='lat' dir='ltr'><strong>boni</strong></span> <span class='ocrx_word' id='word_1_216' title='bbox 3397 1686 3555 1748; x_wconf 88' lang='lat' dir='ltr'><strong>illius</strong></span> 
     </span>
     <span class='ocr_line' id='line_1_19' title="bbox 615 1765 3552 1848; baseline 0 -20"><span class='ocrx_word' id='word_1_217' title='bbox 615 1767 895 1830; x_wconf 78' lang='lat' dir='ltr'><strong>diuinitus</strong></span> <span class='ocrx_word' id='word_1_218' title='bbox 954 1769 1219 1847; x_wconf 87' lang='lat' dir='ltr'><strong>percepti</strong></span> <span class='ocrx_word' id='word_1_219' title='bbox 1276 1769 1838 1832; x_wconf 86' lang='lat' dir='ltr'><strong>communicatione.</strong></span> <span class='ocrx_word' id='word_1_220' title='bbox 1900 1768 2100 1830; x_wconf 87' lang='lat' dir='ltr'><strong>Huius</strong></span> <span class='ocrx_word' id='word_1_221' title='bbox 2160 1789 2305 1848; x_wconf 88' lang='lat' dir='ltr'><strong>ergo</strong></span> <span class='ocrx_word' id='word_1_222' title='bbox 2357 1767 2786 1848; x_wconf 88' lang='lat' dir='ltr'><strong>propositionis</strong></span> <span class='ocrx_word' id='word_1_223' title='bbox 2841 1785 3074 1828; x_wconf 88' lang='lat' dir='ltr'><strong>summa</strong></span> <span class='ocrx_word' id='word_1_224' title='bbox 3126 1777 3248 1840; x_wconf 88' lang='lat' dir='ltr'><strong>est,</strong></span> <span class='ocrx_word' id='word_1_225' title='bbox 3289 1765 3552 1846; x_wconf 84' lang='lat' dir='ltr'><strong>profiteri</strong></span> 
     </span>
     <span class='ocr_line' id='line_1_20' title="bbox 612 1847 3552 1929; baseline -0 -21"><span class='ocrx_word' id='word_1_226' title='bbox 612 1848 748 1926; x_wconf 91' lang='lat' dir='ltr'><strong>pios</strong></span> <span class='ocrx_word' id='word_1_227' title='bbox 762 1893 780 1926; x_wconf 94' lang='lat'><strong>,</strong></span> <span class='ocrx_word' id='word_1_228' title='bbox 821 1852 877 1910; x_wconf 78' lang='grc' dir='ltr'><strong>δι</strong></span> <span class='ocrx_word' id='word_1_229' title='bbox 915 1849 1036 1910; x_wconf 87' lang='lat' dir='ltr'><strong>hoc</strong></span> <span class='ocrx_word' id='word_1_230' title='bbox 1078 1859 1345 1927; x_wconf 85' lang='lat' dir='ltr'><strong>tempore</strong></span> <span class='ocrx_word' id='word_1_231' title='bbox 1386 1849 1757 1912; x_wconf 87' lang='lat' dir='ltr'><strong>Christianos</strong></span> <span class='ocrx_word' id='word_1_232' title='bbox 1798 1869 2008 1911; x_wconf 90' lang='lat' dir='ltr'><strong>omnes</strong></span> <span class='ocrx_word' id='word_1_233' title='bbox 2021 1895 2040 1929; x_wconf 90' lang='lat'><strong>,</strong></span> <span class='ocrx_word' id='word_1_234' title='bbox 2083 1868 2148 1910; x_wconf 91' lang='lat' dir='ltr'><strong>se</strong></span> <span class='ocrx_word' id='word_1_235' title='bbox 2179 1849 2241 1910; x_wconf 92' lang='lat' dir='ltr'><strong>in</strong></span> <span class='ocrx_word' id='word_1_236' title='bbox 2275 1849 2585 1910; x_wconf 88' lang='lat' dir='ltr'><strong>Catholica</strong></span> <span class='ocrx_word' id='word_1_237' title='bbox 2625 1849 2741 1910; x_wconf 88' lang='lat' dir='ltr'><strong>Dei</strong></span> <span class='ocrx_word' id='word_1_238' title='bbox 2775 1847 3044 1909; x_wconf 89' lang='lat' dir='ltr'><strong>Ecclesia</strong></span> <span class='ocrx_word' id='word_1_239' title='bbox 3065 1850 3123 1909; x_wconf 71' lang='grc' dir='ltr'><strong>ὅτ</strong></span> <span class='ocrx_word' id='word_1_240' title='bbox 3142 1858 3312 1926; x_wconf 91' lang='lat' dir='ltr'><strong>parte</strong></span> <span class='ocrx_word' id='word_1_241' title='bbox 3332 1847 3552 1908; x_wconf 89' lang='lat' dir='ltr'><strong>Catho-</strong></span> 
     </span>
     <span class='ocr_line' id='line_1_21' title="bbox 612 1927 3554 2010; baseline 0 -22"><span class='ocrx_word' id='word_1_242' title='bbox 612 1928 763 1989; x_wconf 89' lang='lat' dir='ltr'><strong>licae</strong></span> <span class='ocrx_word' id='word_1_243' title='bbox 814 1946 967 2006; x_wconf 90' lang='lat' dir='ltr'><strong>quae</strong></span> <span class='ocrx_word' id='word_1_244' title='bbox 1008 1927 1107 1990; x_wconf 77' lang='lat' dir='ltr'><strong>hic</strong></span> <span class='ocrx_word' id='word_1_245' title='bbox 1146 1929 1209 1989; x_wconf 89' lang='lat' dir='ltr'><strong>in</strong></span> <span class='ocrx_word' id='word_1_246' title='bbox 1248 1929 1416 1991; x_wconf 88' lang='lat' dir='ltr'><strong>terris</strong></span> <span class='ocrx_word' id='word_1_247' title='bbox 1454 1943 1745 2010; x_wconf 85' lang='lat' dir='ltr'><strong>versatur,</strong></span> <span class='ocrx_word' id='word_1_248' title='bbox 1786 1939 2131 1992; x_wconf 88' lang='lat' dir='ltr'><strong>constanter</strong></span> <span class='ocrx_word' id='word_1_249' title='bbox 2171 1947 2482 1991; x_wconf 90' lang='lat' dir='ltr'><strong>mansuros</strong></span> <span class='ocrx_word' id='word_1_250' title='bbox 2521 1950 2681 2008; x_wconf 89' lang='lat' dir='ltr'><strong>esse,</strong></span> <span class='ocrx_word' id='word_1_251' title='bbox 2723 1945 2920 2007; x_wconf 88' lang='lat' dir='ltr'><strong>neque</strong></span> <span class='ocrx_word' id='word_1_252' title='bbox 2959 1930 3038 1990; x_wconf 89' lang='lat' dir='ltr'><strong>ab</strong></span> <span class='ocrx_word' id='word_1_253' title='bbox 3079 1947 3154 1988; x_wconf 88' lang='lat' dir='ltr'><strong>ea</strong></span> <span class='ocrx_word' id='word_1_254' title='bbox 3191 1939 3296 1990; x_wconf 86' lang='lat' dir='ltr'><strong>aut</strong></span> <span class='ocrx_word' id='word_1_255' title='bbox 3336 1927 3554 1989; x_wconf 88' lang='lat' dir='ltr'><strong>diuinis</strong></span> 
     </span>
     <span class='ocr_line' id='line_1_22' title="bbox 610 2007 3546 2089; baseline 0 -21"><span class='ocrx_word' id='word_1_256' title='bbox 610 2007 888 2072; x_wconf 85' lang='lat' dir='ltr'><strong>institutis</strong></span> <span class='ocrx_word' id='word_1_257' title='bbox 949 2009 1073 2071; x_wconf 89' lang='lat' dir='ltr'><strong>eius</strong></span> <span class='ocrx_word' id='word_1_258' title='bbox 1124 2015 1345 2072; x_wconf 75' lang='lat' dir='ltr'><strong>temere</strong></span> <span class='ocrx_word' id='word_1_259' title='bbox 1385 2011 1767 2074; x_wconf 85' lang='lat' dir='ltr'><strong>discessuros.</strong></span> <span class='ocrx_word' id='word_1_260' title='bbox 1827 2014 2030 2088; x_wconf 87' lang='lat' dir='ltr'><strong>Atque</strong></span> <span class='ocrx_word' id='word_1_261' title='bbox 2067 2011 2226 2072; x_wconf 89' lang='lat' dir='ltr'><strong>hanc</strong></span> <span class='ocrx_word' id='word_1_262' title='bbox 2264 2013 2700 2089; x_wconf 82' lang='lat' dir='ltr'><strong>professionem</strong></span> <span class='ocrx_word' id='word_1_263' title='bbox 2739 2007 2956 2088; x_wconf 85' lang='lat' dir='ltr'><strong>singuli</strong></span> <span class='ocrx_word' id='word_1_264' title='bbox 2994 2009 3074 2087; x_wconf 87' lang='lat' dir='ltr'><strong>pij</strong></span> <span class='ocrx_word' id='word_1_265' title='bbox 3107 2011 3238 2069; x_wconf 86' lang='lat' dir='ltr'><strong>&#39;hoc</strong></span> <span class='ocrx_word' id='word_1_266' title='bbox 3276 2011 3420 2070; x_wconf 91' lang='lat' dir='ltr'><strong>loco</strong></span> <span class='ocrx_word' id='word_1_267' title='bbox 3463 2008 3546 2069; x_wconf 89' lang='lat' dir='ltr'><strong>ita</strong></span> 
     </span>
     <span class='ocr_line' id='line_1_23' title="bbox 611 2087 3552 2172; baseline 0 -22"><span class='ocrx_word' id='word_1_268' title='bbox 611 2087 888 2150; x_wconf 90' lang='lat' dir='ltr'><strong>dicuntur</strong></span> <span class='ocrx_word' id='word_1_269' title='bbox 930 2092 1153 2168; x_wconf 86' lang='lat' dir='ltr'><strong>facere,</strong></span> <span class='ocrx_word' id='word_1_270' title='bbox 1192 2101 1257 2152; x_wconf 83' lang='lat' dir='ltr'><strong>vt</strong></span> <span class='ocrx_word' id='word_1_271' title='bbox 1296 2089 1387 2152; x_wconf 90' lang='lat' dir='ltr'><strong>sui</strong></span> <span class='ocrx_word' id='word_1_272' title='bbox 1426 2093 1681 2172; x_wconf 86' lang='lat' dir='ltr'><strong>religiosi</strong></span> <span class='ocrx_word' id='word_1_273' title='bbox 1722 2091 1895 2168; x_wconf 89' lang='lat' dir='ltr'><strong>studij</strong></span> <span class='ocrx_word' id='word_1_274' title='bbox 1938 2109 2063 2152; x_wconf 90' lang='lat' dir='ltr'><strong>non</strong></span> <span class='ocrx_word' id='word_1_275' title='bbox 2103 2093 2264 2152; x_wconf 91' lang='lat' dir='ltr'><strong>hunc</strong></span> <span class='ocrx_word' id='word_1_276' title='bbox 2306 2093 2501 2152; x_wconf 76' lang='lat' dir='ltr'><strong>solum</strong></span> <span class='ocrx_word' id='word_1_277' title='bbox 2539 2101 2643 2152; x_wconf 88' lang='lat' dir='ltr'><strong>aut</strong></span> <span class='ocrx_word' id='word_1_278' title='bbox 2661 2092 2830 2152; x_wconf 87' lang='lat' dir='ltr'><strong>illum</strong></span> <span class='ocrx_word' id='word_1_279' title='bbox 2845 2134 2862 2168; x_wconf 95' lang='lat'><strong>,</strong></span> <span class='ocrx_word' id='word_1_280' title='bbox 2897 2089 3006 2150; x_wconf 87' lang='lat' dir='ltr'><strong>sed</strong></span> <span class='ocrx_word' id='word_1_281' title='bbox 3023 2099 3218 2150; x_wconf 87' lang='lat' dir='ltr'><strong>totum</strong></span> <span class='ocrx_word' id='word_1_282' title='bbox 3239 2087 3552 2150; x_wconf 87' lang='lat' dir='ltr'><strong>Ecclesiae</strong></span> 
     </span>
     <span class='ocr_line' id='line_1_24' title="bbox 608 2167 3546 2252; baseline 0 -22"><span class='ocrx_word' id='word_1_283' title='bbox 608 2187 859 2250; x_wconf 90' lang='lat' dir='ltr'><strong>corpus,</strong></span> <span class='ocrx_word' id='word_1_284' title='bbox 922 2169 1253 2230; x_wconf 85' lang='lat' dir='ltr'><strong>Ecclesiam</strong></span> <span class='ocrx_word' id='word_1_285' title='bbox 1309 2171 1601 2251; x_wconf 88' lang='lat' dir='ltr'><strong>(inquam)</strong></span> <span class='ocrx_word' id='word_1_286' title='bbox 1652 2174 1843 2252; x_wconf 86' lang='lat' dir='ltr'><strong>ipsam</strong></span> <span class='ocrx_word' id='word_1_287' title='bbox 1892 2181 2104 2232; x_wconf 88' lang='lat' dir='ltr'><strong>testem</strong></span> <span class='ocrx_word' id='word_1_288' title='bbox 2157 2171 2486 2250; x_wconf 87' lang='lat' dir='ltr'><strong>aduocent,</strong></span> <span class='ocrx_word' id='word_1_289' title='bbox 2525 2171 2940 2251; x_wconf 87' lang='lat' dir='ltr'><strong>spectatricem</strong></span> <span class='ocrx_word' id='word_1_290' title='bbox 2979 2167 3168 2230; x_wconf 84' lang='lat' dir='ltr'><strong>sancti</strong></span> <span class='ocrx_word' id='word_1_291' title='bbox 3211 2169 3444 2247; x_wconf 86' lang='lat' dir='ltr'><strong>consilij</strong></span> <span class='ocrx_word' id='word_1_292' title='bbox 3487 2171 3546 2230; x_wconf 74' lang='grc' dir='ltr'><strong>δι</strong></span> 
     </span>
     <span class='ocr_line' id='line_1_25' title="bbox 608 2248 3542 2330; baseline 0 -21"><span class='ocrx_word' id='word_1_293' title='bbox 608 2250 925 2312; x_wconf 86' lang='lat' dir='ltr'><strong>voluntatis</strong></span> <span class='ocrx_word' id='word_1_294' title='bbox 964 2267 1123 2311; x_wconf 90' lang='lat' dir='ltr'><strong>suae.</strong></span> <span class='ocrx_word' id='word_1_295' title='bbox 1186 2251 1599 2327; x_wconf 86' lang='lat' dir='ltr'><strong>Quamobrem</strong></span> <span class='ocrx_word' id='word_1_296' title='bbox 1637 2265 1705 2315; x_wconf 89' lang='lat' dir='ltr'><strong>vt</strong></span> <span class='ocrx_word' id='word_1_297' title='bbox 1742 2255 1861 2313; x_wconf 89' lang='lat' dir='ltr'><strong>hoc</strong></span> <span class='ocrx_word' id='word_1_298' title='bbox 1902 2261 2318 2330; x_wconf 88' lang='lat' dir='ltr'><strong>argumentum</strong></span> <span class='ocrx_word' id='word_1_299' title='bbox 2359 2252 2738 2314; x_wconf 73' lang='lat' dir='ltr'><strong>commodius</strong></span> <span class='ocrx_word' id='word_1_300' title='bbox 2781 2267 3150 2329; x_wconf 83' lang='lat' dir='ltr'><strong>exponamus</strong></span> <span class='ocrx_word' id='word_1_301' title='bbox 3168 2295 3185 2329; x_wconf 95' lang='lat'><strong>,</strong></span> <span class='ocrx_word' id='word_1_302' title='bbox 3226 2250 3283 2309; x_wconf 69' lang='lat'><strong>81</strong></span> <span class='ocrx_word' id='word_1_303' title='bbox 3323 2248 3542 2328; x_wconf 88' lang='lat' dir='ltr'><strong>singuli</strong></span> 
     </span>
     <span class='ocr_line' id='line_1_26' title="bbox 607 2330 3538 2410; baseline 0.001 -20"><span class='ocrx_word' id='word_1_304' title='bbox 607 2331 814 2391; x_wconf 76' lang='lat' dir='ltr'><strong>melius</strong></span> <span class='ocrx_word' id='word_1_305' title='bbox 861 2330 1219 2409; x_wconf 88' lang='lat' dir='ltr'><strong>intelligant,</strong></span> <span class='ocrx_word' id='word_1_306' title='bbox 1273 2331 1385 2392; x_wconf 87' lang='lat' dir='ltr'><strong>tria</strong></span> <span class='ocrx_word' id='word_1_307' title='bbox 1422 2335 1597 2396; x_wconf 88' lang='lat' dir='ltr'><strong>nobis</strong></span> <span class='ocrx_word' id='word_1_308' title='bbox 1636 2333 1848 2396; x_wconf 89' lang='lat' dir='ltr'><strong>ordine</strong></span> <span class='ocrx_word' id='word_1_309' title='bbox 1888 2332 2149 2394; x_wconf 87' lang='lat' dir='ltr'><strong>videnda</strong></span> <span class='ocrx_word' id='word_1_310' title='bbox 2185 2344 2322 2392; x_wconf 91' lang='lat' dir='ltr'><strong>sunt</strong></span> <span class='ocrx_word' id='word_1_311' title='bbox 2360 2331 2423 2392; x_wconf 88' lang='lat' dir='ltr'><strong>in</strong></span> <span class='ocrx_word' id='word_1_312' title='bbox 2464 2334 2582 2393; x_wconf 93' lang='lat' dir='ltr'><strong>hoc</strong></span> <span class='ocrx_word' id='word_1_313' title='bbox 2625 2347 2798 2392; x_wconf 87' lang='lat' dir='ltr'><strong>versu</strong></span> <span class='ocrx_word' id='word_1_314' title='bbox 2837 2330 3044 2410; x_wconf 86' lang='lat' dir='ltr'><strong>paucis</strong></span> <span class='ocrx_word' id='word_1_315' title='bbox 3083 2331 3538 2408; x_wconf 84' lang='lat' dir='ltr'><strong>comprehensa.</strong></span> 
     </span>
     <span class='ocr_line' id='line_1_27' title="bbox 604 2408 3536 2493; baseline 0 -23"><span class='ocrx_word' id='word_1_316' title='bbox 604 2408 903 2492; x_wconf 72' lang='lat' dir='ltr'><strong>Primum,</strong></span> <span class='ocrx_word' id='word_1_317' title='bbox 954 2427 1135 2491; x_wconf 91' lang='lat' dir='ltr'><strong>quam</strong></span> <span class='ocrx_word' id='word_1_318' title='bbox 1184 2413 1683 2489; x_wconf 87' lang='lat' dir='ltr'><strong>perseuerantiam</strong></span> <span class='ocrx_word' id='word_1_319' title='bbox 1737 2414 2122 2493; x_wconf 87' lang='lat' dir='ltr'><strong>profiteantur</strong></span> <span class='ocrx_word' id='word_1_320' title='bbox 2159 2412 2276 2491; x_wconf 79' lang='lat' dir='ltr'><strong>pii:</strong></span> <span class='ocrx_word' id='word_1_321' title='bbox 2339 2413 2618 2475; x_wconf 78' lang='lat' dir='ltr'><strong>Secundo</strong></span> <span class='ocrx_word' id='word_1_322' title='bbox 2635 2456 2653 2492; x_wconf 89' lang='lat'><strong>,</strong></span> <span class='ocrx_word' id='word_1_323' title='bbox 2695 2429 2848 2491; x_wconf 88' lang='lat' dir='ltr'><strong>quos</strong></span> <span class='ocrx_word' id='word_1_324' title='bbox 2889 2411 3038 2472; x_wconf 85' lang='lat' dir='ltr'><strong>fines</strong></span> <span class='ocrx_word' id='word_1_325' title='bbox 3077 2419 3343 2472; x_wconf 86' lang='lat' dir='ltr'><strong>statuant</strong></span> <span class='ocrx_word' id='word_1_326' title='bbox 3379 2409 3536 2471; x_wconf 88' lang='lat' dir='ltr'><strong>illius</strong></span> 
     </span>
     <span class='ocr_line' id='line_1_28' title="bbox 602 2490 3538 2573; baseline -0 -21"><span class='ocrx_word' id='word_1_327' title='bbox 602 2492 1098 2569; x_wconf 86' lang='lat' dir='ltr'><strong>perseuerantiae3</strong></span> <span class='ocrx_word' id='word_1_328' title='bbox 1140 2494 1445 2555; x_wconf 81' lang='lat' dir='ltr'><strong>Postremo</strong></span> <span class='ocrx_word' id='word_1_329' title='bbox 1486 2506 1687 2556; x_wconf 86' lang='lat' dir='ltr'><strong>autem</strong></span> <span class='ocrx_word' id='word_1_330' title='bbox 1727 2512 1879 2573; x_wconf 85' lang='lat' dir='ltr'><strong>quos</strong></span> <span class='ocrx_word' id='word_1_331' title='bbox 1920 2492 2245 2554; x_wconf 86' lang='lat' dir='ltr'><strong>adhibeant</strong></span> <span class='ocrx_word' id='word_1_332' title='bbox 2282 2502 2460 2553; x_wconf 73' lang='lat' dir='ltr'><strong>testes</strong></span> <span class='ocrx_word' id='word_1_333' title='bbox 2494 2492 2894 2555; x_wconf 86' lang='lat' dir='ltr'><strong>conscientiae</strong></span> <span class='ocrx_word' id='word_1_334' title='bbox 2915 2490 3182 2570; x_wconf 88' lang='lat' dir='ltr'><strong>ipsorum</strong></span> <span class='ocrx_word' id='word_1_335' title='bbox 3205 2501 3538 2551; x_wconf 86' lang='lat' dir='ltr'><strong>annuentes</strong></span> 
     </span>
     <span class='ocr_line' id='line_1_29' title="bbox 601 2572 3548 2653; baseline 0.001 -22"><span class='ocrx_word' id='word_1_336' title='bbox 601 2580 781 2649; x_wconf 89' lang='lat' dir='ltr'><strong>atque</strong></span> <span class='ocrx_word' id='word_1_337' title='bbox 818 2582 1179 2634; x_wconf 75' lang='lat' dir='ltr'><strong>attestantes.</strong></span> <span class='ocrx_word' id='word_1_338' title='bbox 1243 2574 1745 2637; x_wconf 87' lang='lat' dir='ltr'><strong>Perseuerantiam</strong></span> <span class='ocrx_word' id='word_1_339' title='bbox 1784 2574 2074 2635; x_wconf 85' lang='lat' dir='ltr'><strong>denotant</strong></span> <span class='ocrx_word' id='word_1_340' title='bbox 2111 2574 2262 2634; x_wconf 90' lang='lat' dir='ltr'><strong>haec</strong></span> <span class='ocrx_word' id='word_1_341' title='bbox 2303 2573 2516 2653; x_wconf 79' lang='lat' dir='ltr'><strong>verba,</strong></span> <span class='ocrx_word' id='word_1_342' title='bbox 2565 2574 2946 2634; x_wconf 76' lang='lat' dir='ltr'><strong>Consistentes</strong></span> <span class='ocrx_word' id='word_1_343' title='bbox 2983 2579 3124 2632; x_wconf 82' lang='lat' dir='ltr'><strong>sunt</strong></span> <span class='ocrx_word' id='word_1_344' title='bbox 3123 2572 3306 2651; x_wconf 81' lang='lat' dir='ltr'><strong>pedes</strong></span> <span class='ocrx_word' id='word_1_345' title='bbox 3325 2572 3526 2631; x_wconf 74' lang='lat' dir='ltr'><strong>nostri</strong></span> <span class='ocrx_word' id='word_1_346' title='bbox 3531 2612 3548 2633; x_wconf 87' lang='lat'><strong>.</strong></span> 
     </span>
     <span class='ocr_line' id='line_1_30' title="bbox 602 2650 3538 2731; baseline 0.001 -20"><span class='ocrx_word' id='word_1_347' title='bbox 602 2650 777 2713; x_wconf 86' lang='lat' dir='ltr'><strong>Fines</strong></span> <span class='ocrx_word' id='word_1_348' title='bbox 826 2652 980 2714; x_wconf 88' lang='lat' dir='ltr'><strong>illius</strong></span> <span class='ocrx_word' id='word_1_349' title='bbox 1038 2652 1511 2731; x_wconf 85' lang='lat' dir='ltr'><strong>perseuerantiae</strong></span> <span class='ocrx_word' id='word_1_350' title='bbox 1568 2655 2132 2718; x_wconf 88' lang='lat' dir='ltr'><strong>circumscribuntur</strong></span> <span class='ocrx_word' id='word_1_351' title='bbox 2183 2654 2262 2715; x_wconf 89' lang='lat' dir='ltr'><strong>ab</strong></span> <span class='ocrx_word' id='word_1_352' title='bbox 2315 2652 2458 2731; x_wconf 81' lang='lat' dir='ltr'><strong>illis,</strong></span> <span class='ocrx_word' id='word_1_353' title='bbox 2511 2655 2651 2717; x_wconf 79' lang='lat' dir='ltr'><strong>eum</strong></span> <span class='ocrx_word' id='word_1_354' title='bbox 2701 2653 3006 2731; x_wconf 87' lang='lat' dir='ltr'><strong>inquiunt,</strong></span> <span class='ocrx_word' id='word_1_355' title='bbox 3059 2653 3124 2711; x_wconf 82' lang='lat' dir='ltr'><strong>in</strong></span> <span class='ocrx_word' id='word_1_356' title='bbox 3159 2654 3360 2727; x_wconf 67' lang='lat' dir='ltr'><strong>portis·</strong></span> <span class='ocrx_word' id='word_1_357' title='bbox 3397 2652 3538 2713; x_wconf 67' lang='lat' dir='ltr'><strong>tuit.</strong></span> 
     </span>
     <span class='ocr_line' id='line_1_31' title="bbox 600 2729 3543 2812; baseline 0 -21"><span class='ocrx_word' id='word_1_358' title='bbox 600 2732 1034 2794; x_wconf 88' lang='lat' dir='ltr'><strong>Testimonium</strong></span> <span class='ocrx_word' id='word_1_359' title='bbox 1074 2736 1216 2793; x_wconf 79' lang='lat' dir='ltr'><strong>vero</strong></span> <span class='ocrx_word' id='word_1_360' title='bbox 1260 2734 1563 2795; x_wconf 85' lang='lat' dir='ltr'><strong>Ecclesiae</strong></span> <span class='ocrx_word' id='word_1_361' title='bbox 1601 2737 1681 2796; x_wconf 90' lang='lat' dir='ltr'><strong>ad</strong></span> <span class='ocrx_word' id='word_1_362' title='bbox 1722 2738 1871 2797; x_wconf 89' lang='lat' dir='ltr'><strong>haec</strong></span> <span class='ocrx_word' id='word_1_363' title='bbox 1910 2734 2114 2795; x_wconf 90' lang='lat' dir='ltr'><strong>omnia</strong></span> <span class='ocrx_word' id='word_1_364' title='bbox 2154 2734 2509 2811; x_wconf 87' lang='lat' dir='ltr'><strong>appellatur,</strong></span> <span class='ocrx_word' id='word_1_365' title='bbox 2549 2734 2689 2812; x_wconf 90' lang='lat' dir='ltr'><strong>quia</strong></span> <span class='ocrx_word' id='word_1_366' title='bbox 2719 2733 2872 2793; x_wconf 88' lang='lat' dir='ltr'><strong>illius</strong></span> <span class='ocrx_word' id='word_1_367' title='bbox 2901 2741 2990 2794; x_wconf 90' lang='lat' dir='ltr'><strong>est</strong></span> <span class='ocrx_word' id='word_1_368' title='bbox 3008 2729 3310 2793; x_wconf 85' lang='lat' dir='ltr'><strong>testificari</strong></span> <span class='ocrx_word' id='word_1_369' title='bbox 3331 2748 3543 2793; x_wconf 86' lang='lat' dir='ltr'><strong>secun·</strong></span> 
     </span>
     <span class='ocr_line' id='line_1_32' title="bbox 600 2808 3540 2894; baseline -0 -22"><span class='ocrx_word' id='word_1_370' title='bbox 600 2808 747 2873; x_wconf 77' lang='lat' dir='ltr'><strong>dum</strong></span> <span class='ocrx_word' id='word_1_371' title='bbox 786 2814 1015 2893; x_wconf 88' lang='lat' dir='ltr'><strong>Deum,</strong></span> <span class='ocrx_word' id='word_1_372' title='bbox 1068 2822 1195 2873; x_wconf 90' lang='lat' dir='ltr'><strong>tum</strong></span> <span class='ocrx_word' id='word_1_373' title='bbox 1234 2812 1311 2874; x_wconf 89' lang='lat' dir='ltr'><strong>de</strong></span> <span class='ocrx_word' id='word_1_374' title='bbox 1348 2814 1537 2893; x_wconf 89' lang='lat' dir='ltr'><strong>portis</strong></span> <span class='ocrx_word' id='word_1_375' title='bbox 1580 2815 1699 2877; x_wconf 88' lang='lat' dir='ltr'><strong>suis</strong></span> <span class='ocrx_word' id='word_1_376' title='bbox 1738 2818 1827 2894; x_wconf 79' lang='lat' dir='ltr'><strong>(vt</strong></span> <span class='ocrx_word' id='word_1_377' title='bbox 1869 2832 2012 2875; x_wconf 89' lang='lat' dir='ltr'><strong>cum</strong></span> <span class='ocrx_word' id='word_1_378' title='bbox 2051 2815 2349 2892; x_wconf 84' lang='lat' dir='ltr'><strong>Propheta</strong></span> <span class='ocrx_word' id='word_1_379' title='bbox 2388 2817 2728 2893; x_wconf 86' lang='lat' dir='ltr'><strong>loquamur)</strong></span> <span class='ocrx_word' id='word_1_380' title='bbox 2769 2824 2896 2873; x_wconf 89' lang='lat' dir='ltr'><strong>tum</strong></span> <span class='ocrx_word' id='word_1_381' title='bbox 2936 2812 3015 2873; x_wconf 89' lang='lat' dir='ltr'><strong>de</strong></span> <span class='ocrx_word' id='word_1_382' title='bbox 3055 2812 3342 2873; x_wconf 89' lang='lat' dir='ltr'><strong>membris</strong></span> <span class='ocrx_word' id='word_1_383' title='bbox 3384 2811 3540 2871; x_wconf 88' lang='lat' dir='ltr'><strong>intra</strong></span> 
     </span>
     <span class='ocr_line' id='line_1_33' title="bbox 602 2892 1349 2973; baseline 0.003 -20"><span class='ocrx_word' id='word_1_384' title='bbox 602 2901 807 2971; x_wconf 84' lang='lat' dir='ltr'><strong>portas</strong></span> <span class='ocrx_word' id='word_1_385' title='bbox 847 2893 974 2955; x_wconf 89' lang='lat' dir='ltr'><strong>eius</strong></span> <span class='ocrx_word' id='word_1_386' title='bbox 1015 2892 1349 2973; x_wconf 87' lang='lat' dir='ltr'><strong>agentibus.</strong></span> 
     </span>
    </p>

    <p class='ocr_par' dir='ltr' id='par_1_5' title="bbox 586 2967 3544 4097">
     <span class='ocr_line' id='line_1_34' title="bbox 680 2967 3544 3052; baseline -0 -20"><span class='ocrx_word' id='word_1_387' title='bbox 680 2974 775 3033; x_wconf 90' lang='lat' dir='ltr'><strong>Ac</strong></span> <span class='ocrx_word' id='word_1_388' title='bbox 825 2972 1052 3052; x_wconf 90' lang='lat' dir='ltr'><strong>primus</strong></span> <span class='ocrx_word' id='word_1_389' title='bbox 1096 2971 1341 3051; x_wconf 89' lang='lat' dir='ltr'><strong>quidem</strong></span> <span class='ocrx_word' id='word_1_390' title='bbox 1390 2972 1489 3035; x_wconf 89' lang='lat' dir='ltr'><strong>ille</strong></span> <span class='ocrx_word' id='word_1_391' title='bbox 1524 2976 1693 3036; x_wconf 90' lang='lat' dir='ltr'><strong>locus</strong></span> <span class='ocrx_word' id='word_1_392' title='bbox 1734 2974 1813 3037; x_wconf 92' lang='lat' dir='ltr'><strong>de</strong></span> <span class='ocrx_word' id='word_1_393' title='bbox 1852 2972 2291 3051; x_wconf 86' lang='lat' dir='ltr'><strong>perseuerantia</strong></span> <span class='ocrx_word' id='word_1_394' title='bbox 2328 2983 2673 3035; x_wconf 86' lang='lat' dir='ltr'><strong>sanctorum</strong></span> <span class='ocrx_word' id='word_1_395' title='bbox 2713 2990 2838 3033; x_wconf 91' lang='lat' dir='ltr'><strong>non</strong></span> <span class='ocrx_word' id='word_1_396' title='bbox 2877 2974 3103 3033; x_wconf 77' lang='lat' dir='ltr'><strong>temere</strong></span> <span class='ocrx_word' id='word_1_397' title='bbox 3140 2974 3179 3031; x_wconf 79' lang='lat' dir='ltr'><strong>a</strong></span> <span class='ocrx_word' id='word_1_398' title='bbox 3219 2970 3334 3049; x_wconf 91' lang='lat' dir='ltr'><strong>piis</strong></span> <span class='ocrx_word' id='word_1_399' title='bbox 3371 2967 3544 3031; x_wconf 87' lang='lat' dir='ltr'><strong>adhi-</strong></span> 
     </span>
     <span class='ocr_line' id='line_1_35' title="bbox 598 3050 3536 3131; baseline -0 -20"><span class='ocrx_word' id='word_1_400' title='bbox 598 3051 799 3112; x_wconf 87' lang='lat' dir='ltr'><strong>betur:</strong></span> <span class='ocrx_word' id='word_1_401' title='bbox 860 3054 1001 3131; x_wconf 89' lang='lat' dir='ltr'><strong>quia</strong></span> <span class='ocrx_word' id='word_1_402' title='bbox 1058 3072 1269 3114; x_wconf 89' lang='lat' dir='ltr'><strong>omnes</strong></span> <span class='ocrx_word' id='word_1_403' title='bbox 1316 3052 1589 3115; x_wconf 90' lang='lat' dir='ltr'><strong>homines</strong></span> <span class='ocrx_word' id='word_1_404' title='bbox 1643 3054 1722 3116; x_wconf 89' lang='lat' dir='ltr'><strong>ad</strong></span> <span class='ocrx_word' id='word_1_405' title='bbox 1774 3055 2146 3115; x_wconf 87' lang='lat' dir='ltr'><strong>sanctitatem</strong></span> <span class='ocrx_word' id='word_1_406' title='bbox 2199 3072 2404 3115; x_wconf 83' lang='lat' dir='ltr'><strong>veram</strong></span> <span class='ocrx_word' id='word_1_407' title='bbox 2457 3057 2496 3114; x_wconf 75' lang='lat' dir='ltr'><strong>a</strong></span> <span class='ocrx_word' id='word_1_408' title='bbox 2550 3055 2688 3113; x_wconf 91' lang='lat' dir='ltr'><strong>Deo</strong></span> <span class='ocrx_word' id='word_1_409' title='bbox 2733 3051 3051 3131; x_wconf 88' lang='lat' dir='ltr'><strong>prouocati</strong></span> <span class='ocrx_word' id='word_1_410' title='bbox 3090 3054 3148 3114; x_wconf 72' lang='grc' dir='ltr'><strong>δι</strong></span> <span class='ocrx_word' id='word_1_411' title='bbox 3191 3050 3430 3112; x_wconf 89' lang='lat' dir='ltr'><strong>accensi</strong></span> <span class='ocrx_word' id='word_1_412' title='bbox 3471 3050 3536 3110; x_wconf 92' lang='lat' dir='ltr'><strong>in</strong></span> 
     </span>
     <span class='ocr_line' id='line_1_36' title="bbox 596 3130 3538 3211; baseline -0 -19"><span class='ocrx_word' id='word_1_413' title='bbox 596 3130 867 3193; x_wconf 88' lang='lat' dir='ltr'><strong>Ecclesia</strong></span> <span class='ocrx_word' id='word_1_414' title='bbox 919 3133 1042 3195; x_wconf 90' lang='lat' dir='ltr'><strong>eius</strong></span> <span class='ocrx_word' id='word_1_415' title='bbox 1059 3178 1078 3211; x_wconf 92' lang='lat'><strong>,</strong></span> <span class='ocrx_word' id='word_1_416' title='bbox 1116 3134 1313 3194; x_wconf 89' lang='lat' dir='ltr'><strong>adhuc</strong></span> <span class='ocrx_word' id='word_1_417' title='bbox 1355 3152 1426 3194; x_wconf 90' lang='lat' dir='ltr'><strong>ea</strong></span> <span class='ocrx_word' id='word_1_418' title='bbox 1462 3135 1749 3197; x_wconf 89' lang='lat' dir='ltr'><strong>caecitate</strong></span> <span class='ocrx_word' id='word_1_419' title='bbox 1788 3134 2002 3197; x_wconf 88' lang='lat' dir='ltr'><strong>mentis</strong></span> <span class='ocrx_word' id='word_1_420' title='bbox 2043 3135 2100 3193; x_wconf 86' lang='lat'>&amp;</span> <span class='ocrx_word' id='word_1_421' title='bbox 2138 3133 2332 3195; x_wconf 90' lang='lat' dir='ltr'><strong>carnis</strong></span> <span class='ocrx_word' id='word_1_422' title='bbox 2373 3132 2715 3195; x_wconf 84' lang='lat' dir='ltr'><strong>infirmitate</strong></span> <span class='ocrx_word' id='word_1_423' title='bbox 2757 3142 2923 3211; x_wconf 87' lang='lat' dir='ltr'><strong>sunt,</strong></span> <span class='ocrx_word' id='word_1_424' title='bbox 2966 3133 3115 3193; x_wconf 87' lang='lat' dir='ltr'><strong>dum</strong></span> <span class='ocrx_word' id='word_1_425' title='bbox 3165 3130 3268 3191; x_wconf 81' lang='lat' dir='ltr'><strong>hle</strong></span> <span class='ocrx_word' id='word_1_426' title='bbox 3285 3132 3350 3193; x_wconf 88' lang='lat' dir='ltr'><strong>in</strong></span> <span class='ocrx_word' id='word_1_427' title='bbox 3369 3130 3538 3192; x_wconf 86' lang='lat' dir='ltr'><strong>terris</strong></span> 
     </span>
     <span class='ocr_line' id='line_1_37' title="bbox 595 3210 3537 3293; baseline 0 -22"><span class='ocrx_word' id='word_1_428' title='bbox 595 3210 805 3273; x_wconf 82' lang='lat' dir='ltr'><strong>viuunt</strong></span> <span class='ocrx_word' id='word_1_429' title='bbox 857 3216 913 3275; x_wconf 72' lang='grc' dir='ltr'><strong>ὅτ</strong></span> <span class='ocrx_word' id='word_1_430' title='bbox 963 3211 1257 3274; x_wconf 88' lang='lat' dir='ltr'><strong>lubricum</strong></span> <span class='ocrx_word' id='word_1_431' title='bbox 1310 3212 1422 3274; x_wconf 89' lang='lat' dir='ltr'><strong>iter</strong></span> <span class='ocrx_word' id='word_1_432' title='bbox 1460 3216 1632 3278; x_wconf 87' lang='lat' dir='ltr'><strong>huius</strong></span> <span class='ocrx_word' id='word_1_433' title='bbox 1672 3215 1878 3279; x_wconf 90' lang='lat' dir='ltr'><strong>mundi</strong></span> <span class='ocrx_word' id='word_1_434' title='bbox 1916 3222 2223 3293; x_wconf 88' lang='lat' dir='ltr'><strong>premunt,</strong></span> <span class='ocrx_word' id='word_1_435' title='bbox 2271 3226 2334 3275; x_wconf 84' lang='lat' dir='ltr'><strong>vt</strong></span> <span class='ocrx_word' id='word_1_436' title='bbox 2375 3217 2540 3275; x_wconf 90' lang='lat' dir='ltr'><strong>nullo</strong></span> <span class='ocrx_word' id='word_1_437' title='bbox 2581 3215 2770 3275; x_wconf 77' lang='lat' dir='ltr'><strong>ferme</strong></span> <span class='ocrx_word' id='word_1_438' title='bbox 2811 3212 3057 3292; x_wconf 89' lang='lat' dir='ltr'><strong>negotio</strong></span> <span class='ocrx_word' id='word_1_439' title='bbox 3096 3212 3286 3290; x_wconf 90' lang='lat' dir='ltr'><strong>pedes</strong></span> <span class='ocrx_word' id='word_1_440' title='bbox 3325 3228 3537 3272; x_wconf 88' lang='lat' dir='ltr'><strong>eorum</strong></span> 
     </span>
     <span class='ocr_line' id='line_1_38' title="bbox 593 3290 3539 3373; baseline -0 -21"><span class='ocrx_word' id='word_1_441' title='bbox 593 3294 631 3352; x_wconf 77' lang='lat' dir='ltr'><strong>a</strong></span> <span class='ocrx_word' id='word_1_442' title='bbox 689 3292 799 3355; x_wconf 78' lang='lat' dir='ltr'><strong>viis</strong></span> <span class='ocrx_word' id='word_1_443' title='bbox 855 3310 1006 3372; x_wconf 89' lang='lat' dir='ltr'><strong>quas</strong></span> <span class='ocrx_word' id='word_1_444' title='bbox 1056 3295 1221 3354; x_wconf 91' lang='lat' dir='ltr'><strong>Deus</strong></span> <span class='ocrx_word' id='word_1_445' title='bbox 1274 3296 1647 3373; x_wconf 89' lang='lat' dir='ltr'><strong>praescripsit</strong></span> <span class='ocrx_word' id='word_1_446' title='bbox 1688 3304 2046 3357; x_wconf 88' lang='lat' dir='ltr'><strong>auertantur.</strong></span> <span class='ocrx_word' id='word_1_447' title='bbox 2105 3294 2328 3355; x_wconf 89' lang='lat' dir='ltr'><strong>Probat</strong></span> <span class='ocrx_word' id='word_1_448' title='bbox 2369 3297 2532 3356; x_wconf 89' lang='lat' dir='ltr'><strong>Deus</strong></span> <span class='ocrx_word' id='word_1_449' title='bbox 2549 3338 2568 3369; x_wconf 85' lang='lat'><strong>,</strong></span> <span class='ocrx_word' id='word_1_450' title='bbox 2608 3304 2890 3355; x_wconf 88' lang='lat' dir='ltr'><strong>excaecat</strong></span> <span class='ocrx_word' id='word_1_451' title='bbox 2931 3293 3219 3370; x_wconf 77' lang='lat' dir='ltr'><strong>munduS,</strong></span> <span class='ocrx_word' id='word_1_452' title='bbox 3265 3290 3539 3353; x_wconf 88' lang='lat' dir='ltr'><strong>debilitat</strong></span> 
     </span>
     <span class='ocr_line' id='line_1_39' title="bbox 596 3371 3536 3454; baseline -0 -22"><span class='ocrx_word' id='word_1_453' title='bbox 596 3390 738 3434; x_wconf 89' lang='lat' dir='ltr'><strong>caro</strong></span> <span class='ocrx_word' id='word_1_454' title='bbox 756 3418 775 3452; x_wconf 90' lang='lat'><strong>,</strong></span> <span class='ocrx_word' id='word_1_455' title='bbox 815 3386 1128 3453; x_wconf 89' lang='lat' dir='ltr'><strong>peccatum</strong></span> <span class='ocrx_word' id='word_1_456' title='bbox 1170 3373 1416 3452; x_wconf 86' lang='lat' dir='ltr'><strong>frangit,</strong></span> <span class='ocrx_word' id='word_1_457' title='bbox 1456 3376 1700 3438; x_wconf 86' lang='lat' dir='ltr'><strong>Satanas</strong></span> <span class='ocrx_word' id='word_1_458' title='bbox 1734 3375 1907 3452; x_wconf 85' lang='lat' dir='ltr'><strong>fallit,</strong></span> <span class='ocrx_word' id='word_1_459' title='bbox 1931 3374 2136 3435; x_wconf 88' lang='lat' dir='ltr'><strong>omnia</strong></span> <span class='ocrx_word' id='word_1_460' title='bbox 2156 3374 2410 3454; x_wconf 86' lang='lat' dir='ltr'><strong>denique</strong></span> <span class='ocrx_word' id='word_1_461' title='bbox 2432 3374 2686 3453; x_wconf 90' lang='lat' dir='ltr'><strong>pedibus</strong></span> <span class='ocrx_word' id='word_1_462' title='bbox 2707 3374 2946 3451; x_wconf 86' lang='lat' dir='ltr'><strong>piorum</strong></span> <span class='ocrx_word' id='word_1_463' title='bbox 2965 3372 3234 3433; x_wconf 86' lang='lat' dir='ltr'><strong>insidiari</strong></span> <span class='ocrx_word' id='word_1_464' title='bbox 3255 3371 3536 3432; x_wconf 84' lang='lat' dir='ltr'><strong>videntur</strong></span> 
     </span>
     <span class='ocr_line' id='line_1_40' title="bbox 595 3450 3538 3535; baseline -0 -23"><span class='ocrx_word' id='word_1_465' title='bbox 595 3456 777 3530; x_wconf 76' lang='lat' dir='ltr'><strong>quam</strong></span> <span class='ocrx_word' id='word_1_466' title='bbox 828 3454 1357 3535; x_wconf 76' lang='lat' dir='ltr'><strong>periculosissime,</strong></span> <span class='ocrx_word' id='word_1_467' title='bbox 1410 3453 1522 3515; x_wconf 88' lang='lat' dir='ltr'><strong>nisi</strong></span> <span class='ocrx_word' id='word_1_468' title='bbox 1575 3457 1689 3517; x_wconf 91' lang='lat' dir='ltr'><strong>Dei</strong></span> <span class='ocrx_word' id='word_1_469' title='bbox 1742 3472 1979 3533; x_wconf 91' lang='lat' dir='ltr'><strong>manus,</strong></span> <span class='ocrx_word' id='word_1_470' title='bbox 2022 3454 2326 3516; x_wconf 87' lang='lat' dir='ltr'><strong>Ecclesiae</strong></span> <span class='ocrx_word' id='word_1_471' title='bbox 2365 3476 2493 3533; x_wconf 89' lang='lat' dir='ltr'><strong>ars,</strong></span> <span class='ocrx_word' id='word_1_472' title='bbox 2533 3457 2591 3515; x_wconf 75' lang='grc' dir='ltr'><strong>δι</strong></span> <span class='ocrx_word' id='word_1_473' title='bbox 2629 3464 2836 3515; x_wconf 90' lang='lat' dir='ltr'><strong>nostra</strong></span> <span class='ocrx_word' id='word_1_474' title='bbox 2873 3452 3144 3531; x_wconf 91' lang='lat' dir='ltr'><strong>ipsorum</strong></span> <span class='ocrx_word' id='word_1_475' title='bbox 3185 3450 3538 3513; x_wconf 90' lang='lat' dir='ltr'><strong>obseruatio</strong></span> 
     </span>
     <span class='ocr_line' id='line_1_41' title="bbox 593 3530 3536 3614; baseline 0 -23"><span class='ocrx_word' id='word_1_476' title='bbox 593 3534 659 3610; x_wconf 88' lang='lat' dir='ltr'><strong>(f.</strong></span> <span class='ocrx_word' id='word_1_477' title='bbox 701 3535 845 3613; x_wconf 78' lang='lat'>⁶97)</span> <span class='ocrx_word' id='word_1_478' title='bbox 896 3534 1339 3614; x_wconf 82' lang='lat' dir='ltr'><strong>diligentissima</strong></span> <span class='ocrx_word' id='word_1_479' title='bbox 1392 3535 1674 3598; x_wconf 88' lang='lat' dir='ltr'><strong>aduersus</strong></span> <span class='ocrx_word' id='word_1_480' title='bbox 1714 3546 1805 3598; x_wconf 89' lang='lat' dir='ltr'><strong>tot</strong></span> <span class='ocrx_word' id='word_1_481' title='bbox 1844 3538 2034 3613; x_wconf 89' lang='lat' dir='ltr'><strong>mala,</strong></span> <span class='ocrx_word' id='word_1_482' title='bbox 2073 3552 2227 3612; x_wconf 90' lang='lat' dir='ltr'><strong>quae</strong></span> <span class='ocrx_word' id='word_1_483' title='bbox 2269 3554 2383 3597; x_wconf 91' lang='lat' dir='ltr'><strong>nos</strong></span> <span class='ocrx_word' id='word_1_484' title='bbox 2421 3536 2732 3613; x_wconf 86' lang='lat' dir='ltr'><strong>infestant,</strong></span> <span class='ocrx_word' id='word_1_485' title='bbox 2774 3532 3204 3595; x_wconf 88' lang='lat' dir='ltr'><strong>concurrerint.</strong></span> <span class='ocrx_word' id='word_1_486' title='bbox 3272 3530 3536 3609; x_wconf 86' lang='lat' dir='ltr'><strong>Peregri-</strong></span> 
     </span>
     <span class='ocr_line' id='line_1_42' title="bbox 592 3609 3534 3693; baseline -0 -21"><span class='ocrx_word' id='word_1_487' title='bbox 592 3624 803 3675; x_wconf 89' lang='lat' dir='ltr'><strong>nantes</strong></span> <span class='ocrx_word' id='word_1_488' title='bbox 840 3615 1039 3693; x_wconf 89' lang='lat' dir='ltr'><strong>itaque</strong></span> <span class='ocrx_word' id='word_1_489' title='bbox 1080 3613 1159 3693; x_wconf 85' lang='lat' dir='ltr'><strong>pij</strong></span> <span class='ocrx_word' id='word_1_490' title='bbox 1200 3618 1236 3674; x_wconf 76' lang='lat' dir='ltr'><strong>a</strong></span> <span class='ocrx_word' id='word_1_491' title='bbox 1278 3616 1542 3676; x_wconf 86' lang='lat' dir='ltr'><strong>Domino</strong></span> <span class='ocrx_word' id='word_1_492' title='bbox 1584 3622 1641 3679; x_wconf 75' lang='grc' dir='ltr'><strong>δι</strong></span> <span class='ocrx_word' id='word_1_493' title='bbox 1676 3616 1927 3679; x_wconf 87' lang='lat' dir='ltr'><strong>arduum</strong></span> <span class='ocrx_word' id='word_1_494' title='bbox 1963 3615 2132 3677; x_wconf 90' lang='lat' dir='ltr'><strong>huius</strong></span> <span class='ocrx_word' id='word_1_495' title='bbox 2171 3614 2326 3676; x_wconf 83' lang='lat' dir='ltr'><strong>vitae</strong></span> <span class='ocrx_word' id='word_1_496' title='bbox 2363 3617 2474 3678; x_wconf 89' lang='lat' dir='ltr'><strong>iter</strong></span> <span class='ocrx_word' id='word_1_497' title='bbox 2507 3616 3010 3692; x_wconf 88' lang='lat' dir='ltr'><strong>contemplantes,</strong></span> <span class='ocrx_word' id='word_1_498' title='bbox 3040 3630 3164 3690; x_wconf 92' lang='lat' dir='ltr'><strong>quo</strong></span> <span class='ocrx_word' id='word_1_499' title='bbox 3203 3632 3276 3673; x_wconf 83' lang='lat' dir='ltr'><strong>ex</strong></span> <span class='ocrx_word' id='word_1_500' title='bbox 3305 3631 3371 3672; x_wconf 91' lang='lat' dir='ltr'><strong>se</strong></span> <span class='ocrx_word' id='word_1_501' title='bbox 3389 3609 3534 3689; x_wconf 90' lang='lat' dir='ltr'><strong>ipsis</strong></span> 
     </span>
     <span class='ocr_line' id='line_1_43' title="bbox 592 3690 3532 3774; baseline -0.001 -22"><span class='ocrx_word' id='word_1_502' title='bbox 592 3694 823 3773; x_wconf 88' lang='lat' dir='ltr'><strong>egredi,</strong></span> <span class='ocrx_word' id='word_1_503' title='bbox 865 3696 925 3755; x_wconf 91' lang='lat' dir='ltr'><strong>in</strong></span> <span class='ocrx_word' id='word_1_504' title='bbox 966 3694 1297 3756; x_wconf 88' lang='lat' dir='ltr'><strong>Ecclesiam</strong></span> <span class='ocrx_word' id='word_1_505' title='bbox 1337 3695 1597 3774; x_wconf 85' lang='lat' dir='ltr'><strong>ingredi,</strong></span> <span class='ocrx_word' id='word_1_506' title='bbox 1636 3701 1694 3759; x_wconf 75' lang='grc' dir='ltr'><strong>δι</strong></span> <span class='ocrx_word' id='word_1_507' title='bbox 1730 3698 1809 3757; x_wconf 89' lang='lat' dir='ltr'><strong>ad</strong></span> <span class='ocrx_word' id='word_1_508' title='bbox 1850 3699 2045 3755; x_wconf 87' lang='lat' dir='ltr'><strong>Deum</strong></span> <span class='ocrx_word' id='word_1_509' title='bbox 2083 3696 2416 3773; x_wconf 85' lang='lat' dir='ltr'><strong>transgredi</strong></span> <span class='ocrx_word' id='word_1_510' title='bbox 2449 3696 2612 3774; x_wconf 86' lang='lat' dir='ltr'><strong>ipsos</strong></span> <span class='ocrx_word' id='word_1_511' title='bbox 2634 3714 2877 3756; x_wconf 87' lang='lat' dir='ltr'><strong>necesse</strong></span> <span class='ocrx_word' id='word_1_512' title='bbox 2900 3703 3022 3772; x_wconf 88' lang='lat' dir='ltr'><strong>est,</strong></span> <span class='ocrx_word' id='word_1_513' title='bbox 3043 3692 3346 3753; x_wconf 86' lang='lat' dir='ltr'><strong>actionem</strong></span> <span class='ocrx_word' id='word_1_514' title='bbox 3367 3690 3532 3751; x_wconf 89' lang='lat' dir='ltr'><strong>illam</strong></span> 
     </span>
     <span class='ocr_line' id='line_1_44' title="bbox 590 3770 3541 3857; baseline 0 -26"><span class='ocrx_word' id='word_1_515' title='bbox 590 3773 911 3851; x_wconf 88' lang='lat' dir='ltr'><strong>spiritalem</strong></span> <span class='ocrx_word' id='word_1_516' title='bbox 951 3776 1257 3855; x_wconf 89' lang='lat' dir='ltr'><strong>corporeis</strong></span> <span class='ocrx_word' id='word_1_517' title='bbox 1298 3776 1657 3838; x_wconf 83' lang='lat' dir='ltr'><strong>vmbraculis</strong></span> <span class='ocrx_word' id='word_1_518' title='bbox 1696 3777 2204 3857; x_wconf 85' lang='lat' dir='ltr'><strong>significauerunt,</strong></span> <span class='ocrx_word' id='word_1_519' title='bbox 2245 3778 2384 3837; x_wconf 75' lang='lat' dir='ltr'><strong>cum</strong></span> <span class='ocrx_word' id='word_1_520' title='bbox 2423 3774 2540 3837; x_wconf 89' lang='lat' dir='ltr'><strong>sibi</strong></span> <span class='ocrx_word' id='word_1_521' title='bbox 2573 3776 2758 3853; x_wconf 89' lang='lat' dir='ltr'><strong>pedes</strong></span> <span class='ocrx_word' id='word_1_522' title='bbox 2791 3774 2854 3833; x_wconf 89' lang='lat' dir='ltr'><strong>in</strong></span> <span class='ocrx_word' id='word_1_523' title='bbox 2875 3776 2996 3836; x_wconf 93' lang='lat' dir='ltr'><strong>hoc</strong></span> <span class='ocrx_word' id='word_1_524' title='bbox 3017 3772 3272 3850; x_wconf 92' lang='lat' dir='ltr'><strong>spiritali</strong></span> <span class='ocrx_word' id='word_1_525' title='bbox 3291 3770 3541 3832; x_wconf 84' lang='lat' dir='ltr'><strong>incessu</strong></span> 
     </span>
     <span class='ocr_line' id='line_1_45' title="bbox 590 3852 3528 3934; baseline -0 -23"><span class='ocrx_word' id='word_1_526' title='bbox 590 3854 645 3911; x_wconf 72' lang='grc' dir='ltr'><strong>δι</strong></span> <span class='ocrx_word' id='word_1_527' title='bbox 700 3854 1063 3917; x_wconf 88' lang='lat' dir='ltr'><strong>consistendi</strong></span> <span class='ocrx_word' id='word_1_528' title='bbox 1118 3854 1379 3915; x_wconf 86' lang='lat' dir='ltr'><strong>officium</strong></span> <span class='ocrx_word' id='word_1_529' title='bbox 1418 3856 1765 3918; x_wconf 87' lang='lat' dir='ltr'><strong>tribuerunt.</strong></span> <span class='ocrx_word' id='word_1_530' title='bbox 1822 3856 1945 3917; x_wconf 80' lang='lat' dir='ltr'><strong>Hic</strong></span> <span class='ocrx_word' id='word_1_531' title='bbox 1987 3856 2146 3916; x_wconf 89' lang='lat' dir='ltr'><strong>enirn</strong></span> <span class='ocrx_word' id='word_1_532' title='bbox 2185 3854 2310 3916; x_wconf 90' lang='lat' dir='ltr'><strong>siue</strong></span> <span class='ocrx_word' id='word_1_533' title='bbox 2349 3856 2724 3934; x_wconf 88' lang='lat' dir='ltr'><strong>incedamus,</strong></span> <span class='ocrx_word' id='word_1_534' title='bbox 2765 3854 2892 3916; x_wconf 90' lang='lat' dir='ltr'><strong>siue</strong></span> <span class='ocrx_word' id='word_1_535' title='bbox 2936 3852 3358 3927; x_wconf 78' lang='lat' dir='ltr'><strong>consistamuS,</strong></span> <span class='ocrx_word' id='word_1_536' title='bbox 3401 3868 3528 3910; x_wconf 90' lang='lat' dir='ltr'><strong>non</strong></span> 
     </span>
     <span class='ocr_line' id='line_1_46' title="bbox 588 3930 3528 4015; baseline -0.001 -23"><span class='ocrx_word' id='word_1_537' title='bbox 588 3933 787 4013; x_wconf 89' lang='lat' dir='ltr'><strong>pedis,</strong></span> <span class='ocrx_word' id='word_1_538' title='bbox 826 3936 934 3996; x_wconf 89' lang='lat' dir='ltr'><strong>sed</strong></span> <span class='ocrx_word' id='word_1_539' title='bbox 972 3935 1186 3997; x_wconf 88' lang='lat' dir='ltr'><strong>mentis</strong></span> <span class='ocrx_word' id='word_1_540' title='bbox 1228 3952 1381 4014; x_wconf 88' lang='lat' dir='ltr'><strong>opus</strong></span> <span class='ocrx_word' id='word_1_541' title='bbox 1422 3946 1511 3995; x_wconf 89' lang='lat' dir='ltr'><strong>est</strong></span> <span class='ocrx_word' id='word_1_542' title='bbox 1550 3940 1639 4015; x_wconf 90' lang='lat' dir='ltr'><strong>(vt</strong></span> <span class='ocrx_word' id='word_1_543' title='bbox 1677 3940 1813 3998; x_wconf 72' lang='lat' dir='ltr'><strong>ante</strong></span> <span class='ocrx_word' id='word_1_544' title='bbox 1852 3935 2131 4010; x_wconf 85' lang='lat' dir='ltr'><strong>diximus)</strong></span> <span class='ocrx_word' id='word_1_545' title='bbox 2175 3952 2326 4013; x_wconf 81' lang='lat' dir='ltr'><strong>quae</strong></span> <span class='ocrx_word' id='word_1_546' title='bbox 2365 3938 2706 3997; x_wconf 90' lang='lat' dir='ltr'><strong>facultatem</strong></span> <span class='ocrx_word' id='word_1_547' title='bbox 2750 3951 2918 3995; x_wconf 86' lang='lat' dir='ltr'><strong>suam</strong></span> <span class='ocrx_word' id='word_1_548' title='bbox 2958 3934 3022 3995; x_wconf 91' lang='lat' dir='ltr'><strong>in</strong></span> <span class='ocrx_word' id='word_1_549' title='bbox 3057 3934 3238 3993; x_wconf 87' lang='lat' dir='ltr'><strong>rebus</strong></span> <span class='ocrx_word' id='word_1_550' title='bbox 3257 3930 3528 4009; x_wconf 89' lang='lat' dir='ltr'><strong>spiritua-</strong></span> 
     </span>
     <span class='ocr_line' id='line_1_47' title="bbox 586 4009 3523 4097; baseline 0 -27"><span class='ocrx_word' id='word_1_551' title='bbox 586 4012 737 4073; x_wconf 86' lang='lat' dir='ltr'><strong>libus</strong></span> <span class='ocrx_word' id='word_1_552' title='bbox 780 4026 1036 4093; x_wconf 87' lang='lat' dir='ltr'><strong>occupat</strong></span> <span class='ocrx_word' id='word_1_553' title='bbox 1078 4016 1359 4093; x_wconf 88' lang='lat' dir='ltr'><strong>spirituali</strong></span> <span class='ocrx_word' id='word_1_554' title='bbox 1400 4017 1617 4097; x_wconf 80' lang='lat' dir='ltr'><strong>mode,</strong></span> <span class='ocrx_word' id='word_1_555' title='bbox 1658 4018 1783 4078; x_wconf 90' lang='lat' dir='ltr'><strong>sine</strong></span> <span class='ocrx_word' id='word_1_556' title='bbox 1823 4017 2224 4095; x_wconf 87' lang='lat' dir='ltr'><strong>corporalium</strong></span> <span class='ocrx_word' id='word_1_557' title='bbox 2263 4016 2798 4079; x_wconf 84' lang='lat' dir='ltr'><strong>instrumentorum</strong></span> <span class='ocrx_word' id='word_1_558' title='bbox 2839 4012 3188 4093; x_wconf 87' lang='lat' dir='ltr'><strong>operatione</strong></span> <span class='ocrx_word' id='word_1_559' title='bbox 3226 4012 3372 4072; x_wconf 84' lang='lat' dir='ltr'><strong>vlla:</strong></span> <span class='ocrx_word' id='word_1_560' title='bbox 3415 4009 3523 4071; x_wconf 89' lang='lat' dir='ltr'><strong>sed</strong></span> 
     </span>
    </p>
   </div>
   <div class='ocr_carea' id='block_1_5' title="bbox 588 4090 3542 4232">
    <p class='ocr_par' dir='ltr' id='par_1_6' title="bbox 588 4090 3542 4232">
     <span class='ocr_line' id='line_1_48' title="bbox 588 4090 3517 4232; baseline 0 -81"><span class='ocrx_word' id='word_1_561' title='bbox 588 4106 786 4154; x_wconf 87' lang='lat' dir='ltr'><strong>tamen</strong></span> <span class='ocrx_word' id='word_1_562' title='bbox 844 4096 1052 4174; x_wconf 78' lang='lat' dir='ltr'><strong>nobiS,</strong></span> <span class='ocrx_word' id='word_1_563' title='bbox 1112 4096 1215 4173; x_wconf 88' lang='lat' dir='ltr'><strong>qui</strong></span> <span class='ocrx_word' id='word_1_564' title='bbox 1272 4098 1537 4158; x_wconf 79' lang='lat' dir='ltr'><strong>carnales</strong></span> <span class='ocrx_word' id='word_1_565' title='bbox 1598 4114 1827 4177; x_wconf 88' lang='lat' dir='ltr'><strong>sumus,</strong></span> <span class='ocrx_word' id='word_1_566' title='bbox 1890 4100 1949 4159; x_wconf 86' lang='lat'><strong>&amp;</strong></span> <span class='ocrx_word' id='word_1_567' title='bbox 1997 4094 2326 4159; x_wconf 76' lang='lat' dir='ltr'><strong>secundum</strong></span> <span class='ocrx_word' id='word_1_568' title='bbox 2379 4114 2622 4161; x_wconf 89' lang='lat' dir='ltr'><strong>carnem</strong></span> <span class='ocrx_word' id='word_1_569' title='bbox 2661 4114 2770 4176; x_wconf 89' lang='lat' dir='ltr'><strong>per</strong></span> <span class='ocrx_word' id='word_1_570' title='bbox 2809 4092 3150 4172; x_wconf 84' lang='lat' dir='ltr'><strong>analogiam</strong></span> <span class='ocrx_word' id='word_1_571' title='bbox 3191 4090 3517 4232; x_wconf 55' lang='lat' dir='ltr'><strong>quffl</strong></span> 
     </span>
     <span class='ocr_line' id='line_1_49' title="bbox 3498 4187 3542 4230; baseline 0 0"><span class='ocrx_word' id='word_1_572' title='bbox 3498 4187 3542 4230; x_wconf 92' lang='lat' dir='ltr'><strong>o</strong></span> 
     </span>
    </p>
   </div>
  </div>
 </body>
</html>
