3923 4875
1330 352 1654 399 THBSES
1714 354 2370 399 THBOLOGICAR.
3174 354 3287 415 325

451 538 506 601 5.
585 522 961 601 Quapropter
994 518 1244 579 liberum
1286 516 1590 580 arbitrium
1607 564 1626 595 ,
1667 517 1898 597 quoties
1933 517 2012 579 de
2054 520 2186 579 Deo
2226 516 2597 595 praedicatur
2614 562 2631 589 .,
2689 524 2789 574 aut
2837 514 3082 577 Vniuoce
3122 536 3288 594 prae-

365 602 624 663 dicatur:
666 601 804 681 quia
841 598 1126 679 quicquid
1165 610 1252 659 est
1289 599 1351 659 in
1391 600 1523 661 Deo
1566 600 1729 659 Deus
1771 610 1887 675 est,
1927 599 2071 659 nihil
2110 597 2514 675 accidentale,
2558 596 2665 657 sed
2701 594 3033 657 essentialia
3052 596 3289 673 omnia.⁵

363 686 422 744 &
483 683 728 743 essentia
789 681 1170 746 αὐτεξούσιος
1221 679 1627 759 essentialiter,
1686 690 1787 738 aut
1827 680 2197 757 praedicatur
2224 678 2528 755 figurate,
2587 686 2689 736 aut
2729 675 2929 751 salsb:
2997 674 3291 753 siquidem

363 761 612 842 proprie
649 760 976 823 secundum
1013 759 1264 837 positam
1303 760 1706 821 definitionem
1745 758 1991 820 liberem
2031 756 2337 819 arbitrium
2382 754 2641 835 placebit
2681 754 2888 832 accipi.

449 844 506 905 6.
587 846 783 921 Atque
842 843 960 901 hoc
1020 839 1260 917 quidem
1307 839 1636 918 praedicari
1686 841 1991 917 figurate.
2053 841 2108 900 δι
2174 838 2309 897 Deo
2371 835 2548 898 tribui
2608 855 2730 897 non
2769 832 2970 913 inique
3016 836 3287 919 ferimus3

369 923 555 983 modo
597 922 915 1001 accipiatur
955 922 1134 997 bene,
1174 922 1230 981 δι
1267 924 1306 979 a
1344 918 1732 999 logomachiis
1775 920 1954 997 vulgo
1994 918 2379 981 abstinemus,

454 1021 506 1080 7.
575 1003 851 1083 ,Proprie
908 1005 1051 1062 vero
1108 999 1227 1060 dici
1285 1000 1396 1061 nisi
1417 1001 1592 1077 salsb
1631 1019 1750 1059 non
1791 1009 2015 1079 potest,
2074 998 2213 1077 quia
2249 997 2312 1057 id
2352 1015 2467 1057 nec
2500 1014 2637 1057 cum
2676 994 2885 1057 natura
2928 996 3180 1057 subiecti
3222 997 3285 1057 id

369 1093 460 1145 est
496 1082 638 1149 Dei.
680 1101 792 1143 nec
833 1097 972 1143 cum
1012 1080 1251 1141 veritate
1293 1079 1676 1160 definitioniS,
1717 1098 1831 1140 nec
1869 1096 2009 1140 cum
2051 1078 2278 1139 ratione
2312 1076 2529 1138 obiecti
2568 1074 2849 1138 conuenit
2881 1075 3009 1137 sine
3032 1077 3285 1138 subiecti

370 1163 626 1225 interitu.
654 1164 693 1223 f.
743 1182 766 1221 r
817 1166 853 1223 8
899 1210 911 1221 .
1405 1158 1414 1167 ”

451 1246 507 1303 8.
588 1164 1052 1304 ἰθαίιιὲἂδὲείε
1115 1260 1252 1301 nam
1294 1250 1382 1301 est
1421 1239 1883 1318 simplicissimus
1899 1285 1914 1297 .
1978 1257 2101 1300 non
2144 1258 2287 1317 ergo
2332 1236 2697 1315 compositus
2712 1284 2729 1315 ,
2788 1254 2865 1295 ne
2905 1254 2977 1295 ex
3018 1237 3289 1299 subiecto
3382 1284 3389 1289 .

371 1322 614 1401 quidem
654 1324 710 1381 &
747 1321 1080 1400 accidente,
1121 1321 1286 1399 quod
1327 1320 1425 1383 hic
1465 1321 1754 1381 statuitur.

452 1423 510 1480 9.
592 1403 980 1481 Definimus,
1019 1420 1156 1461 nem
1201 1419 1395 1480 neque
1439 1418 1626 1479 genus
1667 1398 1838 1460 liberi
1885 1398 2107 1473 arbitrii
2153 1400 2286 1459 Deo
2328 1408 2525 1475 potest
2542 1407 2913 1474 competere,
2957 1396 3096 1473 quia
3116 1411 3283 1459 actus

371 1494 461 1543 est
496 1482 987 1561 simplicissimuS.,
1051 1499 1243 1559 neque
1286 1480 1608 1551 differentia
1647 1479 1975 1559 importans
2014 1481 2335 1539 ἀλλοίωσιν
2354 1525 2372 1552 ,
2418 1479 2554 1540 cum
2598 1478 2759 1539 Deus
2808 1476 2884 1538 sit
2922 1488 3193 1540 aeternus
3234 1480 3291 1539 δι

372 1563 770 1629 immutabilis,
1821 1616 1832 1625 .

460 1663 549 1702 10.
639 1642 868 1703 Obiecto
881 1687 899 1719 ,
949 1642 1087 1719 quia
1126 1644 1288 1702 Deus
1329 1652 1418 1701 est
1457 1640 1582 1717 ipsa
1620 1640 1856 1701 bonitas
1880 1685 1898 1719 ‚
1957 1660 2072 1701 nec
2112 1658 2223 1717 pro
2263 1639 2503 1700 obiecto
2542 1638 2763 1699 habere
2804 1654 3063 1715 vnquam
3104 1648 3300 1717 potest

375 1724 598 1783 morale
663 1724 890 1784 bonum
948 1721 1113 1799 quod
1171 1722 1469 1799 improbet
1527 1730 1628 1780 aut
1685 1722 1904 1782 malum
1945 1720 2111 1798 quod
2154 1719 2347 1797 eligat.
2410 1720 2574 1779 Deus
2614 1720 2877 1797 seipsum
2918 1737 3133 1797 negare
3174 1738 3295 1780 non

419 1812 574 1864 otest
651 1822 707 1863 2.
753 1804 1002 1863 Timoth.
1049 1822 1102 1862 2.

377 1823 418 1880 p
465 1902 488 1941 1
504 1903 552 1943 1.
586 1848 605 1881 ⁹
634 1882 918 1943 Creatura
955 1901 1100 1959 ergo
1141 1880 1472 1960 intelligens
1512 1880 1568 1939 δι
1606 1879 1778 1941 liberi
1818 1878 2038 1954 arbitrii
2080 1898 2270 1957 capax
2312 1881 2629 1940 Subiectum
2672 1889 2761 1939 est
2799 1879 3053 1956 duplex,
3077 1879 3291 1958 Angeli
3384 1880 3387 1885 ’

381 1965 438 2023 &
486 1961 762 2023 hominis.
843 1963 971 2023 Nos
1033 1972 1230 2023 autem
1291 1961 1352 2022 in
1403 1959 1730 2040 praesentia
1769 1960 1845 2021 de
1883 1959 2071 2020 libero
2111 1958 2367 2020 hominis
2408 1962 2637 2020 tantum
2676 1958 2951 2020 arbritrio
2994 1979 3168 2038 agere
3210 1959 3298 2020 in-

379 2041 690 2103 stituimus.

466 2144 489 2182 1
503 2143 556 2182 2.
638 2120 924 2183 Liberum
963 2140 1105 2199 ergo
1145 2120 1473 2181 Arbitrium
1514 2122 1576 2180 in
1615 2122 1843 2180 homine
1881 2116 2317 2199 consideratur,
2359 2122 2516 2181 Ante
2553 2120 2783 2197 lapsum
2820 2122 2873 2180 &
2896 2130 3035 2197 post
3054 2121 3301 2200 lapsum.

465 2221 556 2280 13.
635 2205 790 2262 Ante
827 2204 1056 2281 lapsum
1092 2202 1346 2263 liberum
1387 2198 1692 2261 arbitrium
1733 2198 1842 2261 fuit
1897 2200 1956 2259 in
1999 2197 2243 2261 homine
2284 2201 2362 2260 ad
2403 2199 2631 2260 bonum
2674 2202 2728 2260 δι
2770 2200 2847 2259 ad
2884 2202 3105 2259 malum
3125 2246 3141 2274 .,
3182 2217 3304 2279 quo

378 2280 625 2343 arbitrio
679 2284 866 2343 homo
926 2282 1020 2341 vel
1080 2292 1233 2343 stare
1294 2291 1528 2359 poterat
1587 2290 1764 2359 atque
1803 2279 1865 2339 in
1907 2278 2239 2359 integritate
2280 2280 2335 2340 δι
2376 2278 2497 2340 vita
2536 2298 2880 2357 permanere
2893 2325 2911 2357 ,
2954 2281 3045 2339 vel
3084 2281 3206 2342 labi
3246 2281 3299 2340 δι

378 2362 692 2441 peccando
732 2360 1126 2442 integritatem
1169 2365 1224 2423 δι
1259 2360 1439 2421 vitam
1481 2359 1767 2421 amittere.
2475 2388 2489 2401 -
3076 2418 3092 2430 ,

462 2463 552 2518 14.
633 2444 1136 2502 Demonstrabaut
1194 2441 1258 2503 id
1315 2443 1590 2520 symbola
1655 2459 1807 2518 quae
1860 2439 2090 2502 homini
2142 2437 2203 2499 in
2258 2441 2513 2502 Hedene
2555 2437 3057 2520 circumposuerat
3098 2443 3301 2518 Deus,

377 2524 577 2585 Arbor
619 2523 769 2583 vitae
813 2521 1096 2600 perstanti
1136 2521 1197 2582 in
1238 2521 1343 2583 sua
1382 2521 1713 2600 integritate
1751 2520 1984 2599 Vitam,
2021 2524 2077 2582 δι
2117 2523 2296 2580 arbor
2326 2519 2608 2581 scientiae
2628 2521 2777 2582 boni
2796 2525 2852 2582 δι
2871 2519 3042 2599 mali,
3081 2521 3303 2582 labenti

379 2607 435 2664 &
477 2601 802 2680 deficienti,
843 2603 1152 2663 mortalem
1195 2601 1590 2681 miseramque
1629 2601 2036 2662 conditionem
2080 2599 2433 2680 significans,

475 2699 562 2760 15.
647 2685 1002 2760 Quanquam
1077 2682 1235 2742 enim
1294 2683 1480 2743 homo
1540 2679 1794 2760 primum
1856 2681 1938 2741 ita
1997 2679 2104 2740 fuit
2143 2680 2417 2742 conditus
2459 2691 2524 2740 vt
2562 2701 2727 2741 mens
2768 2685 2823 2741 δι
2866 2683 3135 2742 voluntas
3176 2682 3301 2743 eius

381 2779 518 2823 cum
579 2764 882 2822 voluntate
941 2762 1057 2823 Dei
1123 2763 1297 2840 plane
1357 2761 1792 2838 consenserint,
1855 2760 2131 2838 illiusque
2196 2758 2445 2839 imperio
2486 2760 2611 2822 sine
2650 2761 2769 2821 vlla
2808 2763 3130 2823 affectuum
3163 2780 3301 2822 cum

381 2852 574 2904 mente
615 2845 773 2904 lucta
813 2843 869 2900 &
911 2841 1298 2921 repugnantia
1337 2841 1584 2902 omnino
1627 2839 2088 2920 subiicerentu13
2130 2851 2330 2901 tamen
2371 2840 2479 2901 fuit
2520 2840 2815 2902 mutabilis
2833 2888 2849 2912 ,
2891 2839 2974 2901 ita
3012 2852 3078 2902 vt
3107 2861 3307 2904 errare

378 2922 440 2982 in
502 2921 854 3002 iudicando,
916 2924 971 2984 δι
1033 2921 1270 2984 obiecta
1329 2921 1527 3001 specie
1587 2921 1835 2982 alicuius
1893 2919 2041 2982 boni
2104 2920 2386 2982 inclinare
2425 2919 2505 2981 ad
2544 2919 2939 2982 deficiendum
2974 2941 3105 3000 aeq.
3148 2924 3299 2983 adeo

377 3003 628 3064 deficere
667 3018 774 3062 sua
815 3012 1027 3081 sponte
1057 3002 1264 3081 possit.

464 3084 554 3144 16.
635 3083 740 3142 Est
783 3083 940 3144 enim
977 3082 1229 3144 liberum
1263 3082 1568 3144 arbitrium
1611 3082 1877 3160 potentia
1913 3081 2223 3158 naturalis,
2266 3080 2431 3142 cuius
2472 3081 2739 3158 operatio
2780 3080 2973 3159 potuit
3014 3100 3143 3142 esse
3162 3092 3299 3142 actu

377 3162 706 3223 secundum
747 3163 925 3223 finem
968 3163 1306 3224 ordinatum
1348 3164 1403 3222 &
1443 3161 1897 3223 determinatum
1937 3161 2150 3240 ipsiuS‚
2191 3162 2246 3221 &
2286 3161 2479 3240 potuit
2522 3180 2645 3221 non
2686 3181 2845 3242 esse,
2886 3161 3220 3223 deficiendo
3262 3166 3299 3222 a

378 3243 494 3302 fine
533 3241 809 3303 ordinato
851 3261 992 3323 suo,
1032 3247 1088 3304 δι
1126 3244 1320 3322 (quod
1357 3242 1593 3321 grauius
1635 3245 1746 3318 est)
1787 3243 1847 3304 in
1888 3238 2297 3320 impotentiam
2332 3242 2628 3302 abeundo.

385 3357 390 3363 -
465 3339 554 3396 17.
635 3322 816 3397 Quod
877 3325 1098 3384 factum
1163 3334 1284 3384 est:
1347 3325 1546 3400 lapsus
1600 3321 1758 3383 enim
1799 3334 1888 3384 est
1925 3323 2113 3383 homo
2155 3321 2391 3383 obiecta
2428 3341 2535 3400 per
2575 3331 2841 3382 satanam
2884 3319 3081 3399 specie
3122 3321 3295 3402 boni,

381 3401 547 3478 quod
588 3402 920 3482 obiectum,
961 3413 1025 3462 vt
1065 3423 1232 3464 mens
1271 3402 1583 3482 probauit,
1624 3401 1704 3462 ita
1743 3404 2017 3464 voluntas
2057 3402 2134 3462 ad
2165 3401 2310 3463 illud
2330 3402 2811 3482 amplectendum
2834 3421 2959 3461 sese
2981 3401 3305 3482 inclinauit,

378 3483 416 3539 a
456 3481 573 3542 fine
614 3481 888 3542 ordinato
930 3483 986 3542 δι
1027 3481 1140 3543 sibi
1178 3483 1470 3562 imperato
1513 3480 1812 3544 deficiens,

462 3563 550 3621 18.
632 3562 758 3621 Etsi
817 3571 1016 3622 autem
1055 3562 1242 3623 libero
1269 3561 1524 3623 *arbitrio
1565 3581 1674 3622 suo
1714 3565 1912 3640 lapsus
1951 3573 2072 3641 est,
2112 3572 2309 3622 tamen
2349 3572 2578 3638 praeter
2617 3561 2731 3622 Dei
2772 3565 3133 3622 voluntatem
3178 3581 3299 3622 non

377 3639 487 3701 fuit
525 3644 746 3702 factum
761 3687 779 3719 .,
817 3641 914 3702 cui
955 3643 1074 3702 hoc
1116 3642 1316 3703 medio
1361 3641 1639 3702 iustitiam
1683 3644 1737 3702 &
1781 3642 2245 3704 misericordiam
2286 3659 2451 3702 suam
2493 3641 2682 3702 visum
2723 3653 2811 3702 est
2852 3643 3170 3701 declarare.

465 3741 558 3797 19.
639 3721 793 3781 Nam
855 3721 980 3782 siue
1020 3740 1302 3783 arcanum
1343 3721 1598 3783 Diuinae
1637 3722 1953 3783 voluntatis
1996 3734 2226 3800 spectes
2249 3766 2267 3800 ‚
2321 3723 2485 3782 Deus
2526 3733 2727 3782 noster
2766 3721 2824 3782 in
2868 3722 3034 3782 coelis
3076 3731 3161 3781 est
3201 3722 3303 3799 qui

381 3799 520 3859 facit
560 3800 846 3878 quicquid
885 3803 1036 3862 vult:
1079 3821 1202 3862 non
1243 3802 1382 3862 fecit
1423 3812 1618 3862 autem
1659 3813 1724 3861 vt
1761 3801 1948 3863 homo
1989 3821 2109 3862 non
2153 3811 2464 3880 peccaret:
2508 3805 2703 3864 facere
2740 3801 2916 3880 igitur
2952 3803 3074 3862 hoc
3096 3799 3303 3879 noluit,

384 3877 508 3939 siue
547 3881 968 3941 reuelationem
1007 3880 1193 3960 illius,
1233 3885 1392 3942 certe
1433 3883 1626 3960 legem
1666 3884 1723 3944 δι
1757 3881 2165 3944 conditionem
2207 3885 2370 3942 Deus
2410 3893 2716 3960 posuerat,
2773 3885 2875 3942 Nc
2912 3885 3174 3942 comedas
3195 3926 3213 3960 ‚
3256 3881 3304 3942 si
3348 3933 3353 3936 .

397 3959 726 4100 comederils
750 3959 1060 4053 morieris,
1115 3979 1291 4039 quam
1333 3960 1737 4022 conditionem
1782 3981 1904 4022 non
1947 3961 2148 4024 fuisset
2188 3959 2553 4042 adiecturus,
2606 3962 2656 4022 si
2695 3963 3003 4023 voluntate'
3029 3960 3303 4023 absoluta

397 4057 566 4101 secus
604 4059 683 4100 vo
707 4051 900 4102 uisset.

467 4141 562 4180 φο.
643 4121 795 4180 Post
828 4123 1056 4201 lapsum
1081 4126 1221 4182 vero
1261 4119 1433 4182 liberi
1467 4121 1526 4182 in
1570 4120 1812 4182 homine
1851 4119 2093 4199 Arbitrij
2136 4123 2353 4200 duplex
2393 4131 2483 4182 est
2527 4121 2923 4183 consideratio
2939 4167 2958 4203 ,
2996 4141 3113 4182 vna
3132 4133 3311 4201 prout

385 4210 472 4260 est
509 4199 570 4260 in
609 4201 724 4260 hac
764 4199 911 4280 vita,
966 4202 1152 4261 altera
1192 4211 1367 4278 prout
1410 4200 1471 4261 in
1510 4201 1706 4262 futura
1745 4201 1872 4263 erit.

469 4300 564 4340 21.
644 4280 902 4340 Rursum
945 4280 1002 4340 in
1043 4281 1157 4341 hac
1201 4280 1318 4342 vita
1357 4281 1606 4342 liberum
1649 4281 1973 4342 Arbitrium
2014 4301 2123 4360 pro
2164 4279 2391 4342 ratione
2432 4279 2679 4343 subiecti
2724 4281 2993 4344 bifariam
3035 4283 3308 4344 conside-

387 4371 548 4419 ratur
587 4369 650 4418 vt
690 4371 780 4420 est
821 4359 878 4421 in
923 4361 1284 4438 regeneratis
1323 4361 1666 4422 hominibus
1687 4407 1705 4439 ,
1760 4365 1814 4423 δι
1857 4362 1914 4422 in
1959 4361 2061 4438 iis,
2115 4360 2217 4440 qui
2258 4381 2380 4422 non
2420 4373 2555 4424 sunt
2594 4363 2919 4444 regenerati
2957 4368 2994 4424 a
3033 4365 3187 4424 Dec.

3080 4464 3174 4503 22.
3234 4447 3302 4503 In
