3923 4875
596 0 713 40 quo
1650 0 2446 26 ιιιιιιιιιιιιιιι
3851 0 3866 116 ἲ

586 143 650 204 id
690 163 923 222 semper
961 142 1253 234 cogitent,
1296 162 1417 204 non
1458 140 1877 220 persequendis
1916 141 2171 218 iniuriis,
2213 143 2322 202 sed
2361 140 2620 202 ferendis
2657 141 2902 219 probari
2937 140 3321 202 ministerium
3343 161 3539 234 suum.

586 225 768 285 Cuius
828 223 1210 300 probationes
1253 221 1475 301 optime
1514 220 1945 282 demonstrauit
1985 225 2198 282 Paulus
2239 221 2480 296 dicens,
2527 243 2581 283 2.
2621 222 2762 283 Cor.
2807 224 2861 282 6.
2910 240 2965 298 3.
3006 223 3118 282 &c.
3175 225 3422 283 Nullam
3465 223 3530 282 in

586 323 649 365 re
712 306 830 363 vlla
888 307 1238 380 praebentes
1298 301 1721 378 offensionem,
1786 321 1863 362 ne
1922 302 2286 380 vituperetur
2349 301 2776 362 ministerium:
2837 303 2946 362 sed
2991 303 3050 362 in
3093 303 3371 364 omnibus
3415 323 3532 363 nos

589 383 993 475 approbantes
1032 394 1095 442 vt
1133 385 1245 443 Dei
1288 383 1613 460 ministros,
1656 382 1968 443 tolerantia
2009 385 2194 444 multa
2232 381 2292 442 in
2332 382 2749 442 afflictionibus
2765 427 2784 459 ,
2843 383 2906 442 in
2945 382 3391 443 necessitatibus
3407 429 3424 456 ,
3468 383 3532 442 in

590 462 910 542 angustiis,
951 463 1013 522 in
1056 463 1437 538 verberibus,
1476 463 1535 524 in
1578 463 1942 540 carceribus,
1985 463 2046 522 in
2085 462 2605 553 exagitationibuS,
2667 465 2778 524 διο.
2822 479 2978 540 quae
3015 463 3116 524 ille
3156 462 3532 524 fidelissimus

512 573 540 590 s
587 544 845 604 imitator
885 543 1103 604 Christi
1142 562 1253 604 nos
1298 509 1484 605 voltiit
1525 554 1703 620 atque
1748 543 2054 602 mandauit
2093 541 2323 602 imitari.
2365 545 2664 620 Tempore
2685 546 2740 604 &
2761 544 2898 602 loco
2920 543 3266 619 responderi
3284 561 3530 634 quoque

590 623 887 685 interdum
948 633 1227 700 oportere
1286 627 1425 684 ante
1485 623 1876 702 agnouimus:
1938 623 2046 684 sed
2105 621 2452 683 incredibile
2493 635 2584 682 est
2621 634 2910 700 quantum
2951 625 3222 684 fallamur
3259 622 3528 702 iudiciis,

590 705 730 764 cum
770 704 845 763 de
886 701 957 764 iis
996 704 1449 764 circumstantiis
1488 703 1815 764 videndum
1856 713 1964 763 est.
2029 704 2148 762 Det
2187 702 2432 780 singulis
2473 701 2850 779 prudentiam
2889 703 3360 780 charitatemque
3402 705 3528 763 Do

590 782 802 844 minus.
844 785 921 843 Et
961 787 1149 860 certe,
1191 785 1329 843 cum
1370 783 1658 844 rationem
1705 783 2008 852 Ecclesiae
2050 783 2164 844 Dei
2177 828 2194 858 ,
2235 792 2413 860 prout
2451 801 2612 842 nunc
2651 801 2716 843 se
2754 783 2964 859 habet,
3004 783 3242 861 cogito.
3305 801 3528 860 corpus

589 865 673 924 ita
719 862 929 924 misere
968 865 1244 923 affectum
1288 874 1405 938 est,
1446 875 1511 924 vt
1548 865 1610 924 in
1652 862 1947 940 plerisque
1987 862 2141 922 illius
2183 862 2350 922 malis
2389 861 2536 921 nihil
2579 862 2766 940 magis
2807 861 3206 940 periculosum
3231 863 3491 923 iudicem
3507 907 3528 940 ,

590 945 771 1020 quam
830 941 1205 1003 immaturam
1242 942 1619 1004 medicinam.
1680 945 1758 1003 Et
1796 955 1998 1003 tamen
2039 945 2160 1002 hoc
2202 961 2384 1003 vnum
2423 945 2461 1001 a
2500 942 2796 1020 plerisque
2819 942 3050 1003 videtur
3069 963 3195 1020 agi,
3239 953 3305 1002 vt
3323 961 3530 1020 quem-

592 1022 925 1084 admodum
988 1021 1147 1099 apud
1206 1023 1455 1100 Scythas
1514 1025 1658 1083 olim
1702 1026 1757 1084 &
1797 1021 2164 1098 Babylonios
2206 1041 2311 1100 per
2351 1021 2617 1099 compita
2655 1023 2913 1100 aegrotis
2949 1026 3396 1093 consulebatur,
3438 1035 3532 1090 tot

593 1103 709 1163 sint
746 1101 1049 1163 Ecclesiae
1089 1101 1335 1166 medici..
1386 1115 1535 1180 quot
1571 1102 1826 1164 viatores
1866 1103 1945 1162 ad
1983 1101 2352 1162 salutandam
2393 1102 2596 1202 ipsam
2623 1103 3064 1195 quamprimum
3087 1103 3402 1164 accessuri.
3443 1103 3526 1163 ita

594 1183 944 1260 plerumque
1005 1182 1227 1261 euenit3
1288 1191 1353 1242 vt
1392 1183 1559 1274 quod
1599 1183 1725 1244 dies
1764 1195 2038 1243 curatura
2079 1194 2266 1260 esset,
2307 1183 2405 1242 vel
2439 1182 2642 1274 potius
2683 1181 2798 1242 Dei
2837 1183 3026 1260 gratia
3065 1201 3344 1244 successu
3385 1197 3534 1244 tem·

596 1261 786 1354 poris,
850 1262 911 1322 id
971 1262 1180 1341 hodie,
1240 1265 1371 1322 Deo
1414 1263 1597 1340 irato,
1637 1263 1717 1322 ad
1756 1265 1951 1324 solum
1991 1277 2298 1340 aspectum
2343 1261 2588 1322 velimus
2629 1275 2898 1322 curatum
2941 1281 3099 1335 esse,
3145 1266 3237 1323 vel
3278 1262 3356 1323 ad
3399 1283 3528 1323 cre·

595 1343 786 1435 pitum
845 1341 1165 1419 digitorum
1225 1354 1604 1402 nostrorum:
1666 1347 1721 1404 δι
1788 1343 1947 1420 quod
2014 1343 2214 1419 quiete
2276 1354 2476 1419 posset
2517 1361 2976 1414 consanescere,
3019 1343 3080 1402 id
3121 1343 3536 1403 commotione

596 1423 1010 1500 intempestiua
1050 1423 1507 1496 conturbemus;
1566 1433 1851 1500 tanquam
1895 1425 2088 1499 prauis
2129 1423 2478 1482 humoribus
2519 1422 2578 1480 in
2619 1441 2875 1500 corpore
2917 1423 3219 1482 Ecclesiae
3257 1423 3528 1498 irritatiS,

596 1521 749 1580 quos
782 1502 881 1562 die
912 1505 967 1562 δι
988 1502 1187 1580 quiete
1207 1503 1531 1562 commoda
1552 1503 1797 1579 Spiritus
1820 1501 2038 1563 Christi
2060 1515 2366 1562 curaturus
2389 1512 2475 1561 est
2495 1505 2677 1562 solus.
2717 1505 2917 1579 Atque
2937 1503 3087 1562 haec
3107 1503 3352 1579 quidem
3375 1505 3534 1562 mala

598 1584 739 1642 cum
780 1581 841 1641 in
882 1583 1043 1641 hunc
1081 1583 1281 1642 locum
1322 1583 1553 1658 adsere,
1596 1581 1817 1642 nemini
1856 1582 2164 1660 speciatim
2207 1581 2587 1642 maledictum
2628 1584 2790 1642 volo.
2831 1583 2986 1642 Nam
3030 1585 3194 1644 Deus
3235 1582 3398 1643 testis
3439 1595 3532 1642 est

600 1682 697 1722 me
738 1661 815 1722 de
854 1660 1161 1738 singularis
1202 1661 1547 1739 cuiusquam
1588 1661 1875 1736 Ῑιοιιιίιιίε,
1918 1681 2098 1740 quem
2141 1661 2382 1739 quidem
2426 1663 2696 1722 nouerim
2739 1664 2856 1722 hoc
2897 1672 3193 1738 tempore,
3255 1664 3528 1722 notando

598 1743 759 1801 sacto
816 1740 1057 1832 minime
1096 1740 1397 1818 cogitare:
1458 1743 1565 1802 sed
1606 1741 1805 1802 licebit
1844 1742 1990 1802 mihi
2031 1761 2136 1820 per
2179 1745 2374 1802 bonos
2415 1745 2644 1833 (spero)
2683 1741 2900 1802 deflere
2941 1742 3182 1819 publica
3221 1743 3530 1803 Ecclesiae

601 1821 787 1897 mala,
828 1820 1097 1880 omnium
1132 1840 1485 1882 communes
1522 1823 1754 1912 culpaS,
1795 1825 1850 1882 δι
1892 1841 2053 1882 moes
2093 1840 2333 1899 quoque
2374 1821 2592 1898 ipsius.
2634 1822 2738 1898 qui
2769 1841 2882 1882 nos
2917 1841 3130 1883 omnes
3169 1825 3224 1884 δι
3264 1823 3534 1900 singulos

599 1915 719 1961 tam
762 1899 958 1961 multis
998 1901 1427 1991 intempestiuis
1466 1905 1521 1962 &
1560 1901 1913 1979 importunis
1954 1901 2210 1993 dissidiis
2249 1901 2566 1962 iustissimo
2609 1901 2719 1962 Dei
2763 1901 2984 1962 iudicio
3027 1901 3536 1979 acerbissimoque

598 1999 865 2058 agnosco
920 1979 1217 2058 flagellari.
1279 1981 1661 2058 Quapropter
1702 1983 1996 2059 deprecor
2035 1981 2182 2041 iram
2225 1983 2572 2060 flagellaque
2613 1983 2724 2042 Dei
2765 1982 3072 2042 communi
3112 2001 3292 2042 causa
3331 1985 3538 2042 Eccle-

600 2061 747 2136 siae,
788 2063 843 2122 &
890 2081 1023 2122 mea
1064 2081 1171 2139 per
1208 2061 1549 2122 Christum:
1592 2081 1771 2122 orans
1803 2061 2130 2121 Dominum
2173 2065 2368 2122 Deum
2409 2073 2677 2122 nostrum
2719 2065 2774 2122 &
2815 2073 3044 2140 patrem
3076 2061 3322 2122 Domini
3343 2061 3534 2122 nostri

600 2141 737 2202 Iesu
794 2140 1043 2234 Christi,
1105 2151 1169 2201 vt
1228 2141 1595 2218 singulorum
1638 2153 1865 2202 mentes
1906 2141 2196 2201 illuminet
2235 2143 2294 2200 in
2336 2141 2612 2204 veritate.
2657 2143 2843 2202 corda
2883 2141 3176 2202 accendat
3214 2143 3532 2216 charitate,

600 2223 657 2282 δι
716 2222 917 2281 omnia
976 2220 1149 2281 simul
1208 2231 1375 2299 regat
1433 2221 1511 2280 ad
1566 2223 1744 2281 finem
1786 2221 1949 2299 pacis
1989 2221 2049 2280 in
2093 2223 2312 2282 vnitate
2354 2221 2600 2297 Spiritus
2639 2222 3053 2284 obtinendum.
3095 2223 3329 2282 Deinde
3369 2225 3518 2283 vero

603 2301 743 2379 quia
784 2319 895 2360 nos
934 2311 1141 2360 monet
1179 2303 1399 2361 Psaltes
1444 2303 1694 2362 thronos
1743 2302 1857 2361 Dei
1892 2302 2044 2360 inter
2084 2301 2358 2360 homines
2398 2301 2476 2360 ad
2517 2304 2676 2361 hunc
2717 2301 2910 2378 ipsum
2951 2303 3132 2361 finem
3173 2302 3532 2363 constitutos

600 2399 763 2457 esse,
826 2392 887 2442 vt
948 2378 1162 2458 singuli
1222 2380 1327 2459 qui
1386 2401 1598 2459 pacem
1662 2381 1970 2443 Ecclesiae
2009 2381 2370 2459 expetimus,
2415 2383 2494 2441 ab
2533 2381 2648 2442 illis
2690 2382 2918 2442 thronis
2959 2381 3108 2443 iusta
3144 2401 3536 2459 assequamur

601 2461 941 2522 adiumenta
980 2461 1144 2539 pacis
1183 2465 1238 2523 &
1279 2462 1707 2539 prosperitatis:
1754 2483 1858 2523 vos
1900 2464 2167 2540 appe110,
2207 2464 2247 2523 ὀ
2289 2462 2444 2522 serui
2485 2462 2628 2539 Dei,
2673 2462 2778 2540 qui
2816 2482 2890 2522 ex
2925 2463 3126 2523 animo
3145 2464 3222 2523 ad
3243 2464 3532 2523 thronum

602 2540 961 2619 spiritualem
1024 2541 1242 2603 Christi
1303 2542 1363 2601 in
1424 2542 1693 2603 Ecclesia
1747 2542 2140 2620 procumbitis
2155 2586 2174 2613 ,
2234 2543 2292 2602 δι
2351 2544 2392 2602 a
2433 2544 2564 2602 Deo
2606 2541 2847 2602 hauritis
2889 2543 3164 2619 mysteria
3181 2543 3430 2634 ’gratiae
3471 2547 3532 2605 δι

602 2620 857 2699 gloriae,
917 2640 1102 2699 quam
1162 2623 1325 2683 Deus
1374 2621 1717 2683 timentibus
1756 2642 1821 2683 se
1863 2622 2270 2713 praeparauit:
2314 2642 2421 2682 vos
2463 2622 2604 2681 item
2646 2624 2918 2713 appelle,
2959 2623 2999 2683 ὃ
3041 2623 3196 2683 serui
3237 2624 3386 2699 Dei,
3425 2625 3532 2701 qui

602 2722 675 2763 ex
736 2702 935 2761 officio
996 2702 1075 2761 ad
1136 2704 1415 2762 thronum
1476 2702 1709 2763 ciuilem
1760 2702 1819 2761 in
1880 2702 2166 2763 societate
2220 2704 2478 2762 humana
2517 2702 2711 2762 euecti
2751 2702 2916 2778 estiS,
2963 2714 3023 2762 vt
3061 2702 3276 2781 regatis
3317 2722 3424 2764 eos
3467 2704 3532 2764 in

600 2800 749 2859 pace
791 2799 945 2858 quos
986 2781 1124 2841 fidei
1169 2794 1393 2843 vestrae
1432 2782 1731 2843 commisit
1772 2785 1970 2843 Deus:
2017 2782 2290 2860 Expetite
2313 2802 2421 2843 vos
2441 2800 2684 2859 quoque
2705 2802 2914 2859 pacem
2941 2782 3534 2875 Hierosolymorum:

602 2872 805 2922 curate
866 2874 926 2920 vt
972 2874 1237 2921 amantes
1280 2860 1583 2922 Ecclesiae
1624 2864 1891 2923 fruantur
1932 2862 2355 2941 prosperitate,
2397 2875 2460 2922 vt
2499 2881 2616 2939 pax
2655 2862 2730 2921 sit
2771 2864 3228 2939 praemunitioni
3267 2864 3322 2923 δι
3367 2883 3536 2939 pros·

600 2940 817 3033 peritas
876 2940 1107 3018 palatiis
1168 2942 1327 3001 eius·
1390 2942 1563 3003 facite
1625 2952 1687 3001 vt
1724 2943 1827 3019 qui
1868 2962 1994 3003 non
2031 2956 2168 3003 sunt
2206 2942 2489 3003 aduersus
2531 2942 2723 3011 illam,
2769 2962 2878 3019 pro
2919 2942 3019 3002 illa
3059 2944 3420 3015 habeantur
3463 2945 3522 3003 δι

600 3020 663 3082 in
712 3020 839 3081 dies
894 3022 976 3081 illi
1017 3022 1414 3097 adiungantur
1454 3024 1532 3082 ad
1576 3021 1754 3081 vitam
1800 3034 2103 3085 aeternam
2143 3042 2249 3099 per
2289 3020 2491 3082 salutis
2531 3024 2798 3082 verbum
2860 3026 3016 3082 Nam
3057 3023 3108 3082 si
3147 3026 3266 3084 hoc
3311 3023 3532 3099 cuique

603 3101 681 3162 de
744 3102 1001 3177 populo,
1064 3104 1249 3161 multo
1312 3102 1499 3178 magis
1558 3102 1773 3177 cuique
1834 3104 1911 3163 de
1971 3120 2222 3163 numero
2263 3114 2464 3164 vestro
2501 3116 2886 3179 praeceptum
2917 3118 3034 3179 est,
3077 3104 3132 3163 δι
3180 3104 3530 3181 impositum

600 3182 720 3241 hoc
784 3198 995 3241 munus
1052 3184 1089 3239 a
1149 3182 1435 3242 Domino·
1496 3181 1859 3259 Experimini
1916 3182 2118 3260 itaque
2180 3182 2392 3259 singuli
2431 3200 2571 3241 cum
2612 3182 2822 3241 animis
2867 3181 3072 3242 vestris
3108 3202 3323 3260 pacem
3363 3183 3530 3243 illam

602 3260 847 3321 Domini
908 3260 1323 3321 laetificantem
1383 3262 1776 3323 conscientias
1838 3274 2087 3323 vestras:
2153 3274 2467 3339 procurate
2531 3274 2590 3321 vt
2632 3274 2860 3322 vestrae
2901 3262 3055 3322 illius
3101 3264 3262 3339 pacis
3302 3266 3536 3323 fructus

603 3340 779 3401 etiam
824 3340 1109 3419 procedat
1150 3343 1307 3401 foras
1348 3342 1425 3401 ad
1467 3362 1572 3402 eos
1610 3342 1671 3402 in
1712 3360 1968 3420 quorum
2009 3343 2348 3403 societatem
2392 3361 2498 3402 vos
2539 3342 2786 3401 adduxit
2827 3344 3009 3402 Deus,

682 3422 1067 3495 StudeamuS,
1128 3422 1167 3481 ὁ
1230 3424 1429 3481 fratres
1492 3421 1884 3493 dilectissimi,
1944 3434 2006 3482 vt
2067 3442 2278 3499 pacem
2333 3421 2578 3482 Domini
2619 3442 2852 3497 semper
2893 3423 3255 3499 cogitemuS,
3295 3442 3537 3499 semper

598 3502 932 3579 cupiamus,
990 3520 1225 3578 semper
1276 3501 1556 3563 omnibus
1611 3504 2028 3579 ostendamuS,
2079 3522 2314 3579 semper
2367 3504 2667 3577 colamuS,
2723 3508 3075 3579 semperque
3137 3504 3538 3564 defendamus

595 3586 861 3654 strenue,
924 3583 1060 3641 cum
1123 3581 1527 3642 aduersarium
1571 3582 1733 3659 pacis
1778 3582 2044 3643 videmus
2092 3582 2332 3642 minime
2373 3583 2690 3650 otiantem,
2733 3582 2842 3643 sed
2880 3582 3006 3643 dies
3047 3584 3102 3643 δι
3145 3594 3352 3643 noctes
3393 3581 3536 3642 insi-

592 3660 855 3722 diantem
896 3676 997 3721 aut
1041 3674 1420 3739 appetentem
1456 3682 1675 3739 corpus
1717 3662 1861 3722 illud
1904 3662 2126 3723 Christi
2165 3664 2330 3739 quod
2375 3664 2454 3723 ad
2477 3682 2684 3740 pacem
2707 3662 2764 3721 in
2793 3662 3036 3721 veritate
3058 3666 3114 3722 δι
3136 3662 3540 3723 sanctimonia

596 3756 878 3803 vocatum
921 3754 1028 3802 est.
1070 3743 1303 3801 inuenit
1344 3742 1587 3817 quidem
1628 3743 1998 3802 aduersarius
2037 3742 2133 3801 ille
2173 3743 2250 3801 ad
2293 3762 2502 3819 pacem
2521 3743 2824 3802 Ecclesiae
2843 3744 3312 3820 oppugnandum
3335 3762 3536 3803 armo·

596 3840 729 3881 rum
774 3824 903 3897 plus
962 3823 1100 3881 sitis
1148 3824 1326 3895 (proh
1388 3823 1589 3897 dolor)
1652 3822 1709 3881 in
1755 3822 2023 3882 Ecclesia
2063 3824 2188 3899 ipsa
2229 3828 2284 3882 δι
2332 3822 2614 3881 membris
2654 3820 2900 3897 singulis
2942 3822 3152 3899 ipsius,
3193 3823 3428 3893 ouibus,
3469 3824 3532 3883 δι

603 3900 959 3979 pastoribus.
1006 3902 1425 3961 mortificemus
1464 3924 1607 3979 ergo
1653 3916 1909 3961 veterem
1950 3903 2115 3961 illum
2159 3902 2496 3975 hominem,
2557 3902 2978 3961 mortificemus
3023 3906 3290 3962 membra
3329 3902 3530 3962 carnis

604 3994 841 4043 nostrae
882 3982 1013 4059 paci
1059 3982 1139 4042 illi
1181 3983 1417 4042 caelesti
1460 3982 1837 4043 aduersantia
1860 4028 1877 4061 ,
1918 3986 1974 4043 δι
2017 4001 2224 4041 omnes
2263 3982 2457 4042 aditus
2503 3981 2684 4041 veteri
2727 3982 2808 4041 illi
2849 3986 3137 4061 serpenti,
3179 3986 3356 4060 quam
3399 3982 3532 4041 dili·

3189 4062 3534 4143 genti-ssime

3749 4532 3866 4787 Ι
