<?xml version="1.0" encoding="UTF-8"?>
<!DOCTYPE html PUBLIC "-//W3C//DTD XHTML 1.0 Transitional//EN"
    "http://www.w3.org/TR/xhtml1/DTD/xhtml1-transitional.dtd">
<html xmlns="http://www.w3.org/1999/xhtml" xml:lang="en" lang="en">
 <head>
  <title>
</title>
<meta http-equiv="Content-Type" content="text/html;charset=utf-8" />
  <meta name='ocr-system' content='tesseract 3.04.00' />
  <meta name='ocr-capabilities' content='ocr_page ocr_carea ocr_par ocr_line ocrx_word'/>
</head>
<body>
  <div class='ocr_page' id='page_1' title='image "./dfranciscijunii00junigoog_0140.png"; bbox 0 0 3923 4875; ppageno 0'>
   <div class='ocr_carea' id='block_1_1' title="bbox 1345 361 3305 428">
    <p class='ocr_par' dir='ltr' id='par_1_1' title="bbox 1345 361 3305 428">
     <span class='ocr_line' id='line_1_1' title="bbox 1345 361 3305 428; baseline 0.002 -23"><span class='ocrx_word' id='word_1_1' title='bbox 1345 363 1671 408; x_wconf 73' lang='lat' dir='ltr'><strong>‘russas</strong></span> <span class='ocrx_word' id='word_1_2' title='bbox 1730 361 2378 408; x_wconf 64' lang='lat' dir='ltr'><strong>Tnnonocrcan.</strong></span> <span class='ocrx_word' id='word_1_3' title='bbox 3195 369 3305 428; x_wconf 84' lang='lat'><strong>113</strong></span> 
     </span>
    </p>
   </div>
   <div class='ocr_carea' id='block_1_2' title="bbox 390 519 3386 4512">
    <p class='ocr_par' dir='ltr' id='par_1_2' title="bbox 392 519 3310 841">
     <span class='ocr_line' id='line_1_2' title="bbox 406 519 3310 602; baseline 0 -18"><span class='ocrx_word' id='word_1_4' title='bbox 406 524 517 584; x_wconf 88' lang='lat' dir='ltr'><strong>sed</strong></span> <span class='ocrx_word' id='word_1_5' title='bbox 570 523 647 583; x_wconf 91' lang='lat' dir='ltr'><strong>ad</strong></span> <span class='ocrx_word' id='word_1_6' title='bbox 696 521 1023 600; x_wconf 81' lang='lat' dir='ltr'><strong>quemlibet</strong></span> <span class='ocrx_word' id='word_1_7' title='bbox 1068 539 1275 583; x_wconf 85' lang='lat' dir='ltr'><strong>verum</strong></span> <span class='ocrx_word' id='word_1_8' title='bbox 1324 521 1625 584; x_wconf 86' lang='lat' dir='ltr'><strong>Ecclesiae</strong></span> <span class='ocrx_word' id='word_1_9' title='bbox 1674 526 1978 584; x_wconf 84' lang='lat' dir='ltr'><strong>Pastorem</strong></span> <span class='ocrx_word' id='word_1_10' title='bbox 2033 522 2347 585; x_wconf 83' lang='lat' dir='ltr'><strong>vocatione</strong></span> <span class='ocrx_word' id='word_1_11' title='bbox 2385 519 2624 601; x_wconf 74' lang='lat' dir='ltr'><strong>publica</strong></span> <span class='ocrx_word' id='word_1_12' title='bbox 2655 519 3000 583; x_wconf 84' lang='lat' dir='ltr'><strong>instructum</strong></span> <span class='ocrx_word' id='word_1_13' title='bbox 3041 525 3310 602; x_wconf 77' lang='lat' dir='ltr'><strong>publice,</strong></span> 
     </span>
     <span class='ocr_line' id='line_1_3' title="bbox 402 601 3306 681; baseline 0.001 -18"><span class='ocrx_word' id='word_1_14' title='bbox 402 603 774 681; x_wconf 87' lang='lat' dir='ltr'><strong>interpretari</strong></span> <span class='ocrx_word' id='word_1_15' title='bbox 822 601 1065 680; x_wconf 89' lang='lat' dir='ltr'><strong>inquam</strong></span> <span class='ocrx_word' id='word_1_16' title='bbox 1118 604 1449 681; x_wconf 83' lang='lat' dir='ltr'><strong>Scripturas</strong></span> <span class='ocrx_word' id='word_1_17' title='bbox 1487 623 1611 663; x_wconf 91' lang='lat' dir='ltr'><strong>non</strong></span> <span class='ocrx_word' id='word_1_18' title='bbox 1651 621 1725 664; x_wconf 87' lang='lat' dir='ltr'><strong>ex</strong></span> <span class='ocrx_word' id='word_1_19' title='bbox 1764 621 1936 664; x_wconf 90' lang='lat' dir='ltr'><strong>sensu</strong></span> <span class='ocrx_word' id='word_1_20' title='bbox 1979 621 2117 678; x_wconf 86' lang='lat' dir='ltr'><strong>su0,</strong></span> <span class='ocrx_word' id='word_1_21' title='bbox 2159 605 2214 662; x_wconf 85' lang='lat'>&amp;</span> <span class='ocrx_word' id='word_1_22' title='bbox 2254 623 2364 681; x_wconf 91' lang='lat' dir='ltr'><strong>pro</strong></span> <span class='ocrx_word' id='word_1_23' title='bbox 2398 601 2641 664; x_wconf 90' lang='lat' dir='ltr'><strong>arbitrio</strong></span> <span class='ocrx_word' id='word_1_24' title='bbox 2656 645 2675 679; x_wconf 94' lang='lat'><strong>,</strong></span> <span class='ocrx_word' id='word_1_25' title='bbox 2715 603 2960 662; x_wconf 75' lang='lat' dir='ltr'><strong>Nelzem.</strong></span> <span class='ocrx_word' id='word_1_26' title='bbox 3002 606 3058 662; x_wconf 91' lang='lat'><strong>8.</strong></span> <span class='ocrx_word' id='word_1_27' title='bbox 3101 624 3157 680; x_wconf 89' lang='lat'><strong>9.</strong></span> <span class='ocrx_word' id='word_1_28' title='bbox 3201 607 3306 666; x_wconf 91' lang='lat' dir='ltr'><strong>sed</strong></span> 
     </span>
     <span class='ocr_line' id='line_1_4' title="bbox 395 681 3308 762; baseline 0 -18"><span class='ocrx_word' id='word_1_29' title='bbox 395 701 471 744; x_wconf 86' lang='lat' dir='ltr'><strong>ex</strong></span> <span class='ocrx_word' id='word_1_30' title='bbox 510 683 637 761; x_wconf 86' lang='lat' dir='ltr'><strong>ipsa</strong></span> <span class='ocrx_word' id='word_1_31' title='bbox 676 683 963 760; x_wconf 84' lang='lat' dir='ltr'><strong>scriptura</strong></span> <span class='ocrx_word' id='word_1_32' title='bbox 1000 682 1162 742; x_wconf 83' lang='lat' dir='ltr'><strong>iuxta</strong></span> <span class='ocrx_word' id='word_1_33' title='bbox 1199 682 1337 744; x_wconf 90' lang='lat' dir='ltr'><strong>fidei</strong></span> <span class='ocrx_word' id='word_1_34' title='bbox 1378 683 1731 762; x_wconf 80' lang='lat' dir='ltr'><strong>analogiam,</strong></span> <span class='ocrx_word' id='word_1_35' title='bbox 1770 681 1895 743; x_wconf 90' lang='lat' dir='ltr'><strong>siue</strong></span> <span class='ocrx_word' id='word_1_36' title='bbox 1934 682 2056 743; x_wconf 90' lang='lat' dir='ltr'><strong>loci</strong></span> <span class='ocrx_word' id='word_1_37' title='bbox 2094 683 2293 744; x_wconf 81' lang='lat' dir='ltr'><strong>faciles</strong></span> <span class='ocrx_word' id='word_1_38' title='bbox 2333 686 2388 743; x_wconf 87' lang='lat'>&amp;</span> <span class='ocrx_word' id='word_1_39' title='bbox 2418 682 2560 743; x_wconf 89' lang='lat' dir='ltr'><strong>clari</strong></span> <span class='ocrx_word' id='word_1_40' title='bbox 2576 681 2654 741; x_wconf 89' lang='lat' dir='ltr'><strong>ad</strong></span> <span class='ocrx_word' id='word_1_41' title='bbox 2675 681 3084 742; x_wconf 87' lang='lat' dir='ltr'><strong>obscuriorum</strong></span> <span class='ocrx_word' id='word_1_42' title='bbox 3107 684 3308 744; x_wconf 91' lang='lat' dir='ltr'><strong>diluci-</strong></span> 
     </span>
     <span class='ocr_line' id='line_1_5' title="bbox 392 759 3310 841; baseline 0.001 -19"><span class='ocrx_word' id='word_1_43' title='bbox 392 761 697 822; x_wconf 89' lang='lat' dir='ltr'><strong>dationem</strong></span> <span class='ocrx_word' id='word_1_44' title='bbox 736 764 1071 823; x_wconf 84' lang='lat' dir='ltr'><strong>adserantur</strong></span> <span class='ocrx_word' id='word_1_45' title='bbox 1084 808 1101 841; x_wconf 90' lang='lat'><strong>,</strong></span> <span class='ocrx_word' id='word_1_46' title='bbox 1143 762 1267 824; x_wconf 90' lang='lat' dir='ltr'><strong>siue</strong></span> <span class='ocrx_word' id='word_1_47' title='bbox 1306 763 1433 841; x_wconf 89' lang='lat' dir='ltr'><strong>ipse</strong></span> <span class='ocrx_word' id='word_1_48' title='bbox 1472 764 1641 823; x_wconf 91' lang='lat' dir='ltr'><strong>locus</strong></span> <span class='ocrx_word' id='word_1_49' title='bbox 1681 782 1755 823; x_wconf 83' lang='lat' dir='ltr'><strong>ex</strong></span> <span class='ocrx_word' id='word_1_50' title='bbox 1794 762 1911 822; x_wconf 87' lang='lat' dir='ltr'><strong>suis</strong></span> <span class='ocrx_word' id='word_1_51' title='bbox 1932 761 2380 823; x_wconf 83' lang='lat' dir='ltr'><strong>circumstantiis</strong></span> <span class='ocrx_word' id='word_1_52' title='bbox 2400 765 2455 823; x_wconf 87' lang='lat'>&amp;</span> <span class='ocrx_word' id='word_1_53' title='bbox 2475 759 2738 822; x_wconf 87' lang='lat' dir='ltr'><strong>authoris</strong></span> <span class='ocrx_word' id='word_1_54' title='bbox 2757 779 2944 838; x_wconf 90' lang='lat' dir='ltr'><strong>scopo</strong></span> <span class='ocrx_word' id='word_1_55' title='bbox 2966 773 3310 839; x_wconf 83' lang='lat' dir='ltr'><strong>exponatur.</strong></span> 
     </span>
    </p>

    <p class='ocr_par' dir='ltr' id='par_1_3' title="bbox 390 840 3312 1319">
     <span class='ocr_line' id='line_1_6' title="bbox 477 840 3309 922; baseline 0.001 -21"><span class='ocrx_word' id='word_1_56' title='bbox 477 863 573 916; x_wconf 88' lang='lat'><strong>24.</strong></span> <span class='ocrx_word' id='word_1_57' title='bbox 651 843 783 902; x_wconf 89' lang='lat' dir='ltr'><strong>Nec</strong></span> <span class='ocrx_word' id='word_1_58' title='bbox 841 843 1035 902; x_wconf 79' lang='lat' dir='ltr'><strong>solum</strong></span> <span class='ocrx_word' id='word_1_59' title='bbox 1094 845 1242 921; x_wconf 85' lang='lat' dir='ltr'><strong>hoc,</strong></span> <span class='ocrx_word' id='word_1_60' title='bbox 1301 843 1407 904; x_wconf 90' lang='lat' dir='ltr'><strong>sed</strong></span> <span class='ocrx_word' id='word_1_61' title='bbox 1467 843 1642 903; x_wconf 87' lang='lat' dir='ltr'><strong>etiam</strong></span> <span class='ocrx_word' id='word_1_62' title='bbox 1686 841 1992 902; x_wconf 88' lang='lat' dir='ltr'><strong>statuimus</strong></span> <span class='ocrx_word' id='word_1_63' title='bbox 2032 842 2294 922; x_wconf 89' lang='lat' dir='ltr'><strong>singulos</strong></span> <span class='ocrx_word' id='word_1_64' title='bbox 2330 843 2462 921; x_wconf 92' lang='lat' dir='ltr'><strong>pios</strong></span> <span class='ocrx_word' id='word_1_65' title='bbox 2501 840 2748 902; x_wconf 88' lang='lat' dir='ltr'><strong>modulo</strong></span> <span class='ocrx_word' id='word_1_66' title='bbox 2789 858 2898 900; x_wconf 90' lang='lat' dir='ltr'><strong>suo</strong></span> <span class='ocrx_word' id='word_1_67' title='bbox 2939 845 2994 902; x_wconf 86' lang='lat'>&amp;</span> <span class='ocrx_word' id='word_1_68' title='bbox 3039 842 3309 904; x_wconf 88' lang='lat' dir='ltr'><strong>dimenso</strong></span> 
     </span>
     <span class='ocr_line' id='line_1_7' title="bbox 394 920 3310 1002; baseline 0.001 -20"><span class='ocrx_word' id='word_1_69' title='bbox 394 922 618 1000; x_wconf 83' lang='lat' dir='ltr'><strong>gratiae</strong></span> <span class='ocrx_word' id='word_1_70' title='bbox 676 921 927 1000; x_wconf 89' lang='lat' dir='ltr'><strong>Christi,</strong></span> <span class='ocrx_word' id='word_1_71' title='bbox 978 940 1155 999; x_wconf 89' lang='lat' dir='ltr'><strong>posse</strong></span> <span class='ocrx_word' id='word_1_72' title='bbox 1207 920 1481 1000; x_wconf 89' lang='lat' dir='ltr'><strong>priuatim</strong></span> <span class='ocrx_word' id='word_1_73' title='bbox 1521 922 1885 1000; x_wconf 88' lang='lat' dir='ltr'><strong>Scripturam</strong></span> <span class='ocrx_word' id='word_1_74' title='bbox 1922 921 2289 1000; x_wconf 88' lang='lat' dir='ltr'><strong>interpretari</strong></span> <span class='ocrx_word' id='word_1_75' title='bbox 2303 967 2321 1002; x_wconf 89' lang='lat'><strong>,</strong></span> <span class='ocrx_word' id='word_1_76' title='bbox 2362 924 2416 982; x_wconf 85' lang='lat'>&amp;</span> <span class='ocrx_word' id='word_1_77' title='bbox 2457 925 2627 983; x_wconf 88' lang='lat' dir='ltr'><strong>locos</strong></span> <span class='ocrx_word' id='word_1_78' title='bbox 2666 939 3010 997; x_wconf 82' lang='lat' dir='ltr'><strong>comparare</strong></span> <span class='ocrx_word' id='word_1_79' title='bbox 3050 923 3126 980; x_wconf 85' lang='lat' dir='ltr'><strong>ad</strong></span> <span class='ocrx_word' id='word_1_80' title='bbox 3165 923 3310 984; x_wconf 78' lang='lat' dir='ltr'><strong>veri-</strong></span> 
     </span>
     <span class='ocr_line' id='line_1_8' title="bbox 390 999 3312 1080; baseline 0.001 -19"><span class='ocrx_word' id='word_1_81' title='bbox 390 1011 575 1062; x_wconf 88' lang='lat' dir='ltr'><strong>tatem</strong></span> <span class='ocrx_word' id='word_1_82' title='bbox 616 1000 1113 1080; x_wconf 80' lang='lat' dir='ltr'><strong>inuestigandam3</strong></span> <span class='ocrx_word' id='word_1_83' title='bbox 1154 1003 1275 1062; x_wconf 79' lang='lat' dir='ltr'><strong>imo</strong></span> <span class='ocrx_word' id='word_1_84' title='bbox 1314 1009 1565 1080; x_wconf 74' lang='lat' dir='ltr'><strong>pastoris</strong></span> <span class='ocrx_word' id='word_1_85' title='bbox 1608 1002 1698 1064; x_wconf 90' lang='lat' dir='ltr'><strong>sui</strong></span> <span class='ocrx_word' id='word_1_86' title='bbox 1735 1001 2277 1080; x_wconf 85' lang='lat' dir='ltr'><strong>interpretationem</strong></span> <span class='ocrx_word' id='word_1_87' title='bbox 2318 1002 2652 1063; x_wconf 87' lang='lat' dir='ltr'><strong>examinare</strong></span> <span class='ocrx_word' id='word_1_88' title='bbox 2690 1001 2768 1060; x_wconf 92' lang='lat' dir='ltr'><strong>ad</strong></span> <span class='ocrx_word' id='word_1_89' title='bbox 2808 999 3032 1077; x_wconf 89' lang='lat' dir='ltr'><strong>lydium</strong></span> <span class='ocrx_word' id='word_1_90' title='bbox 3053 1001 3312 1080; x_wconf 87' lang='lat' dir='ltr'><strong>lapidem</strong></span> 
     </span>
     <span class='ocr_line' id='line_1_9' title="bbox 390 1079 3312 1161; baseline 0.001 -20"><span class='ocrx_word' id='word_1_91' title='bbox 390 1083 451 1141; x_wconf 89' lang='lat' dir='ltr'><strong>S.</strong></span> <span class='ocrx_word' id='word_1_92' title='bbox 494 1081 851 1159; x_wconf 89' lang='lat' dir='ltr'><strong>Scripturae.</strong></span> <span class='ocrx_word' id='word_1_93' title='bbox 891 1085 1025 1142; x_wconf 81' lang='lat' dir='ltr'><strong>Act.</strong></span> <span class='ocrx_word' id='word_1_94' title='bbox 1076 1099 1166 1158; x_wconf 79' lang='lat'><strong>17.</strong></span> <span class='ocrx_word' id='word_1_95' title='bbox 1214 1102 1239 1140; x_wconf 92' lang='lat'>1</span> <span class='ocrx_word' id='word_1_96' title='bbox 1255 1103 1303 1143; x_wconf 94' lang='lat'><strong>1.</strong></span> <span class='ocrx_word' id='word_1_97' title='bbox 1346 1093 1625 1161; x_wconf 86' lang='lat' dir='ltr'><strong>tanquam</strong></span> <span class='ocrx_word' id='word_1_98' title='bbox 1670 1098 1814 1142; x_wconf 90' lang='lat' dir='ltr'><strong>oues</strong></span> <span class='ocrx_word' id='word_1_99' title='bbox 1854 1082 2076 1142; x_wconf 87' lang='lat' dir='ltr'><strong>Christi</strong></span> <span class='ocrx_word' id='word_1_100' title='bbox 2116 1083 2514 1143; x_wconf 79' lang='lat' dir='ltr'><strong>discernentes</strong></span> <span class='ocrx_word' id='word_1_101' title='bbox 2554 1082 2837 1160; x_wconf 90' lang='lat' dir='ltr'><strong>pabulum</strong></span> <span class='ocrx_word' id='word_1_102' title='bbox 2859 1079 3039 1158; x_wconf 88' lang='lat' dir='ltr'><strong>ipsius</strong></span> <span class='ocrx_word' id='word_1_103' title='bbox 3059 1101 3132 1142; x_wconf 82' lang='lat' dir='ltr'><strong>ex</strong></span> <span class='ocrx_word' id='word_1_104' title='bbox 3151 1101 3312 1143; x_wconf 89' lang='lat' dir='ltr'><strong>com·</strong></span> 
     </span>
     <span class='ocr_line' id='line_1_10' title="bbox 395 1158 3312 1240; baseline 0.001 -18"><span class='ocrx_word' id='word_1_105' title='bbox 395 1161 564 1222; x_wconf 89' lang='lat' dir='ltr'><strong>muni</strong></span> <span class='ocrx_word' id='word_1_106' title='bbox 602 1178 777 1220; x_wconf 89' lang='lat' dir='ltr'><strong>sensu</strong></span> <span class='ocrx_word' id='word_1_107' title='bbox 818 1163 873 1220; x_wconf 78' lang='lat'>&amp;</span> <span class='ocrx_word' id='word_1_108' title='bbox 914 1172 1089 1240; x_wconf 89' lang='lat' dir='ltr'><strong>gustu</strong></span> <span class='ocrx_word' id='word_1_109' title='bbox 1127 1161 1263 1222; x_wconf 86' lang='lat' dir='ltr'><strong>fidei</strong></span> <span class='ocrx_word' id='word_1_110' title='bbox 1304 1161 1365 1222; x_wconf 92' lang='lat' dir='ltr'><strong>in</strong></span> <span class='ocrx_word' id='word_1_111' title='bbox 1406 1162 1577 1240; x_wconf 81' lang='lat' dir='ltr'><strong>ipsis,</strong></span> <span class='ocrx_word' id='word_1_112' title='bbox 1616 1161 1703 1222; x_wconf 88' lang='lat' dir='ltr'><strong>sic</strong></span> <span class='ocrx_word' id='word_1_113' title='bbox 1742 1172 1805 1222; x_wconf 87' lang='lat' dir='ltr'><strong>vt</strong></span> <span class='ocrx_word' id='word_1_114' title='bbox 1844 1162 1963 1222; x_wconf 87' lang='lat' dir='ltr'><strong>fide</strong></span> <span class='ocrx_word' id='word_1_115' title='bbox 2003 1160 2260 1222; x_wconf 88' lang='lat' dir='ltr'><strong>veritatis</strong></span> <span class='ocrx_word' id='word_1_116' title='bbox 2301 1161 2537 1222; x_wconf 88' lang='lat' dir='ltr'><strong>diuinae</strong></span> <span class='ocrx_word' id='word_1_117' title='bbox 2575 1180 2700 1222; x_wconf 92' lang='lat' dir='ltr'><strong>non</strong></span> <span class='ocrx_word' id='word_1_118' title='bbox 2721 1158 2918 1236; x_wconf 89' lang='lat' dir='ltr'><strong>specie</strong></span> <span class='ocrx_word' id='word_1_119' title='bbox 2938 1162 3312 1224; x_wconf 84' lang='lat' dir='ltr'><strong>authoritatis</strong></span> 
     </span>
     <span class='ocr_line' id='line_1_11' title="bbox 399 1241 1389 1319; baseline 0.001 -18"><span class='ocrx_word' id='word_1_120' title='bbox 399 1244 697 1302; x_wconf 80' lang='lat' dir='ltr'><strong>humanae</strong></span> <span class='ocrx_word' id='word_1_121' title='bbox 735 1241 949 1319; x_wconf 89' lang='lat' dir='ltr'><strong>singuli</strong></span> <span class='ocrx_word' id='word_1_122' title='bbox 990 1242 1389 1319; x_wconf 87' lang='lat' dir='ltr'><strong>acquiescant.</strong></span> 
     </span>
    </p>

    <p class='ocr_par' dir='ltr' id='par_1_4' title="bbox 394 1319 3318 1879">
     <span class='ocr_line' id='line_1_12' title="bbox 481 1319 3314 1400; baseline 0.001 -20"><span class='ocrx_word' id='word_1_123' title='bbox 481 1337 577 1399; x_wconf 86' lang='grc'><strong>25.</strong></span> <span class='ocrx_word' id='word_1_124' title='bbox 658 1323 1022 1400; x_wconf 86' lang='lat' dir='ltr'><strong>Ambiguam</strong></span> <span class='ocrx_word' id='word_1_125' title='bbox 1064 1340 1192 1382; x_wconf 92' lang='lat' dir='ltr'><strong>esse</strong></span> <span class='ocrx_word' id='word_1_126' title='bbox 1232 1322 1591 1400; x_wconf 90' lang='lat' dir='ltr'><strong>Scripturam</strong></span> <span class='ocrx_word' id='word_1_127' title='bbox 1635 1323 1694 1382; x_wconf 92' lang='lat' dir='ltr'><strong>S.</strong></span> <span class='ocrx_word' id='word_1_128' title='bbox 1736 1320 2070 1399; x_wconf 88' lang='lat' dir='ltr'><strong>clamitant,</strong></span> <span class='ocrx_word' id='word_1_129' title='bbox 2109 1319 2192 1382; x_wconf 86' lang='lat' dir='ltr'><strong>ita</strong></span> <span class='ocrx_word' id='word_1_130' title='bbox 2229 1331 2294 1382; x_wconf 87' lang='lat' dir='ltr'><strong>vt</strong></span> <span class='ocrx_word' id='word_1_131' title='bbox 2334 1321 2530 1381; x_wconf 74' lang='lat' dir='ltr'><strong>varios</strong></span> <span class='ocrx_word' id='word_1_132' title='bbox 2569 1336 2770 1382; x_wconf 89' lang='lat' dir='ltr'><strong>sensus</strong></span> <span class='ocrx_word' id='word_1_133' title='bbox 2809 1319 2923 1380; x_wconf 88' lang='lat' dir='ltr'><strong>sibi</strong></span> <span class='ocrx_word' id='word_1_134' title='bbox 2960 1319 3212 1381; x_wconf 88' lang='lat' dir='ltr'><strong>inuicem</strong></span> <span class='ocrx_word' id='word_1_135' title='bbox 3253 1321 3314 1382; x_wconf 90' lang='lat' dir='ltr'><strong>in</strong></span> 
     </span>
     <span class='ocr_line' id='line_1_13' title="bbox 396 1399 3312 1480; baseline 0 -19"><span class='ocrx_word' id='word_1_136' title='bbox 396 1401 593 1479; x_wconf 85' lang='lat' dir='ltr'><strong>specie</strong></span> <span class='ocrx_word' id='word_1_137' title='bbox 653 1411 1051 1479; x_wconf 85' lang='lat' dir='ltr'><strong>repugnantes</strong></span> <span class='ocrx_word' id='word_1_138' title='bbox 1111 1402 1298 1480; x_wconf 86' lang='lat' dir='ltr'><strong>possit</strong></span> <span class='ocrx_word' id='word_1_139' title='bbox 1356 1401 1667 1462; x_wconf 75' lang='lat' dir='ltr'><strong>admittere</strong></span> <span class='ocrx_word' id='word_1_140' title='bbox 1716 1401 1975 1478; x_wconf 78' lang='lat' dir='ltr'><strong>ideoque</strong></span> <span class='ocrx_word' id='word_1_141' title='bbox 2024 1402 2103 1461; x_wconf 89' lang='lat' dir='ltr'><strong>ab</strong></span> <span class='ocrx_word' id='word_1_142' title='bbox 2145 1400 2454 1463; x_wconf 87' lang='lat' dir='ltr'><strong>haereticis</strong></span> <span class='ocrx_word' id='word_1_143' title='bbox 2492 1400 2634 1479; x_wconf 90' lang='lat' dir='ltr'><strong>ipsis</strong></span> <span class='ocrx_word' id='word_1_144' title='bbox 2672 1399 2890 1460; x_wconf 88' lang='lat' dir='ltr'><strong>adduci</strong></span> <span class='ocrx_word' id='word_1_145' title='bbox 2929 1400 3004 1460; x_wconf 87' lang='lat' dir='ltr'><strong>ad</strong></span> <span class='ocrx_word' id='word_1_146' title='bbox 3046 1418 3312 1462; x_wconf 88' lang='lat' dir='ltr'><strong>errorum</strong></span> 
     </span>
     <span class='ocr_line' id='line_1_14' title="bbox 396 1480 3318 1559; baseline 0.001 -19"><span class='ocrx_word' id='word_1_147' title='bbox 396 1498 641 1541; x_wconf 91' lang='lat' dir='ltr'><strong>suorum</strong></span> <span class='ocrx_word' id='word_1_148' title='bbox 698 1481 1229 1542; x_wconf 89' lang='lat' dir='ltr'><strong>confirmationem.</strong></span> <span class='ocrx_word' id='word_1_149' title='bbox 1291 1482 1419 1542; x_wconf 89' lang='lat' dir='ltr'><strong>Nos</strong></span> <span class='ocrx_word' id='word_1_150' title='bbox 1478 1486 1620 1542; x_wconf 82' lang='lat' dir='ltr'><strong>vero</strong></span> <span class='ocrx_word' id='word_1_151' title='bbox 1670 1481 2098 1558; x_wconf 66' lang='lat' dir='ltr'><strong>respondemus</strong></span> <span class='ocrx_word' id='word_1_152' title='bbox 2139 1481 2500 1559; x_wconf 89' lang='lat' dir='ltr'><strong>Scripturam</strong></span> <span class='ocrx_word' id='word_1_153' title='bbox 2540 1481 2704 1541; x_wconf 91' lang='lat' dir='ltr'><strong>nullo</strong></span> <span class='ocrx_word' id='word_1_154' title='bbox 2737 1480 2924 1540; x_wconf 93' lang='lat' dir='ltr'><strong>modo</strong></span> <span class='ocrx_word' id='word_1_155' title='bbox 2965 1499 3091 1540; x_wconf 89' lang='lat' dir='ltr'><strong>esse</strong></span> <span class='ocrx_word' id='word_1_156' title='bbox 3131 1481 3318 1542; x_wconf 90' lang='lat' dir='ltr'><strong>ambi·</strong></span> 
     </span>
     <span class='ocr_line' id='line_1_15' title="bbox 394 1559 3313 1652; baseline 0.001 -34"><span class='ocrx_word' id='word_1_157' title='bbox 394 1578 571 1638; x_wconf 88' lang='lat' dir='ltr'><strong>guam</strong></span> <span class='ocrx_word' id='word_1_158' title='bbox 588 1607 605 1636; x_wconf 81' lang='lat'><strong>,</strong></span> <span class='ocrx_word' id='word_1_159' title='bbox 646 1561 755 1620; x_wconf 89' lang='lat' dir='ltr'><strong>sed</strong></span> <span class='ocrx_word' id='word_1_160' title='bbox 795 1559 1070 1622; x_wconf 84' lang='lat' dir='ltr'><strong>indoctos</strong></span> <span class='ocrx_word' id='word_1_161' title='bbox 1110 1561 1438 1638; x_wconf 74' lang='lat' dir='ltr'><strong>parumque</strong></span> <span class='ocrx_word' id='word_1_162' title='bbox 1477 1560 1716 1622; x_wconf 89' lang='lat' dir='ltr'><strong>stabiles</strong></span> <span class='ocrx_word' id='word_1_163' title='bbox 1755 1561 1867 1620; x_wconf 89' lang='lat' dir='ltr'><strong>sibi</strong></span> <span class='ocrx_word' id='word_1_164' title='bbox 1907 1577 2101 1621; x_wconf 88' lang='lat' dir='ltr'><strong>nouos</strong></span> <span class='ocrx_word' id='word_1_165' title='bbox 2121 1579 2324 1622; x_wconf 88' lang='lat' dir='ltr'><strong>sensus</strong></span> <span class='ocrx_word' id='word_1_166' title='bbox 2342 1562 2650 1652; x_wconf 75' lang='lat' dir='ltr'><strong>affingere,</strong></span> <span class='ocrx_word' id='word_1_167' title='bbox 2673 1560 3102 1636; x_wconf 75' lang='lat' dir='ltr'><strong>scripturasque</strong></span> <span class='ocrx_word' id='word_1_168' title='bbox 3123 1562 3313 1621; x_wconf 92' lang='lat' dir='ltr'><strong>detor-</strong></span> 
     </span>
     <span class='ocr_line' id='line_1_16' title="bbox 399 1639 3312 1718; baseline 0 -18"><span class='ocrx_word' id='word_1_169' title='bbox 399 1658 611 1717; x_wconf 82' lang='lat' dir='ltr'><strong>quere,</strong></span> <span class='ocrx_word' id='word_1_170' title='bbox 651 1657 761 1699; x_wconf 80' lang='lat' dir='ltr'><strong>suo</strong></span> <span class='ocrx_word' id='word_1_171' title='bbox 801 1640 1065 1718; x_wconf 90' lang='lat' dir='ltr'><strong>ipsorum</strong></span> <span class='ocrx_word' id='word_1_172' title='bbox 1102 1641 1341 1702; x_wconf 90' lang='lat' dir='ltr'><strong>iudicio.</strong></span> <span class='ocrx_word' id='word_1_173' title='bbox 1384 1661 1436 1701; x_wconf 85' lang='lat'><strong>2.</strong></span> <span class='ocrx_word' id='word_1_174' title='bbox 1477 1642 1605 1700; x_wconf 84' lang='lat' dir='ltr'><strong>Pet.</strong></span> <span class='ocrx_word' id='word_1_175' title='bbox 1649 1660 1707 1717; x_wconf 86' lang='lat'><strong>3.</strong></span> <span class='ocrx_word' id='word_1_176' title='bbox 1758 1660 1843 1717; x_wconf 81' lang='lat'><strong>13.</strong></span> <span class='ocrx_word' id='word_1_177' title='bbox 1886 1641 2016 1700; x_wconf 90' lang='lat' dir='ltr'><strong>Nec</strong></span> <span class='ocrx_word' id='word_1_178' title='bbox 2057 1640 2271 1702; x_wconf 90' lang='lat' dir='ltr'><strong>mirum</strong></span> <span class='ocrx_word' id='word_1_179' title='bbox 2293 1639 2340 1701; x_wconf 88' lang='lat' dir='ltr'><strong>si</strong></span> <span class='ocrx_word' id='word_1_180' title='bbox 2363 1640 2645 1701; x_wconf 89' lang='lat' dir='ltr'><strong>haeretic1</strong></span> <span class='ocrx_word' id='word_1_181' title='bbox 2664 1640 2960 1718; x_wconf 90' lang='lat' dir='ltr'><strong>scripturis</strong></span> <span class='ocrx_word' id='word_1_182' title='bbox 2980 1642 3312 1718; x_wconf 70' lang='lat' dir='ltr'><strong>abutantur,</strong></span> 
     </span>
     <span class='ocr_line' id='line_1_17' title="bbox 397 1718 3311 1799; baseline 0 -19"><span class='ocrx_word' id='word_1_183' title='bbox 397 1721 537 1780; x_wconf 78' lang='lat' dir='ltr'><strong>cum</strong></span> <span class='ocrx_word' id='word_1_184' title='bbox 578 1721 759 1779; x_wconf 86' lang='lat' dir='ltr'><strong>Satan</strong></span> <span class='ocrx_word' id='word_1_185' title='bbox 798 1719 921 1798; x_wconf 91' lang='lat' dir='ltr'><strong>ipse</strong></span> <span class='ocrx_word' id='word_1_186' title='bbox 962 1721 1075 1780; x_wconf 87' lang='lat' dir='ltr'><strong>illis</strong></span> <span class='ocrx_word' id='word_1_187' title='bbox 1115 1721 1366 1782; x_wconf 86' lang='lat' dir='ltr'><strong>voluerit</strong></span> <span class='ocrx_word' id='word_1_188' title='bbox 1405 1738 1783 1799; x_wconf 84' lang='lat' dir='ltr'><strong>oppugnare:</strong></span> <span class='ocrx_word' id='word_1_189' title='bbox 1824 1721 1931 1780; x_wconf 91' lang='lat' dir='ltr'><strong>sed</strong></span> <span class='ocrx_word' id='word_1_190' title='bbox 1952 1718 2152 1798; x_wconf 89' lang='lat' dir='ltr'><strong>gladio</strong></span> <span class='ocrx_word' id='word_1_191' title='bbox 2173 1719 2353 1799; x_wconf 88' lang='lat' dir='ltr'><strong>ipsius</strong></span> <span class='ocrx_word' id='word_1_192' title='bbox 2369 1719 2536 1781; x_wconf 85' lang='lat' dir='ltr'><strong>verbi</strong></span> <span class='ocrx_word' id='word_1_193' title='bbox 2555 1719 2670 1780; x_wconf 92' lang='lat' dir='ltr'><strong>Dei</strong></span> <span class='ocrx_word' id='word_1_194' title='bbox 2689 1739 2802 1780; x_wconf 89' lang='lat' dir='ltr'><strong>nos</strong></span> <span class='ocrx_word' id='word_1_195' title='bbox 2823 1739 2997 1797; x_wconf 88' lang='lat' dir='ltr'><strong>posse</strong></span> <span class='ocrx_word' id='word_1_196' title='bbox 3015 1723 3070 1780; x_wconf 78' lang='grc'><strong>81</strong></span> <span class='ocrx_word' id='word_1_197' title='bbox 3091 1721 3311 1781; x_wconf 89' lang='lat' dir='ltr'><strong>debere</strong></span> 
     </span>
     <span class='ocr_line' id='line_1_18' title="bbox 399 1799 3309 1879; baseline 0.001 -21"><span class='ocrx_word' id='word_1_198' title='bbox 399 1799 565 1860; x_wconf 88' lang='lat' dir='ltr'><strong>illurn</strong></span> <span class='ocrx_word' id='word_1_199' title='bbox 606 1817 943 1877; x_wconf 84' lang='lat' dir='ltr'><strong>expugnare</strong></span> <span class='ocrx_word' id='word_1_200' title='bbox 981 1800 1249 1862; x_wconf 89' lang='lat' dir='ltr'><strong>Christus</strong></span> <span class='ocrx_word' id='word_1_201' title='bbox 1286 1801 1501 1862; x_wconf 88' lang='lat' dir='ltr'><strong>author</strong></span> <span class='ocrx_word' id='word_1_202' title='bbox 1540 1810 1657 1862; x_wconf 89' lang='lat' dir='ltr'><strong>est:</strong></span> <span class='ocrx_word' id='word_1_203' title='bbox 1701 1799 1805 1876; x_wconf 91' lang='lat' dir='ltr'><strong>qui</strong></span> <span class='ocrx_word' id='word_1_204' title='bbox 1843 1799 2054 1861; x_wconf 89' lang='lat' dir='ltr'><strong>iisdem</strong></span> <span class='ocrx_word' id='word_1_205' title='bbox 2095 1799 2272 1860; x_wconf 75' lang='lat' dir='ltr'><strong>armis</strong></span> <span class='ocrx_word' id='word_1_206' title='bbox 2313 1799 2507 1879; x_wconf 89' lang='lat' dir='ltr'><strong>ipsum</strong></span> <span class='ocrx_word' id='word_1_207' title='bbox 2546 1799 2959 1878; x_wconf 88' lang='lat' dir='ltr'><strong>profligauerit.</strong></span> <span class='ocrx_word' id='word_1_208' title='bbox 2999 1801 3219 1861; x_wconf 74' lang='lat' dir='ltr'><strong>Matth.</strong></span> <span class='ocrx_word' id='word_1_209' title='bbox 3251 1821 3309 1874; x_wconf 90' lang='lat'><strong>4.</strong></span> 
     </span>
    </p>

    <p class='ocr_par' dir='ltr' id='par_1_5' title="bbox 395 1879 3386 2107">
     <span class='ocr_line' id='line_1_19' title="bbox 479 1879 3308 1960; baseline 0.001 -23"><span class='ocrx_word' id='word_1_210' title='bbox 479 1881 573 1940; x_wconf 87' lang='lat'><strong>26.</strong></span> <span class='ocrx_word' id='word_1_211' title='bbox 654 1881 793 1939; x_wconf 89' lang='lat' dir='ltr'><strong>Non</strong></span> <span class='ocrx_word' id='word_1_212' title='bbox 836 1899 980 1958; x_wconf 88' lang='lat' dir='ltr'><strong>ergo</strong></span> <span class='ocrx_word' id='word_1_213' title='bbox 1022 1879 1374 1960; x_wconf 85' lang='lat' dir='ltr'><strong>ambiguitas</strong></span> <span class='ocrx_word' id='word_1_214' title='bbox 1412 1880 1747 1959; x_wconf 89' lang='lat' dir='ltr'><strong>Scripturae</strong></span> <span class='ocrx_word' id='word_1_215' title='bbox 1762 1924 1781 1952; x_wconf 88' lang='lat'><em>‚</em></span> <span class='ocrx_word' id='word_1_216' title='bbox 1824 1880 1930 1939; x_wconf 90' lang='lat' dir='ltr'><strong>sed</strong></span> <span class='ocrx_word' id='word_1_217' title='bbox 1971 1879 2234 1957; x_wconf 88' lang='lat' dir='ltr'><strong>ipsorum</strong></span> <span class='ocrx_word' id='word_1_218' title='bbox 2275 1880 2528 1942; x_wconf 85' lang='lat' dir='ltr'><strong>caecitas</strong></span> <span class='ocrx_word' id='word_1_219' title='bbox 2565 1879 2857 1940; x_wconf 88' lang='lat' dir='ltr'><strong>malitiosa</strong></span> <span class='ocrx_word' id='word_1_220' title='bbox 2888 1889 2988 1939; x_wconf 91' lang='lat' dir='ltr'><strong>aut</strong></span> <span class='ocrx_word' id='word_1_221' title='bbox 3022 1897 3201 1940; x_wconf 89' lang='lat' dir='ltr'><strong>caeca</strong></span> <span class='ocrx_word' id='word_1_222' title='bbox 3221 1890 3308 1941; x_wconf 92' lang='lat' dir='ltr'><strong>est</strong></span> 
     </span>
     <span class='ocr_line' id='line_1_20' title="bbox 396 1958 3306 2038; baseline 0.001 -21"><span class='ocrx_word' id='word_1_223' title='bbox 396 1975 502 2017; x_wconf 92' lang='lat' dir='ltr'><strong>cur</strong></span> <span class='ocrx_word' id='word_1_224' title='bbox 542 1958 931 2037; x_wconf 86' lang='lat' dir='ltr'><strong>Euangelium</strong></span> <span class='ocrx_word' id='word_1_225' title='bbox 972 1959 1044 2020; x_wconf 92' lang='lat' dir='ltr'><strong>sit</strong></span> <span class='ocrx_word' id='word_1_226' title='bbox 1080 1961 1193 2021; x_wconf 90' lang='lat' dir='ltr'><strong>illis</strong></span> <span class='ocrx_word' id='word_1_227' title='bbox 1232 1961 1385 2022; x_wconf 91' lang='lat' dir='ltr'><strong>odor</strong></span> <span class='ocrx_word' id='word_1_228' title='bbox 1428 1959 1633 2020; x_wconf 88' lang='lat' dir='ltr'><strong>mortis</strong></span> <span class='ocrx_word' id='word_1_229' title='bbox 1670 1960 1749 2020; x_wconf 91' lang='lat' dir='ltr'><strong>ad</strong></span> <span class='ocrx_word' id='word_1_230' title='bbox 1790 1969 2077 2038; x_wconf 89' lang='lat' dir='ltr'><strong>mortem,</strong></span> <span class='ocrx_word' id='word_1_231' title='bbox 2119 1979 2172 2020; x_wconf 86' lang='lat'><strong>2.</strong></span> <span class='ocrx_word' id='word_1_232' title='bbox 2223 1960 2361 2022; x_wconf 87' lang='lat' dir='ltr'><strong>Cor.</strong></span> <span class='ocrx_word' id='word_1_233' title='bbox 2405 1981 2459 2021; x_wconf 85' lang='lat'><strong>2.</strong></span> <span class='ocrx_word' id='word_1_234' title='bbox 2511 1962 2603 2021; x_wconf 91' lang='lat'><strong>16.</strong></span> <span class='ocrx_word' id='word_1_235' title='bbox 2645 1959 2811 2037; x_wconf 91' lang='lat' dir='ltr'><strong>quod</strong></span> <span class='ocrx_word' id='word_1_236' title='bbox 2830 1968 3028 2019; x_wconf 88' lang='lat' dir='ltr'><strong>tamen</strong></span> <span class='ocrx_word' id='word_1_237' title='bbox 3047 1960 3306 2036; x_wconf 88' lang='lat' dir='ltr'><strong>potentia</strong></span> 
     </span>
     <span class='ocr_line' id='line_1_21' title="bbox 395 2037 3386 2107; baseline 0.001 -9"><span class='ocrx_word' id='word_1_238' title='bbox 395 2037 511 2099; x_wconf 91' lang='lat' dir='ltr'><strong>Dei</strong></span> <span class='ocrx_word' id='word_1_239' title='bbox 550 2048 640 2098; x_wconf 90' lang='lat' dir='ltr'><strong>est</strong></span> <span class='ocrx_word' id='word_1_240' title='bbox 676 2041 755 2098; x_wconf 88' lang='lat' dir='ltr'><strong>ad</strong></span> <span class='ocrx_word' id='word_1_241' title='bbox 796 2042 1043 2100; x_wconf 89' lang='lat' dir='ltr'><strong>salutem</strong></span> <span class='ocrx_word' id='word_1_242' title='bbox 1090 2040 1257 2101; x_wconf 89' lang='lat' dir='ltr'><strong>omni</strong></span> <span class='ocrx_word' id='word_1_243' title='bbox 1298 2040 1584 2102; x_wconf 90' lang='lat' dir='ltr'><strong>credenti.</strong></span> <span class='ocrx_word' id='word_1_244' title='bbox 1623 2043 1795 2100; x_wconf 87' lang='lat' dir='ltr'><strong>Rom.</strong></span> <span class='ocrx_word' id='word_1_245' title='bbox 1840 2059 1892 2100; x_wconf 90' lang='lat'><strong>1.</strong></span> <span class='ocrx_word' id='word_1_246' title='bbox 1942 2042 2032 2099; x_wconf 91' lang='lat'><strong>16.</strong></span> <span class='ocrx_word' id='word_1_247' title='bbox 3383 2103 3386 2107; x_wconf 68' lang='grc'><strong>,</strong></span> 
     </span>
    </p>

    <p class='ocr_par' dir='ltr' id='par_1_6' title="bbox 393 2117 3310 2834">
     <span class='ocr_line' id='line_1_22' title="bbox 479 2117 3310 2198; baseline 0.001 -21"><span class='ocrx_word' id='word_1_248' title='bbox 479 2135 575 2194; x_wconf 82' lang='grc'><strong>27.</strong></span> <span class='ocrx_word' id='word_1_249' title='bbox 652 2119 783 2179; x_wconf 86' lang='grc' dir='ltr'><strong>Νο0</strong></span> <span class='ocrx_word' id='word_1_250' title='bbox 843 2119 983 2179; x_wconf 86' lang='lat' dir='ltr'><strong>facit</strong></span> <span class='ocrx_word' id='word_1_251' title='bbox 1044 2121 1209 2198; x_wconf 92' lang='lat' dir='ltr'><strong>quod</strong></span> <span class='ocrx_word' id='word_1_252' title='bbox 1268 2122 1549 2198; x_wconf 83' lang='lat' dir='ltr'><strong>afferunt,</strong></span> <span class='ocrx_word' id='word_1_253' title='bbox 1611 2120 1722 2180; x_wconf 92' lang='lat' dir='ltr'><strong>nisi</strong></span> <span class='ocrx_word' id='word_1_254' title='bbox 1776 2120 1907 2197; x_wconf 91' lang='lat' dir='ltr'><strong>quis</strong></span> <span class='ocrx_word' id='word_1_255' title='bbox 1960 2119 2037 2180; x_wconf 88' lang='lat' dir='ltr'><strong>sit</strong></span> <span class='ocrx_word' id='word_1_256' title='bbox 2078 2119 2254 2179; x_wconf 83' lang='lat' dir='ltr'><strong>iudex</strong></span> <span class='ocrx_word' id='word_1_257' title='bbox 2295 2135 2602 2197; x_wconf 86' lang='lat' dir='ltr'><strong>supremus</strong></span> <span class='ocrx_word' id='word_1_258' title='bbox 2645 2117 2810 2178; x_wconf 90' lang='lat' dir='ltr'><strong>cuius</strong></span> <span class='ocrx_word' id='word_1_259' title='bbox 2848 2117 3310 2196; x_wconf 87' lang='lat' dir='ltr'><strong>interpretationi</strong></span> 
     </span>
     <span class='ocr_line' id='line_1_23' title="bbox 398 2197 3308 2280; baseline 0.001 -24"><span class='ocrx_word' id='word_1_260' title='bbox 398 2198 674 2257; x_wconf 81' lang='lat' dir='ltr'><strong>standum</strong></span> <span class='ocrx_word' id='word_1_261' title='bbox 738 2197 839 2270; x_wconf 83' lang='lat' dir='ltr'><strong>sit,</strong></span> <span class='ocrx_word' id='word_1_262' title='bbox 892 2201 947 2259; x_wconf 86' lang='lat'>&amp;</span> <span class='ocrx_word' id='word_1_263' title='bbox 989 2200 1089 2277; x_wconf 92' lang='lat' dir='ltr'><strong>qui</strong></span> <span class='ocrx_word' id='word_1_264' title='bbox 1131 2202 1316 2278; x_wconf 87' lang='lat' dir='ltr'><strong>possit</strong></span> <span class='ocrx_word' id='word_1_265' title='bbox 1358 2219 1574 2280; x_wconf 88' lang='lat' dir='ltr'><strong>cogere</strong></span> <span class='ocrx_word' id='word_1_266' title='bbox 1614 2219 1725 2278; x_wconf 91' lang='lat' dir='ltr'><strong>pro</strong></span> <span class='ocrx_word' id='word_1_267' title='bbox 1764 2199 2045 2278; x_wconf 89' lang='lat' dir='ltr'><strong>imperi0,</strong></span> <span class='ocrx_word' id='word_1_268' title='bbox 2087 2215 2410 2277; x_wconf 88' lang='lat' dir='ltr'><strong>numquam</strong></span> <span class='ocrx_word' id='word_1_269' title='bbox 2451 2199 2628 2259; x_wconf 86' lang='lat' dir='ltr'><strong>finem</strong></span> <span class='ocrx_word' id='word_1_270' title='bbox 2668 2197 2968 2258; x_wconf 87' lang='lat' dir='ltr'><strong>habituras</strong></span> <span class='ocrx_word' id='word_1_271' title='bbox 3010 2200 3308 2279; x_wconf 79' lang='lat' dir='ltr'><strong>haereseS,</strong></span> 
     </span>
     <span class='ocr_line' id='line_1_24' title="bbox 395 2278 3301 2357; baseline 0 -21"><span class='ocrx_word' id='word_1_272' title='bbox 395 2279 533 2336; x_wconf 78' lang='lat' dir='ltr'><strong>cum</strong></span> <span class='ocrx_word' id='word_1_273' title='bbox 572 2279 693 2338; x_wconf 89' lang='lat' dir='ltr'><strong>hoc</strong></span> <span class='ocrx_word' id='word_1_274' title='bbox 731 2297 855 2338; x_wconf 92' lang='lat' dir='ltr'><strong>non</strong></span> <span class='ocrx_word' id='word_1_275' title='bbox 894 2278 969 2339; x_wconf 92' lang='lat' dir='ltr'><strong>sit</strong></span> <span class='ocrx_word' id='word_1_276' title='bbox 1004 2297 1268 2357; x_wconf 85' lang='lat' dir='ltr'><strong>vnquam</strong></span> <span class='ocrx_word' id='word_1_277' title='bbox 1306 2283 1564 2340; x_wconf 85' lang='lat' dir='ltr'><strong>futurum</strong></span> <span class='ocrx_word' id='word_1_278' title='bbox 1604 2279 1665 2339; x_wconf 91' lang='lat' dir='ltr'><strong>in</strong></span> <span class='ocrx_word' id='word_1_279' title='bbox 1705 2282 1824 2340; x_wconf 91' lang='lat' dir='ltr'><strong>hoc</strong></span> <span class='ocrx_word' id='word_1_280' title='bbox 1862 2281 2122 2352; x_wconf 85' lang='lat' dir='ltr'><strong>mund0,</strong></span> <span class='ocrx_word' id='word_1_281' title='bbox 2159 2289 2221 2340; x_wconf 89' lang='lat' dir='ltr'><strong>vt</strong></span> <span class='ocrx_word' id='word_1_282' title='bbox 2241 2297 2450 2340; x_wconf 88' lang='lat' dir='ltr'><strong>omnes</strong></span> <span class='ocrx_word' id='word_1_283' title='bbox 2470 2279 2740 2338; x_wconf 87' lang='lat' dir='ltr'><strong>haereses</strong></span> <span class='ocrx_word' id='word_1_284' title='bbox 2761 2279 3056 2339; x_wconf 90' lang='lat' dir='ltr'><strong>tollantur.</strong></span> <span class='ocrx_word' id='word_1_285' title='bbox 3087 2298 3135 2338; x_wconf 89' lang='lat'><strong>1.</strong></span> <span class='ocrx_word' id='word_1_286' title='bbox 3163 2279 3301 2338; x_wconf 82' lang='lat' dir='ltr'><strong>Cor.</strong></span> 
     </span>
     <span class='ocr_line' id='line_1_25' title="bbox 404 2355 3304 2439; baseline 0.001 -24"><span class='ocrx_word' id='word_1_287' title='bbox 404 2377 495 2417; x_wconf 91' lang='lat'><strong>11.</strong></span> <span class='ocrx_word' id='word_1_288' title='bbox 541 2372 631 2433; x_wconf 86' lang='lat'><strong>15.</strong></span> <span class='ocrx_word' id='word_1_289' title='bbox 692 2357 872 2418; x_wconf 90' lang='lat' dir='ltr'><strong>Adde</strong></span> <span class='ocrx_word' id='word_1_290' title='bbox 924 2361 1091 2436; x_wconf 90' lang='lat' dir='ltr'><strong>quod</strong></span> <span class='ocrx_word' id='word_1_291' title='bbox 1142 2361 1243 2439; x_wconf 93' lang='lat' dir='ltr'><strong>Sp.</strong></span> <span class='ocrx_word' id='word_1_292' title='bbox 1283 2363 1342 2421; x_wconf 92' lang='lat' dir='ltr'><strong>S.</strong></span> <span class='ocrx_word' id='word_1_293' title='bbox 1382 2361 1443 2420; x_wconf 91' lang='lat' dir='ltr'><strong>in</strong></span> <span class='ocrx_word' id='word_1_294' title='bbox 1481 2358 1769 2437; x_wconf 89' lang='lat' dir='ltr'><strong>scriptura</strong></span> <span class='ocrx_word' id='word_1_295' title='bbox 1810 2362 2012 2437; x_wconf 90' lang='lat' dir='ltr'><strong>(quem</strong></span> <span class='ocrx_word' id='word_1_296' title='bbox 2052 2375 2393 2435; x_wconf 77' lang='lat' dir='ltr'><strong>supremum</strong></span> <span class='ocrx_word' id='word_1_297' title='bbox 2433 2357 2690 2417; x_wconf 89' lang='lat' dir='ltr'><strong>iudicem</strong></span> <span class='ocrx_word' id='word_1_298' title='bbox 2729 2355 3042 2417; x_wconf 90' lang='lat' dir='ltr'><strong>asserimus</strong></span> <span class='ocrx_word' id='word_1_299' title='bbox 3058 2361 3100 2435; x_wconf 91' lang='lat'><strong>,)</strong></span> <span class='ocrx_word' id='word_1_300' title='bbox 3141 2357 3304 2434; x_wconf 83' lang='lat' dir='ltr'><strong>cogit</strong></span> 
     </span>
     <span class='ocr_line' id='line_1_26' title="bbox 395 2436 3306 2518; baseline -0.001 -21"><span class='ocrx_word' id='word_1_301' title='bbox 395 2436 637 2513; x_wconf 89' lang='lat' dir='ltr'><strong>quidem</strong></span> <span class='ocrx_word' id='word_1_302' title='bbox 676 2449 881 2499; x_wconf 89' lang='lat' dir='ltr'><strong>sancta</strong></span> <span class='ocrx_word' id='word_1_303' title='bbox 916 2440 1228 2518; x_wconf 71' lang='lat' dir='ltr'><strong>violentia,</strong></span> <span class='ocrx_word' id='word_1_304' title='bbox 1269 2442 1374 2502; x_wconf 88' lang='lat' dir='ltr'><strong>sed</strong></span> <span class='ocrx_word' id='word_1_305' title='bbox 1404 2440 1639 2501; x_wconf 89' lang='lat' dir='ltr'><strong>interno</strong></span> <span class='ocrx_word' id='word_1_306' title='bbox 1673 2450 1839 2500; x_wconf 89' lang='lat' dir='ltr'><strong>motu</strong></span> <span class='ocrx_word' id='word_1_307' title='bbox 1874 2437 2294 2517; x_wconf 69' lang='lat' dir='ltr'><strong>conscientias,</strong></span> <span class='ocrx_word' id='word_1_308' title='bbox 2313 2449 2378 2498; x_wconf 89' lang='lat' dir='ltr'><strong>vt</strong></span> <span class='ocrx_word' id='word_1_309' title='bbox 2397 2437 2630 2517; x_wconf 88' lang='lat' dir='ltr'><strong>agnitae</strong></span> <span class='ocrx_word' id='word_1_310' title='bbox 2649 2436 2879 2497; x_wconf 86' lang='lat' dir='ltr'><strong>veritati</strong></span> <span class='ocrx_word' id='word_1_311' title='bbox 2901 2437 3306 2513; x_wconf 87' lang='lat' dir='ltr'><strong>obsequantur</strong></span> 
     </span>
     <span class='ocr_line' id='line_1_27' title="bbox 394 2517 3304 2598; baseline -0.001 -21"><span class='ocrx_word' id='word_1_312' title='bbox 394 2537 469 2577; x_wconf 81' lang='lat' dir='ltr'><strong>ex</strong></span> <span class='ocrx_word' id='word_1_313' title='bbox 528 2518 645 2579; x_wconf 88' lang='lat' dir='ltr'><strong>fide</strong></span> <span class='ocrx_word' id='word_1_314' title='bbox 661 2562 680 2595; x_wconf 91' lang='lat'><strong>,</strong></span> <span class='ocrx_word' id='word_1_315' title='bbox 731 2517 913 2595; x_wconf 91' lang='lat' dir='ltr'><strong>idque</strong></span> <span class='ocrx_word' id='word_1_316' title='bbox 960 2517 1021 2579; x_wconf 92' lang='lat' dir='ltr'><strong>in</strong></span> <span class='ocrx_word' id='word_1_317' title='bbox 1066 2520 1135 2580; x_wconf 89' lang='lat' dir='ltr'><strong>iis</strong></span> <span class='ocrx_word' id='word_1_318' title='bbox 1176 2524 1369 2581; x_wconf 80' lang='lat' dir='ltr'><strong>solum</strong></span> <span class='ocrx_word' id='word_1_319' title='bbox 1409 2520 1469 2580; x_wconf 89' lang='lat' dir='ltr'><strong>in</strong></span> <span class='ocrx_word' id='word_1_320' title='bbox 1509 2519 1725 2598; x_wconf 88' lang='lat' dir='ltr'><strong>quibus</strong></span> <span class='ocrx_word' id='word_1_321' title='bbox 1765 2522 1902 2580; x_wconf 78' lang='lat' dir='ltr'><strong>cum</strong></span> <span class='ocrx_word' id='word_1_322' title='bbox 1942 2518 2206 2580; x_wconf 82' lang='lat' dir='ltr'><strong>efficacia</strong></span> <span class='ocrx_word' id='word_1_323' title='bbox 2245 2528 2542 2597; x_wconf 89' lang='lat' dir='ltr'><strong>operatur.</strong></span> <span class='ocrx_word' id='word_1_324' title='bbox 2599 2520 2859 2578; x_wconf 84' lang='lat' dir='ltr'><strong>Externa</strong></span> <span class='ocrx_word' id='word_1_325' title='bbox 2897 2526 3094 2576; x_wconf 89' lang='lat' dir='ltr'><strong>autem</strong></span> <span class='ocrx_word' id='word_1_326' title='bbox 3135 2518 3304 2576; x_wconf 61' lang='lat' dir='ltr'><strong>coacss</strong></span> 
     </span>
     <span class='ocr_line' id='line_1_28' title="bbox 393 2596 3306 2679; baseline -0 -23"><span class='ocrx_word' id='word_1_327' title='bbox 393 2597 556 2657; x_wconf 91' lang='lat' dir='ltr'><strong>tione</strong></span> <span class='ocrx_word' id='word_1_328' title='bbox 593 2617 769 2674; x_wconf 86' lang='lat' dir='ltr'><strong>posse</strong></span> <span class='ocrx_word' id='word_1_329' title='bbox 810 2599 1031 2659; x_wconf 91' lang='lat' dir='ltr'><strong>adduci</strong></span> <span class='ocrx_word' id='word_1_330' title='bbox 1070 2600 1461 2661; x_wconf 84' lang='lat' dir='ltr'><strong>conscientias</strong></span> <span class='ocrx_word' id='word_1_331' title='bbox 1490 2612 1556 2661; x_wconf 91' lang='lat' dir='ltr'><strong>ut</strong></span> <span class='ocrx_word' id='word_1_332' title='bbox 1574 2600 1849 2679; x_wconf 91' lang='lat' dir='ltr'><strong>credant,</strong></span> <span class='ocrx_word' id='word_1_333' title='bbox 1870 2616 2184 2678; x_wconf 81' lang='lat' dir='ltr'><strong>negamuS,</strong></span> <span class='ocrx_word' id='word_1_334' title='bbox 2207 2602 2344 2659; x_wconf 79' lang='lat' dir='ltr'><strong>cum</strong></span> <span class='ocrx_word' id='word_1_335' title='bbox 2365 2600 2512 2659; x_wconf 87' lang='lat' dir='ltr'><strong>fides</strong></span> <span class='ocrx_word' id='word_1_336' title='bbox 2532 2598 2692 2675; x_wconf 91' lang='lat' dir='ltr'><strong>pend</strong></span> <span class='ocrx_word' id='word_1_337' title='bbox 2767 2606 2932 2657; x_wconf 88' lang='lat' dir='ltr'><strong>tnon</strong></span> <span class='ocrx_word' id='word_1_338' title='bbox 2951 2597 3029 2655; x_wconf 90' lang='lat' dir='ltr'><strong>ab</strong></span> <span class='ocrx_word' id='word_1_339' title='bbox 3049 2596 3306 2655; x_wconf 89' lang='lat' dir='ltr'><strong>humana</strong></span> 
     </span>
     <span class='ocr_line' id='line_1_29' title="bbox 394 2617 3304 2761; baseline -0 -25"><span class='ocrx_word' id='word_1_340' title='bbox 394 2676 779 2755; x_wconf 88' lang='lat' dir='ltr'><strong>authoritate,</strong></span> <span class='ocrx_word' id='word_1_341' title='bbox 840 2680 948 2739; x_wconf 90' lang='lat' dir='ltr'><strong>sed</strong></span> <span class='ocrx_word' id='word_1_342' title='bbox 1004 2683 1041 2738; x_wconf 75' lang='lat' dir='ltr'><strong>a</strong></span> <span class='ocrx_word' id='word_1_343' title='bbox 1098 2682 1235 2741; x_wconf 91' lang='lat' dir='ltr'><strong>Deo</strong></span> <span class='ocrx_word' id='word_1_344' title='bbox 1252 2726 1269 2759; x_wconf 91' lang='lat'><strong>,</strong></span> <span class='ocrx_word' id='word_1_345' title='bbox 1330 2683 1479 2761; x_wconf 59' lang='grc' dir='ltr'><strong>ΕΜ.</strong></span> <span class='ocrx_word' id='word_1_346' title='bbox 1524 2702 1577 2739; x_wconf 83' lang='lat'><strong>2.</strong></span> <span class='ocrx_word' id='word_1_347' title='bbox 1621 2684 1677 2740; x_wconf 93' lang='lat'><strong>8.</strong></span> <span class='ocrx_word' id='word_1_348' title='bbox 1741 2680 1801 2738; x_wconf 91' lang='lat' dir='ltr'><strong>in</strong></span> <span class='ocrx_word' id='word_1_349' title='bbox 1852 2678 2018 2740; x_wconf 86' lang='lat' dir='ltr'><strong>cuius</strong></span> <span class='ocrx_word' id='word_1_350' title='bbox 2067 2696 2247 2739; x_wconf 90' lang='lat' dir='ltr'><strong>manu</strong></span> <span class='ocrx_word' id='word_1_351' title='bbox 2299 2688 2434 2739; x_wconf 89' lang='lat' dir='ltr'><strong>sunt</strong></span> <span class='ocrx_word' id='word_1_352' title='bbox 2481 2617 2790 2738; x_wconf 53' lang='lat' dir='ltr'><strong>hominssi</strong></span> <span class='ocrx_word' id='word_1_353' title='bbox 2830 2675 3045 2753; x_wconf 82' lang='lat' dir='ltr'><strong>corda3</strong></span> <span class='ocrx_word' id='word_1_354' title='bbox 3086 2682 3304 2752; x_wconf 70' lang='lat' dir='ltr'><strong>qusque</strong></span> 
     </span>
     <span class='ocr_line' id='line_1_30' title="bbox 395 2758 1829 2834; baseline 0.001 -17"><span class='ocrx_word' id='word_1_355' title='bbox 395 2767 592 2834; x_wconf 86' lang='lat' dir='ltr'><strong>potest</strong></span> <span class='ocrx_word' id='word_1_356' title='bbox 629 2777 698 2817; x_wconf 88' lang='lat' dir='ltr'><strong>ea</strong></span> <span class='ocrx_word' id='word_1_357' title='bbox 738 2762 860 2834; x_wconf 78' lang='lat' dir='ltr'><strong>quo</strong></span> <span class='ocrx_word' id='word_1_358' title='bbox 898 2760 1027 2819; x_wconf 81' lang='lat' dir='ltr'><strong>vult</strong></span> <span class='ocrx_word' id='word_1_359' title='bbox 1065 2758 1365 2822; x_wconf 89' lang='lat' dir='ltr'><strong>inclinare.</strong></span> <span class='ocrx_word' id='word_1_360' title='bbox 1402 2764 1590 2820; x_wconf 85' lang='lat' dir='ltr'><strong>Pr0u.</strong></span> <span class='ocrx_word' id='word_1_361' title='bbox 1636 2780 1729 2819; x_wconf 85' lang='lat'><strong>21.</strong></span> <span class='ocrx_word' id='word_1_362' title='bbox 1778 2778 1829 2819; x_wconf 94' lang='lat'><strong>1.</strong></span> 
     </span>
    </p>

    <p class='ocr_par' dir='ltr' id='par_1_7' title="bbox 392 2833 3304 3483">
     <span class='ocr_line' id='line_1_31' title="bbox 480 2833 3304 2915; baseline -0.001 -20"><span class='ocrx_word' id='word_1_363' title='bbox 480 2840 573 2896; x_wconf 85' lang='lat'><strong>28.</strong></span> <span class='ocrx_word' id='word_1_364' title='bbox 654 2840 880 2897; x_wconf 90' lang='lat' dir='ltr'><strong>Volunt</strong></span> <span class='ocrx_word' id='word_1_365' title='bbox 918 2839 1235 2915; x_wconf 87' lang='lat' dir='ltr'><strong>aduersarij</strong></span> <span class='ocrx_word' id='word_1_366' title='bbox 1277 2840 1463 2901; x_wconf 88' lang='lat' dir='ltr'><strong>nostri</strong></span> <span class='ocrx_word' id='word_1_367' title='bbox 1499 2839 1847 2901; x_wconf 85' lang='lat' dir='ltr'><strong>Pontificem</strong></span> <span class='ocrx_word' id='word_1_368' title='bbox 1885 2855 2058 2899; x_wconf 87' lang='lat' dir='ltr'><strong>suum</strong></span> <span class='ocrx_word' id='word_1_369' title='bbox 2101 2856 2225 2898; x_wconf 90' lang='lat' dir='ltr'><strong>non</strong></span> <span class='ocrx_word' id='word_1_370' title='bbox 2265 2840 2492 2899; x_wconf 77' lang='lat' dir='ltr'><strong>tantum</strong></span> <span class='ocrx_word' id='word_1_371' title='bbox 2531 2839 2706 2897; x_wconf 88' lang='lat' dir='ltr'><strong>Petro</strong></span> <span class='ocrx_word' id='word_1_372' title='bbox 2725 2881 2742 2912; x_wconf 92' lang='lat'><strong>,</strong></span> <span class='ocrx_word' id='word_1_373' title='bbox 2783 2836 2888 2895; x_wconf 89' lang='lat' dir='ltr'><strong>sed</strong></span> <span class='ocrx_word' id='word_1_374' title='bbox 2928 2833 3104 2893; x_wconf 90' lang='lat' dir='ltr'><strong>etiam</strong></span> <span class='ocrx_word' id='word_1_375' title='bbox 3145 2835 3304 2893; x_wconf 88' lang='lat' dir='ltr'><strong>Mosi</strong></span> 
     </span>
     <span class='ocr_line' id='line_1_32' title="bbox 392 2913 3303 2999; baseline -0.001 -24"><span class='ocrx_word' id='word_1_376' title='bbox 392 2917 746 2977; x_wconf 88' lang='lat' dir='ltr'><strong>successisse</strong></span> <span class='ocrx_word' id='word_1_377' title='bbox 794 2920 1001 2977; x_wconf 88' lang='lat' dir='ltr'><strong>saltem</strong></span> <span class='ocrx_word' id='word_1_378' title='bbox 1053 2918 1115 2979; x_wconf 88' lang='lat' dir='ltr'><strong>in</strong></span> <span class='ocrx_word' id='word_1_379' title='bbox 1154 2919 1334 2996; x_wconf 82' lang='lat' dir='ltr'><strong>officij</strong></span> <span class='ocrx_word' id='word_1_380' title='bbox 1374 2920 1593 2999; x_wconf 80' lang='lat' dir='ltr'><strong>gradu,</strong></span> <span class='ocrx_word' id='word_1_381' title='bbox 1632 2930 1696 2979; x_wconf 87' lang='lat' dir='ltr'><strong>vt</strong></span> <span class='ocrx_word' id='word_1_382' title='bbox 1735 2918 1809 2979; x_wconf 91' lang='lat' dir='ltr'><strong>sit</strong></span> <span class='ocrx_word' id='word_1_383' title='bbox 1847 2918 1972 2996; x_wconf 88' lang='lat' dir='ltr'><strong>ipse</strong></span> <span class='ocrx_word' id='word_1_384' title='bbox 2011 2935 2274 2978; x_wconf 90' lang='lat' dir='ltr'><strong>summus</strong></span> <span class='ocrx_word' id='word_1_385' title='bbox 2313 2918 2374 2979; x_wconf 90' lang='lat' dir='ltr'><strong>in</strong></span> <span class='ocrx_word' id='word_1_386' title='bbox 2413 2917 2680 2977; x_wconf 87' lang='lat' dir='ltr'><strong>Ecclesia</strong></span> <span class='ocrx_word' id='word_1_387' title='bbox 2717 2914 2832 2975; x_wconf 92' lang='lat' dir='ltr'><strong>Dei</strong></span> <span class='ocrx_word' id='word_1_388' title='bbox 2870 2914 3074 2987; x_wconf 81' lang='lat' dir='ltr'><strong>iudex,</strong></span> <span class='ocrx_word' id='word_1_389' title='bbox 3114 2913 3303 2989; x_wconf 89' lang='lat' dir='ltr'><strong>qualis</strong></span> 
     </span>
     <span class='ocr_line' id='line_1_33' title="bbox 392 2992 3302 3075; baseline -0.002 -19"><span class='ocrx_word' id='word_1_390' title='bbox 392 3007 517 3056; x_wconf 87' lang='lat' dir='ltr'><strong>erat</strong></span> <span class='ocrx_word' id='word_1_391' title='bbox 553 2998 756 3057; x_wconf 88' lang='lat' dir='ltr'><strong>Moses</strong></span> <span class='ocrx_word' id='word_1_392' title='bbox 794 2997 854 3057; x_wconf 91' lang='lat' dir='ltr'><strong>in</strong></span> <span class='ocrx_word' id='word_1_393' title='bbox 894 3001 1121 3075; x_wconf 88' lang='lat' dir='ltr'><strong>populo</strong></span> <span class='ocrx_word' id='word_1_394' title='bbox 1160 3000 1503 3061; x_wconf 71' lang='lat' dir='ltr'><strong>Israelitico.</strong></span> <span class='ocrx_word' id='word_1_395' title='bbox 1544 3001 1769 3060; x_wconf 78' lang='lat' dir='ltr'><strong>Verum</strong></span> <span class='ocrx_word' id='word_1_396' title='bbox 1785 3043 1804 3074; x_wconf 94' lang='lat'><strong>,</strong></span> <span class='ocrx_word' id='word_1_397' title='bbox 1844 2998 2034 3059; x_wconf 89' lang='lat' dir='ltr'><strong>Mosis</strong></span> <span class='ocrx_word' id='word_1_398' title='bbox 2073 2998 2445 3074; x_wconf 84' lang='lat' dir='ltr'><strong>vocationem</strong></span> <span class='ocrx_word' id='word_1_399' title='bbox 2487 2996 2662 3057; x_wconf 81' lang='lat' dir='ltr'><strong>fuisse</strong></span> <span class='ocrx_word' id='word_1_400' title='bbox 2696 2992 3212 3055; x_wconf 85' lang='lat' dir='ltr'><strong>extraordinariam</strong></span> <span class='ocrx_word' id='word_1_401' title='bbox 3245 2993 3302 3051; x_wconf 87' lang='lat'>&amp;</span> 
     </span>
     <span class='ocr_line' id='line_1_34' title="bbox 392 3072 3300 3158; baseline -0.001 -24"><span class='ocrx_word' id='word_1_402' title='bbox 392 3075 735 3137; x_wconf 78' lang='lat' dir='ltr'><strong>immediate</strong></span> <span class='ocrx_word' id='word_1_403' title='bbox 795 3080 833 3136; x_wconf 77' lang='lat' dir='ltr'><strong>a</strong></span> <span class='ocrx_word' id='word_1_404' title='bbox 878 3080 1013 3138; x_wconf 92' lang='lat' dir='ltr'><strong>Deo</strong></span> <span class='ocrx_word' id='word_1_405' title='bbox 1066 3082 1521 3158; x_wconf 77' lang='lat' dir='ltr'><strong>respondemuS,</strong></span> <span class='ocrx_word' id='word_1_406' title='bbox 1562 3077 1863 3139; x_wconf 87' lang='lat' dir='ltr'><strong>Pontificis</strong></span> <span class='ocrx_word' id='word_1_407' title='bbox 1903 3082 2046 3139; x_wconf 81' lang='lat' dir='ltr'><strong>vero</strong></span> <span class='ocrx_word' id='word_1_408' title='bbox 2086 3080 2266 3139; x_wconf 90' lang='lat' dir='ltr'><strong>Rom.</strong></span> <span class='ocrx_word' id='word_1_409' title='bbox 2309 3082 2396 3154; x_wconf 88' lang='lat' dir='ltr'><strong>(vt</strong></span> <span class='ocrx_word' id='word_1_410' title='bbox 2434 3079 2552 3138; x_wconf 91' lang='lat' dir='ltr'><strong>hoc</strong></span> <span class='ocrx_word' id='word_1_411' title='bbox 2591 3075 2644 3136; x_wconf 89' lang='lat' dir='ltr'><strong>ei</strong></span> <span class='ocrx_word' id='word_1_412' title='bbox 2685 3075 2920 3151; x_wconf 91' lang='lat' dir='ltr'><strong>demus)</strong></span> <span class='ocrx_word' id='word_1_413' title='bbox 2958 3072 3300 3150; x_wconf 83' lang='lat' dir='ltr'><strong>mediatam,</strong></span> 
     </span>
     <span class='ocr_line' id='line_1_35' title="bbox 394 3153 3302 3237; baseline -0.001 -24"><span class='ocrx_word' id='word_1_414' title='bbox 394 3156 449 3213; x_wconf 85' lang='lat'>&amp;</span> <span class='ocrx_word' id='word_1_415' title='bbox 490 3156 867 3217; x_wconf 85' lang='lat' dir='ltr'><strong>ordinariam.</strong></span> <span class='ocrx_word' id='word_1_416' title='bbox 929 3159 1185 3220; x_wconf 89' lang='lat' dir='ltr'><strong>Aaronis</strong></span> <span class='ocrx_word' id='word_1_417' title='bbox 1224 3160 1465 3237; x_wconf 91' lang='lat' dir='ltr'><strong>quidem</strong></span> <span class='ocrx_word' id='word_1_418' title='bbox 1504 3159 1743 3220; x_wconf 85' lang='lat' dir='ltr'><strong>vocatio</strong></span> <span class='ocrx_word' id='word_1_419' title='bbox 1782 3168 1907 3219; x_wconf 88' lang='lat' dir='ltr'><strong>erat</strong></span> <span class='ocrx_word' id='word_1_420' title='bbox 1947 3157 2272 3237; x_wconf 89' lang='lat' dir='ltr'><strong>ordinaria,</strong></span> <span class='ocrx_word' id='word_1_421' title='bbox 2311 3158 2416 3219; x_wconf 91' lang='lat' dir='ltr'><strong>sed</strong></span> <span class='ocrx_word' id='word_1_422' title='bbox 2453 3156 2686 3236; x_wconf 78' lang='lat' dir='ltr'><strong>legaliS,</strong></span> <span class='ocrx_word' id='word_1_423' title='bbox 2728 3155 2783 3213; x_wconf 86' lang='lat'>&amp;</span> <span class='ocrx_word' id='word_1_424' title='bbox 2822 3154 3020 3231; x_wconf 85' lang='lat' dir='ltr'><strong>typica</strong></span> <span class='ocrx_word' id='word_1_425' title='bbox 3038 3198 3056 3229; x_wconf 90' lang='lat'><strong>,</strong></span> <span class='ocrx_word' id='word_1_426' title='bbox 3094 3172 3206 3213; x_wconf 90' lang='lat' dir='ltr'><strong>nec</strong></span> <span class='ocrx_word' id='word_1_427' title='bbox 3226 3153 3302 3212; x_wconf 91' lang='lat' dir='ltr'><strong>ad</strong></span> 
     </span>
     <span class='ocr_line' id='line_1_36' title="bbox 394 3232 3304 3317; baseline -0.001 -23"><span class='ocrx_word' id='word_1_428' title='bbox 394 3236 702 3314; x_wconf 83' lang='lat' dir='ltr'><strong>Euangelij</strong></span> <span class='ocrx_word' id='word_1_429' title='bbox 746 3248 1017 3314; x_wconf 89' lang='lat' dir='ltr'><strong>tempora</strong></span> <span class='ocrx_word' id='word_1_430' title='bbox 1054 3238 1373 3317; x_wconf 78' lang='lat' dir='ltr'><strong>pertinens.</strong></span> <span class='ocrx_word' id='word_1_431' title='bbox 1412 3241 1593 3300; x_wconf 76' lang='lat' dir='ltr'><strong>Dent.</strong></span> <span class='ocrx_word' id='word_1_432' title='bbox 1641 3254 1732 3313; x_wconf 86' lang='lat'><strong>17.</strong></span> <span class='ocrx_word' id='word_1_433' title='bbox 1780 3259 1872 3298; x_wconf 88' lang='lat'><strong>11.</strong></span> <span class='ocrx_word' id='word_1_434' title='bbox 1910 3240 2098 3297; x_wconf 83' lang='lat' dir='ltr'><strong>Num.</strong></span> <span class='ocrx_word' id='word_1_435' title='bbox 2148 3253 2239 3315; x_wconf 90' lang='lat'><strong>15.</strong></span> <span class='ocrx_word' id='word_1_436' title='bbox 2279 3238 2454 3297; x_wconf 89' lang='lat' dir='ltr'><strong>Adde</strong></span> <span class='ocrx_word' id='word_1_437' title='bbox 2493 3236 2658 3315; x_wconf 90' lang='lat' dir='ltr'><strong>quod</strong></span> <span class='ocrx_word' id='word_1_438' title='bbox 2698 3238 2753 3296; x_wconf 86' lang='lat'>&amp;</span> <span class='ocrx_word' id='word_1_439' title='bbox 2792 3236 2992 3294; x_wconf 89' lang='lat' dir='ltr'><strong>Moses</strong></span> <span class='ocrx_word' id='word_1_440' title='bbox 3015 3236 3070 3293; x_wconf 74' lang='grc'><strong>81</strong></span> <span class='ocrx_word' id='word_1_441' title='bbox 3090 3232 3304 3292; x_wconf 90' lang='lat' dir='ltr'><strong>summi</strong></span> 
     </span>
     <span class='ocr_line' id='line_1_37' title="bbox 396 3313 3302 3396; baseline -0.001 -21"><span class='ocrx_word' id='word_1_442' title='bbox 396 3317 745 3377; x_wconf 89' lang='lat' dir='ltr'><strong>Sacerdotes</strong></span> <span class='ocrx_word' id='word_1_443' title='bbox 805 3335 931 3377; x_wconf 91' lang='lat' dir='ltr'><strong>non</strong></span> <span class='ocrx_word' id='word_1_444' title='bbox 979 3336 1091 3396; x_wconf 91' lang='lat' dir='ltr'><strong>pro</strong></span> <span class='ocrx_word' id='word_1_445' title='bbox 1141 3319 1383 3380; x_wconf 87' lang='lat' dir='ltr'><strong>arbitrio</strong></span> <span class='ocrx_word' id='word_1_446' title='bbox 1434 3321 1707 3380; x_wconf 78' lang='lat' dir='ltr'><strong>absolute</strong></span> <span class='ocrx_word' id='word_1_447' title='bbox 1746 3318 2116 3395; x_wconf 88' lang='lat' dir='ltr'><strong>iudicabant,</strong></span> <span class='ocrx_word' id='word_1_448' title='bbox 2151 3318 2260 3378; x_wconf 90' lang='lat' dir='ltr'><strong>sed</strong></span> <span class='ocrx_word' id='word_1_449' title='bbox 2298 3338 2371 3378; x_wconf 84' lang='lat' dir='ltr'><strong>ex</strong></span> <span class='ocrx_word' id='word_1_450' title='bbox 2413 3320 2542 3395; x_wconf 88' lang='lat' dir='ltr'><strong>lege</strong></span> <span class='ocrx_word' id='word_1_451' title='bbox 2588 3315 2722 3375; x_wconf 88' lang='lat' dir='ltr'><strong>Dei.</strong></span> <span class='ocrx_word' id='word_1_452' title='bbox 2782 3313 2904 3373; x_wconf 91' lang='lat' dir='ltr'><strong>Vbi</strong></span> <span class='ocrx_word' id='word_1_453' title='bbox 2943 3324 3138 3374; x_wconf 87' lang='lat' dir='ltr'><strong>autem</strong></span> <span class='ocrx_word' id='word_1_454' title='bbox 3178 3331 3302 3372; x_wconf 92' lang='lat' dir='ltr'><strong>non</strong></span> 
     </span>
     <span class='ocr_line' id='line_1_38' title="bbox 394 3392 3304 3483; baseline -0.001 -30"><span class='ocrx_word' id='word_1_455' title='bbox 394 3408 519 3455; x_wconf 90' lang='lat' dir='ltr'><strong>erat</strong></span> <span class='ocrx_word' id='word_1_456' title='bbox 573 3397 698 3472; x_wconf 81' lang='lat' dir='ltr'><strong>lex,</strong></span> <span class='ocrx_word' id='word_1_457' title='bbox 752 3407 853 3456; x_wconf 88' lang='lat' dir='ltr'><strong>aut</strong></span> <span class='ocrx_word' id='word_1_458' title='bbox 905 3416 1029 3458; x_wconf 89' lang='lat' dir='ltr'><strong>non</strong></span> <span class='ocrx_word' id='word_1_459' title='bbox 1068 3398 1672 3476; x_wconf 87' lang='lat' dir='ltr'><strong>animaduertebatur,</strong></span> <span class='ocrx_word' id='word_1_460' title='bbox 1714 3400 1907 3459; x_wconf 90' lang='lat' dir='ltr'><strong>Deum</strong></span> <span class='ocrx_word' id='word_1_461' title='bbox 1948 3398 2142 3476; x_wconf 89' lang='lat' dir='ltr'><strong>ipsum</strong></span> <span class='ocrx_word' id='word_1_462' title='bbox 2183 3399 2608 3473; x_wconf 86' lang='lat' dir='ltr'><strong>consulebant,</strong></span> <span class='ocrx_word' id='word_1_463' title='bbox 2647 3393 2751 3472; x_wconf 90' lang='lat' dir='ltr'><strong>qui</strong></span> <span class='ocrx_word' id='word_1_464' title='bbox 2791 3411 3072 3471; x_wconf 88' lang='lat' dir='ltr'><strong>responsa</strong></span> <span class='ocrx_word' id='word_1_465' title='bbox 3107 3392 3304 3483; x_wconf 75' lang='lat' dir='ltr'><strong>dabat.</strong></span> 
     </span>
    </p>

    <p class='ocr_par' dir='ltr' id='par_1_8' title="bbox 394 3473 3300 3721">
     <span class='ocr_line' id='line_1_39' title="bbox 478 3473 3300 3552; baseline -0.001 -17"><span class='ocrx_word' id='word_1_466' title='bbox 478 3496 571 3552; x_wconf 83' lang='lat'><strong>29·</strong></span> <span class='ocrx_word' id='word_1_467' title='bbox 650 3478 888 3536; x_wconf 89' lang='lat' dir='ltr'><strong>Petrum</strong></span> <span class='ocrx_word' id='word_1_468' title='bbox 944 3482 1087 3538; x_wconf 80' lang='lat' dir='ltr'><strong>vero</strong></span> <span class='ocrx_word' id='word_1_469' title='bbox 1148 3478 1323 3541; x_wconf 85' lang='lat' dir='ltr'><strong>fuisse</strong></span> <span class='ocrx_word' id='word_1_470' title='bbox 1382 3496 1675 3540; x_wconf 88' lang='lat' dir='ltr'><strong>summum</strong></span> <span class='ocrx_word' id='word_1_471' title='bbox 1736 3477 2002 3538; x_wconf 90' lang='lat' dir='ltr'><strong>Iudicem</strong></span> <span class='ocrx_word' id='word_1_472' title='bbox 2056 3476 2592 3539; x_wconf 89' lang='lat' dir='ltr'><strong>controuersiarum</strong></span> <span class='ocrx_word' id='word_1_473' title='bbox 2651 3474 2713 3535; x_wconf 89' lang='lat' dir='ltr'><strong>in</strong></span> <span class='ocrx_word' id='word_1_474' title='bbox 2753 3473 3021 3535; x_wconf 87' lang='lat' dir='ltr'><strong>Ecclesia</strong></span> <span class='ocrx_word' id='word_1_475' title='bbox 3060 3474 3205 3549; x_wconf 78' lang='lat' dir='ltr'><strong>Dei,</strong></span> <span class='ocrx_word' id='word_1_476' title='bbox 3246 3474 3300 3531; x_wconf 76' lang='grc'><strong>81</strong></span> 
     </span>
     <span class='ocr_line' id='line_1_40' title="bbox 394 3552 3300 3635; baseline -0.002 -22"><span class='ocrx_word' id='word_1_477' title='bbox 394 3556 569 3615; x_wconf 86' lang='grc' dir='ltr'><strong>Ρο110</strong></span> <span class='ocrx_word' id='word_1_478' title='bbox 613 3558 726 3617; x_wconf 87' lang='lat' dir='ltr'><strong>hac</strong></span> <span class='ocrx_word' id='word_1_479' title='bbox 762 3556 824 3615; x_wconf 92' lang='lat' dir='ltr'><strong>in</strong></span> <span class='ocrx_word' id='word_1_480' title='bbox 866 3574 929 3615; x_wconf 91' lang='lat' dir='ltr'><strong>re</strong></span> <span class='ocrx_word' id='word_1_481' title='bbox 969 3558 1319 3620; x_wconf 88' lang='lat' dir='ltr'><strong>successisse</strong></span> <span class='ocrx_word' id='word_1_482' title='bbox 1358 3560 1537 3619; x_wconf 91' lang='lat' dir='ltr'><strong>Rom.</strong></span> <span class='ocrx_word' id='word_1_483' title='bbox 1580 3557 1923 3619; x_wconf 88' lang='lat' dir='ltr'><strong>Pontificem</strong></span> <span class='ocrx_word' id='word_1_484' title='bbox 1940 3602 1958 3635; x_wconf 90' lang='lat'><strong>,</strong></span> <span class='ocrx_word' id='word_1_485' title='bbox 1998 3568 2312 3634; x_wconf 89' lang='lat' dir='ltr'><strong>vtrumque</strong></span> <span class='ocrx_word' id='word_1_486' title='bbox 2345 3574 2627 3635; x_wconf 85' lang='lat' dir='ltr'><strong>negamus</strong></span> <span class='ocrx_word' id='word_1_487' title='bbox 2641 3600 2660 3634; x_wconf 90' lang='lat'><strong>,</strong></span> <span class='ocrx_word' id='word_1_488' title='bbox 2683 3556 2817 3615; x_wconf 75' lang='lat' dir='ltr'><strong>cum</strong></span> <span class='ocrx_word' id='word_1_489' title='bbox 2842 3552 2986 3613; x_wconf 88' lang='lat' dir='ltr'><strong>nihil</strong></span> <span class='ocrx_word' id='word_1_490' title='bbox 3008 3552 3300 3612; x_wconf 77' lang='lat' dir='ltr'><strong>eiusmodi</strong></span> 
     </span>
     <span class='ocr_line' id='line_1_41' title="bbox 397 3635 3072 3721; baseline 0.001 -27"><span class='ocrx_word' id='word_1_491' title='bbox 397 3635 611 3695; x_wconf 90' lang='lat' dir='ltr'><strong>doceat</strong></span> <span class='ocrx_word' id='word_1_492' title='bbox 652 3635 980 3715; x_wconf 84' lang='lat' dir='ltr'><strong>Scriptura,</strong></span> <span class='ocrx_word' id='word_1_493' title='bbox 1018 3655 1133 3697; x_wconf 91' lang='lat' dir='ltr'><strong>nec</strong></span> <span class='ocrx_word' id='word_1_494' title='bbox 1174 3638 1409 3699; x_wconf 90' lang='lat' dir='ltr'><strong>aliunde</strong></span> <span class='ocrx_word' id='word_1_495' title='bbox 1447 3636 1687 3716; x_wconf 89' lang='lat' dir='ltr'><strong>probari</strong></span> <span class='ocrx_word' id='word_1_496' title='bbox 1728 3637 1933 3715; x_wconf 89' lang='lat' dir='ltr'><strong>possit.</strong></span> <span class='ocrx_word' id='word_1_497' title='bbox 3058 3710 3072 3721; x_wconf 43' lang='lat'>⁸</span> 
     </span>
    </p>

    <p class='ocr_par' dir='ltr' id='par_1_9' title="bbox 392 3710 3302 4115">
     <span class='ocr_line' id='line_1_42' title="bbox 474 3710 3301 3795; baseline -0.003 -21"><span class='ocrx_word' id='word_1_498' title='bbox 474 3734 573 3791; x_wconf 84' lang='lat'><strong>30.</strong></span> <span class='ocrx_word' id='word_1_499' title='bbox 654 3717 775 3776; x_wconf 91' lang='lat' dir='ltr'><strong>Sed</strong></span> <span class='ocrx_word' id='word_1_500' title='bbox 814 3714 931 3775; x_wconf 90' lang='lat' dir='ltr'><strong>iam</strong></span> <span class='ocrx_word' id='word_1_501' title='bbox 974 3728 1205 3795; x_wconf 89' lang='lat' dir='ltr'><strong>tempus</strong></span> <span class='ocrx_word' id='word_1_502' title='bbox 1246 3729 1336 3778; x_wconf 90' lang='lat' dir='ltr'><strong>est</strong></span> <span class='ocrx_word' id='word_1_503' title='bbox 1374 3728 1436 3777; x_wconf 88' lang='lat' dir='ltr'><strong>vt</strong></span> <span class='ocrx_word' id='word_1_504' title='bbox 1469 3718 1547 3777; x_wconf 88' lang='lat' dir='ltr'><strong>ad</strong></span> <span class='ocrx_word' id='word_1_505' title='bbox 1575 3718 1843 3777; x_wconf 88' lang='lat' dir='ltr'><strong>Tertium</strong></span> <span class='ocrx_word' id='word_1_506' title='bbox 1886 3729 2064 3794; x_wconf 85' lang='lat' dir='ltr'><strong>caput</strong></span> <span class='ocrx_word' id='word_1_507' title='bbox 2102 3718 2484 3795; x_wconf 85' lang='lat' dir='ltr'><strong>accedamus,</strong></span> <span class='ocrx_word' id='word_1_508' title='bbox 2504 3734 2624 3793; x_wconf 91' lang='lat' dir='ltr'><strong>quo</strong></span> <span class='ocrx_word' id='word_1_509' title='bbox 2645 3710 3103 3791; x_wconf 70' lang='lat' dir='ltr'><strong>imperfectionis</strong></span> <span class='ocrx_word' id='word_1_510' title='bbox 3137 3712 3194 3767; x_wconf 87' lang='lat'>&amp;</span> <span class='ocrx_word' id='word_1_511' title='bbox 3214 3710 3301 3783; x_wconf 93' lang='lat' dir='ltr'><strong>(vt</strong></span> 
     </span>
     <span class='ocr_line' id='line_1_43' title="bbox 394 3790 3298 3878; baseline -0.003 -24"><span class='ocrx_word' id='word_1_512' title='bbox 394 3794 473 3854; x_wconf 88' lang='lat' dir='ltr'><strong>ita</strong></span> <span class='ocrx_word' id='word_1_513' title='bbox 492 3795 784 3869; x_wconf 89' lang='lat' dir='ltr'><strong>dicamus)</strong></span> <span class='ocrx_word' id='word_1_514' title='bbox 806 3794 1247 3857; x_wconf 87' lang='lat' dir='ltr'><strong>insufficientiae</strong></span> <span class='ocrx_word' id='word_1_515' title='bbox 1268 3796 1628 3875; x_wconf 87' lang='lat' dir='ltr'><strong>Scripturam</strong></span> <span class='ocrx_word' id='word_1_516' title='bbox 1646 3809 1954 3874; x_wconf 87' lang='lat' dir='ltr'><strong>arguentes</strong></span> <span class='ocrx_word' id='word_1_517' title='bbox 1969 3842 1986 3873; x_wconf 92' lang='lat'><strong>,</strong></span> <span class='ocrx_word' id='word_1_518' title='bbox 2007 3796 2064 3856; x_wconf 91' lang='lat' dir='ltr'><strong>ei</strong></span> <span class='ocrx_word' id='word_1_519' title='bbox 2081 3799 2290 3858; x_wconf 89' lang='lat' dir='ltr'><strong>volunt</strong></span> <span class='ocrx_word' id='word_1_520' title='bbox 2309 3798 2434 3855; x_wconf 81' lang='lat' dir='ltr'><strong>tum</strong></span> <span class='ocrx_word' id='word_1_521' title='bbox 2455 3795 2802 3871; x_wconf 86' lang='lat' dir='ltr'><strong>traditiones</strong></span> <span class='ocrx_word' id='word_1_522' title='bbox 2825 3808 2969 3869; x_wconf 87' lang='lat' dir='ltr'><strong>quas</strong></span> <span class='ocrx_word' id='word_1_523' title='bbox 2993 3790 3159 3848; x_wconf 90' lang='lat' dir='ltr'><strong>uerb1</strong></span> <span class='ocrx_word' id='word_1_524' title='bbox 3176 3805 3298 3878; x_wconf 74' lang='lat' dir='ltr'><strong>non</strong></span> 
     </span>
     <span class='ocr_line' id='line_1_44' title="bbox 392 3868 3300 3959; baseline -0.003 -25"><span class='ocrx_word' id='word_1_525' title='bbox 392 3873 594 3952; x_wconf 90' lang='lat' dir='ltr'><strong>scripti</strong></span> <span class='ocrx_word' id='word_1_526' title='bbox 631 3876 873 3936; x_wconf 87' lang='lat' dir='ltr'><strong>nomine</strong></span> <span class='ocrx_word' id='word_1_527' title='bbox 926 3876 1253 3955; x_wconf 88' lang='lat' dir='ltr'><strong>donarunt,</strong></span> <span class='ocrx_word' id='word_1_528' title='bbox 1294 3894 1527 3939; x_wconf 86' lang='lat' dir='ltr'><strong>assuere</strong></span> <span class='ocrx_word' id='word_1_529' title='bbox 1542 3924 1561 3949; x_wconf 76' lang='lat'><strong>,</strong></span> <span class='ocrx_word' id='word_1_530' title='bbox 1601 3878 1676 3937; x_wconf 92' lang='lat' dir='ltr'><strong>de</strong></span> <span class='ocrx_word' id='word_1_531' title='bbox 1713 3876 1927 3953; x_wconf 90' lang='lat' dir='ltr'><strong>quibus</strong></span> <span class='ocrx_word' id='word_1_532' title='bbox 1965 3882 2202 3955; x_wconf 77' lang='lat' dir='ltr'><strong>postea3</strong></span> <span class='ocrx_word' id='word_1_533' title='bbox 2237 3878 2362 3935; x_wconf 80' lang='lat' dir='ltr'><strong>tum</strong></span> <span class='ocrx_word' id='word_1_534' title='bbox 2396 3875 2580 3935; x_wconf 86' lang='lat' dir='ltr'><strong>libros</strong></span> <span class='ocrx_word' id='word_1_535' title='bbox 2615 3890 2767 3950; x_wconf 89' lang='lat' dir='ltr'><strong>quos</strong></span> <span class='ocrx_word' id='word_1_536' title='bbox 2787 3888 3016 3946; x_wconf 89' lang='lat' dir='ltr'><strong>semper</strong></span> <span class='ocrx_word' id='word_1_537' title='bbox 3035 3868 3300 3959; x_wconf 77' lang='lat' dir='ltr'><strong>Ecclesia</strong></span> 
     </span>
     <span class='ocr_line' id='line_1_45' title="bbox 392 3949 3302 4039; baseline -0.003 -25"><span class='ocrx_word' id='word_1_538' title='bbox 392 3953 632 4015; x_wconf 88' lang='lat' dir='ltr'><strong>vocauit</strong></span> <span class='ocrx_word' id='word_1_539' title='bbox 669 3957 1068 4033; x_wconf 86' lang='lat' dir='ltr'><strong>Apocryphos</strong></span> <span class='ocrx_word' id='word_1_540' title='bbox 1109 3957 1227 4031; x_wconf 78' lang='grc' dir='ltr'>(ὅτι</span> <span class='ocrx_word' id='word_1_541' title='bbox 1266 3957 1499 4031; x_wconf 72' lang='grc' dir='ltr'><strong><em>ἀπῆσαν</em></strong></span> <span class='ocrx_word' id='word_1_542' title='bbox 1529 3957 1644 4017; x_wconf 79' lang='grc' dir='ltr'><strong>ἀπὸ</strong></span> <span class='ocrx_word' id='word_1_543' title='bbox 1686 3963 1787 4031; x_wconf 75' lang='grc' dir='ltr'><strong>τῆς</strong></span> <span class='ocrx_word' id='word_1_544' title='bbox 1826 3963 1998 4035; x_wconf 71' lang='grc' dir='ltr'><strong><em>ἁγίας</em></strong></span> <span class='ocrx_word' id='word_1_545' title='bbox 2041 3961 2320 4036; x_wconf 74' lang='grc' dir='ltr'><strong>κρύπτης,</strong></span> <span class='ocrx_word' id='word_1_546' title='bbox 2339 3958 2377 4013; x_wconf 77' lang='lat' dir='ltr'><strong>a</strong></span> <span class='ocrx_word' id='word_1_547' title='bbox 2397 3962 2602 4015; x_wconf 89' lang='lat' dir='ltr'><strong>sancto</strong></span> <span class='ocrx_word' id='word_1_548' title='bbox 2621 3954 2723 4011; x_wconf 87' lang='lat' dir='ltr'><strong>illo</strong></span> <span class='ocrx_word' id='word_1_549' title='bbox 2744 3952 3017 4010; x_wconf 90' lang='lat' dir='ltr'><strong>thesauro</strong></span> <span class='ocrx_word' id='word_1_550' title='bbox 3035 3949 3172 4039; x_wconf 56' lang='lat' dir='ltr'><strong>Dei)</strong></span> <span class='ocrx_word' id='word_1_551' title='bbox 3192 3965 3302 4023; x_wconf 92' lang='lat' dir='ltr'><strong>pro</strong></span> 
     </span>
     <span class='ocr_line' id='line_1_46' title="bbox 392 4028 3300 4115; baseline -0.003 -22"><span class='ocrx_word' id='word_1_552' title='bbox 392 4033 711 4095; x_wconf 80' lang='lat' dir='ltr'><strong>canonicis</strong></span> <span class='ocrx_word' id='word_1_553' title='bbox 731 4036 1071 4109; x_wconf 84' lang='lat' dir='ltr'><strong>obtrudere,</strong></span> <span class='ocrx_word' id='word_1_554' title='bbox 1090 4049 1153 4095; x_wconf 84' lang='lat' dir='ltr'><strong>vt</strong></span> <span class='ocrx_word' id='word_1_555' title='bbox 1172 4034 1393 4096; x_wconf 89' lang='lat' dir='ltr'><strong>scilicet</strong></span> <span class='ocrx_word' id='word_1_556' title='bbox 1412 4036 1637 4115; x_wconf 88' lang='lat' dir='ltr'><strong>possint</strong></span> <span class='ocrx_word' id='word_1_557' title='bbox 1658 4058 1729 4095; x_wconf 82' lang='lat' dir='ltr'><strong>ex</strong></span> <span class='ocrx_word' id='word_1_558' title='bbox 1749 4036 1861 4096; x_wconf 86' lang='lat' dir='ltr'><strong>illis</strong></span> <span class='ocrx_word' id='word_1_559' title='bbox 1879 4036 2102 4112; x_wconf 88' lang='lat' dir='ltr'><strong>aliquid</strong></span> <span class='ocrx_word' id='word_1_560' title='bbox 2121 4040 2436 4112; x_wconf 88' lang='lat' dir='ltr'><strong>decerpere</strong></span> <span class='ocrx_word' id='word_1_561' title='bbox 2455 4034 2534 4093; x_wconf 87' lang='lat' dir='ltr'><strong>ad</strong></span> <span class='ocrx_word' id='word_1_562' title='bbox 2553 4049 2691 4093; x_wconf 89' lang='lat' dir='ltr'><strong>suos</strong></span> <span class='ocrx_word' id='word_1_563' title='bbox 2705 4048 2933 4090; x_wconf 82' lang='lat' dir='ltr'><strong>errores</strong></span> <span class='ocrx_word' id='word_1_564' title='bbox 2954 4028 3300 4087; x_wconf 62' lang='lat' dir='ltr'><strong>fulciendos</strong></span> 
     </span>
    </p>

    <p class='ocr_par' dir='ltr' id='par_1_10' title="bbox 395 4107 3302 4431">
     <span class='ocr_line' id='line_1_47' title="bbox 472 4107 3298 4193; baseline -0.003 -22"><span class='ocrx_word' id='word_1_565' title='bbox 472 4134 567 4191; x_wconf 81' lang='lat'><strong>31.</strong></span> <span class='ocrx_word' id='word_1_566' title='bbox 651 4115 767 4175; x_wconf 91' lang='lat' dir='ltr'><strong>Sed</strong></span> <span class='ocrx_word' id='word_1_567' title='bbox 819 4114 917 4191; x_wconf 69' lang='lat' dir='ltr'><strong>illi!</strong></span> <span class='ocrx_word' id='word_1_568' title='bbox 954 4114 1066 4193; x_wconf 90' lang='lat' dir='ltr'><strong>ipsi</strong></span> <span class='ocrx_word' id='word_1_569' title='bbox 1103 4115 1237 4175; x_wconf 88' lang='lat' dir='ltr'><strong>libri</strong></span> <span class='ocrx_word' id='word_1_570' title='bbox 1276 4134 1403 4176; x_wconf 89' lang='lat' dir='ltr'><strong>sese</strong></span> <span class='ocrx_word' id='word_1_571' title='bbox 1442 4116 1579 4176; x_wconf 89' lang='lat' dir='ltr'><strong>satis</strong></span> <span class='ocrx_word' id='word_1_572' title='bbox 1619 4126 1901 4193; x_wconf 86' lang='lat' dir='ltr'><strong>arguunt,</strong></span> <span class='ocrx_word' id='word_1_573' title='bbox 1942 4119 1998 4175; x_wconf 85' lang='lat'>&amp;</span> <span class='ocrx_word' id='word_1_574' title='bbox 2038 4134 2160 4175; x_wconf 91' lang='lat' dir='ltr'><strong>non</strong></span> <span class='ocrx_word' id='word_1_575' title='bbox 2206 4134 2334 4175; x_wconf 89' lang='lat' dir='ltr'><strong>esse</strong></span> <span class='ocrx_word' id='word_1_576' title='bbox 2369 4115 2769 4181; x_wconf 69' lang='grc' dir='ltr'><strong>θεοπνεύςους</strong></span> <span class='ocrx_word' id='word_1_577' title='bbox 2805 4118 3122 4181; x_wconf 88' lang='lat' dir='ltr'><strong>testantur,</strong></span> <span class='ocrx_word' id='word_1_578' title='bbox 3163 4107 3298 4166; x_wconf 80' lang='lat' dir='ltr'><strong>cum</strong></span> 
     </span>
     <span class='ocr_line' id='line_1_48' title="bbox 396 4185 3299 4278; baseline -0.002 -26"><span class='ocrx_word' id='word_1_579' title='bbox 396 4195 579 4271; x_wconf 76' lang='lat' dir='ltr'><strong>longe</strong></span> <span class='ocrx_word' id='word_1_580' title='bbox 638 4194 833 4255; x_wconf 87' lang='lat' dir='ltr'><strong>absint</strong></span> <span class='ocrx_word' id='word_1_581' title='bbox 892 4198 929 4254; x_wconf 77' lang='lat' dir='ltr'><strong>a</strong></span> <span class='ocrx_word' id='word_1_582' title='bbox 988 4195 1189 4255; x_wconf 85' lang='lat' dir='ltr'><strong>diuina</strong></span> <span class='ocrx_word' id='word_1_583' title='bbox 1248 4194 1347 4255; x_wconf 90' lang='lat' dir='ltr'><strong>illa</strong></span> <span class='ocrx_word' id='word_1_584' title='bbox 1399 4194 1760 4273; x_wconf 84' lang='lat' dir='ltr'><strong>perfectione</strong></span> <span class='ocrx_word' id='word_1_585' title='bbox 1818 4194 2108 4274; x_wconf 82' lang='lat' dir='ltr'><strong>veritatis,</strong></span> <span class='ocrx_word' id='word_1_586' title='bbox 2155 4198 2210 4255; x_wconf 86' lang='lat'>&amp;</span> <span class='ocrx_word' id='word_1_587' title='bbox 2250 4192 2580 4266; x_wconf 84' lang='lat' dir='ltr'><strong>maiestate,</strong></span> <span class='ocrx_word' id='word_1_588' title='bbox 2617 4209 2772 4267; x_wconf 89' lang='lat' dir='ltr'><strong>quae</strong></span> <span class='ocrx_word' id='word_1_589' title='bbox 2809 4189 2870 4249; x_wconf 89' lang='lat' dir='ltr'><strong>in</strong></span> <span class='ocrx_word' id='word_1_590' title='bbox 2909 4192 3047 4249; x_wconf 81' lang='lat' dir='ltr'><strong>vere</strong></span> <span class='ocrx_word' id='word_1_591' title='bbox 3085 4185 3299 4278; x_wconf 78' lang='lat' dir='ltr'><strong>diuinis</strong></span> 
     </span>
     <span class='ocr_line' id='line_1_49' title="bbox 400 4269 3302 4353; baseline -0.003 -20"><span class='ocrx_word' id='word_1_592' title='bbox 400 4274 632 4351; x_wconf 88' lang='lat' dir='ltr'><strong>scriptis</strong></span> <span class='ocrx_word' id='word_1_593' title='bbox 690 4275 912 4353; x_wconf 82' lang='lat' dir='ltr'><strong>elucet3</strong></span> <span class='ocrx_word' id='word_1_594' title='bbox 959 4276 1263 4352; x_wconf 77' lang='lat' dir='ltr'><strong>multaque</strong></span> <span class='ocrx_word' id='word_1_595' title='bbox 1312 4275 1371 4335; x_wconf 86' lang='lat' dir='ltr'><strong>in</strong></span> <span class='ocrx_word' id='word_1_596' title='bbox 1412 4275 1525 4335; x_wconf 89' lang='lat' dir='ltr'><strong>illis</strong></span> <span class='ocrx_word' id='word_1_597' title='bbox 1562 4294 1675 4335; x_wconf 87' lang='lat' dir='ltr'><strong>nec</strong></span> <span class='ocrx_word' id='word_1_598' title='bbox 1716 4274 2049 4353; x_wconf 88' lang='lat' dir='ltr'><strong>Scripturae</strong></span> <span class='ocrx_word' id='word_1_599' title='bbox 2089 4294 2287 4335; x_wconf 87' lang='lat' dir='ltr'><strong>sacrae</strong></span> <span class='ocrx_word' id='word_1_600' title='bbox 2326 4270 2770 4350; x_wconf 85' lang='lat' dir='ltr'><strong>respondentia,</strong></span> <span class='ocrx_word' id='word_1_601' title='bbox 2806 4289 2919 4330; x_wconf 80' lang='lat' dir='ltr'><strong>nec</strong></span> <span class='ocrx_word' id='word_1_602' title='bbox 2960 4269 3113 4327; x_wconf 90' lang='lat' dir='ltr'><strong>bene</strong></span> <span class='ocrx_word' id='word_1_603' title='bbox 3151 4276 3302 4326; x_wconf 89' lang='lat' dir='ltr'><strong>mter</strong></span> 
     </span>
     <span class='ocr_line' id='line_1_50' title="bbox 395 4354 2383 4431; baseline -0.001 -16"><span class='ocrx_word' id='word_1_604' title='bbox 395 4374 459 4415; x_wconf 89' lang='lat' dir='ltr'><strong>se</strong></span> <span class='ocrx_word' id='word_1_605' title='bbox 499 4356 886 4415; x_wconf 88' lang='lat' dir='ltr'><strong>consonantia</strong></span> <span class='ocrx_word' id='word_1_606' title='bbox 927 4354 1305 4431; x_wconf 79' lang='lat' dir='ltr'><strong>reperiantur,</strong></span> <span class='ocrx_word' id='word_1_607' title='bbox 2365 4358 2383 4380; x_wconf 90' lang='grc'>·</span> 
     </span>
    </p>

    <p class='ocr_par' dir='ltr' id='par_1_11' title="bbox 1948 4425 3300 4512">
     <span class='ocr_line' id='line_1_51' title="bbox 1948 4425 3300 4512; baseline -0.001 -27"><span class='ocrx_word' id='word_1_608' title='bbox 1948 4451 2016 4512; x_wconf 84' lang='lat'><strong>15</strong></span> <span class='ocrx_word' id='word_1_609' title='bbox 2973 4448 3069 4505; x_wconf 88' lang='lat'><strong>32.</strong></span> <span class='ocrx_word' id='word_1_610' title='bbox 3125 4425 3300 4484; x_wconf 82' lang='lat' dir='ltr'><strong>Adde</strong></span> 
     </span>
    </p>
   </div>
  </div>
 </body>
</html>
