3923 4875
583 364 658 425 54
1527 363 1630 405 nr.
1691 362 1918 405 VERA
1980 362 2513 407 ’τι-1110106111.

582 538 735 584 mus.
777 522 885 582 Est
929 520 1086 581 enim
1125 523 1288 583 Deus
1327 521 1454 600 ipse
1489 523 1648 583 solus
1664 565 1682 600 ,
1721 540 1844 584 non
1883 532 2082 584 autem
2120 540 2215 583 res
2252 533 2447 583 creata
2484 525 2602 583 vlla
2615 568 2632 603 ‚
2665 522 2925 584 efficiens
2946 539 3125 584 causa
3142 520 3304 585 istius
3320 522 3484 585 habi-

583 612 708 681 tus,
747 618 926 679 quem
965 599 1358 679 Theologiam
1417 603 1801 681 appellamus.
1861 602 2099 663 Etenim
2138 603 2273 662 ciim
2310 604 2477 663 Deus
2516 605 2675 665 solus
2714 601 2790 662 sit
2825 622 2966 665 vera
3004 604 3135 663 Lux
3168 606 3223 665 &
3250 603 3483 665 substis-

584 691 714 741 tens
751 700 859 759 per
896 700 986 759 se,
1025 700 1137 741 nec
1179 682 1462 743 tenebrae
1499 680 1616 741 sint
1655 680 1718 741 in
1755 681 1918 761 ipso,
1953 693 2018 742 vt
2058 684 2119 743 S.
2156 684 2409 744 Ioannes
2447 682 2707 761 loquitur
2742 680 3204 763 appositissime3
3241 704 3291 745 1.
3310 684 3483 744 Ioan.

595 782 644 820 1.
689 776 745 840 5.
787 759 1042 853 denique
1082 778 1218 822 cum
1259 763 1422 822 Deus
1461 761 1614 839 ipse,
1655 760 1730 822 sit
1765 762 2069 836 αὐτοφὼης
2084 808 2102 840 ,
2140 771 2205 823 vt
2239 764 2537 841 eleganter
2569 760 2887 825 orthodoxi
2905 762 3106 823 Patres
3125 763 3285 841 apud
3304 764 3483 823 Grae-

581 859 688 902 cos
749 850 1242 919 enunciauerunt3
1293 840 1606 901 ridiculum
1659 839 1834 901 fuerit
1847 886 1864 919 ‚
1915 840 1965 899 si
2016 840 2146 918 quis
2186 842 2363 902 rebus
2402 841 2612 904 creatis
2650 842 2887 902 aliunde
2922 842 3117 905 lucem
3132 887 3149 920 ‚
3186 860 3367 925 quam
3404 844 3481 905 ab

579 940 653 981 eo
694 919 796 997 qui
833 921 959 997 ipse
997 931 1086 981 est
1126 920 1428 999 οὗτοφώς,
1470 921 1674 982 eredat
1709 920 2002 981 accidere.
2042 921 2567 996 Quemadmodum
2604 921 2781 1000 igitur
2800 922 2904 981 Sol
2924 922 3129 983 Lunae
3150 922 3484 983 foeneratur

579 1002 804 1080 lucem:
843 999 929 1061 sic
962 1002 1162 1060 Deum
1198 998 1262 1057 in
1298 1015 1419 1077 quo
1463 1009 1554 1061 est
1589 1003 1724 1077 lux,
1765 1017 1953 1078 eaque
1971 1001 2073 1060 lux
2090 1020 2230 1063 vera
2249 1004 2316 1078 (f.
2343 1005 2537 1079 1380.)
2557 1000 2891 1062 illuminans
2922 1019 3161 1063 omnem
3176 1002 3482 1063 hominem

577 1079 910 1141 venientem
947 1079 1008 1140 in
1049 1080 1207 1139 hunc
1246 1078 1566 1159 mundum,
1607 1082 1781 1140 Ioan.
1828 1099 1886 1142 1.
1929 1100 1987 1156 9.
2029 1080 2147 1141 luci
2187 1100 2313 1143 esse
2350 1083 2527 1142 rebus
2566 1080 2807 1156 cre-affl,
2847 1081 2902 1139 &
2944 1097 3110 1142 suam
3129 1081 3323 1142 lucem
3343 1100 3481 1142 cum

582 1159 667 1220 eis
719 1158 1184 1235 communicare,
1236 1168 1556 1237 notamque
1609 1162 1803 1221 facere
1843 1158 1907 1219 in
1946 1162 2119 1222 coelo
2159 1162 2215 1219 &
2254 1170 2409 1222 terra
2448 1165 2867 1221 πολυποίκιλον
2902 1158 3248 1241 sapientiam
3288 1178 3483 1239 suam,

578 1244 742 1301 certo
783 1258 856 1300 ex
893 1238 1088 1299 verbis
1125 1240 1554 1316 Apostolorum
1592 1240 1714 1301 eius
1753 1238 2080 1301 statuimus.
2120 1242 2327 1319 Fsplzes.
2368 1259 2424 1316 3.
2474 1259 2564 1300 10.
2596 1240 2793 1300 Iacob.
2830 1258 2881 1300 1.
2922 1242 3011 1301 18.
3054 1241 3207 1305 Cum
3225 1242 3340 1302 hac
3360 1242 3482 1301 effi-

581 1318 772 1380 ciente
817 1335 997 1379 causa
1048 1321 1104 1380 &
1151 1319 1335 1378 altera
1385 1318 1800 1398 coniungenda
1847 1330 1968 1396 est,
2009 1337 2187 1396 quam
2228 1322 2464 1381 finalem
2504 1321 2685 1397 vulgo
2724 1320 3108 1395 appellamus.
3147 1321 3303 1381 hanc
3341 1324 3482 1381 vero

578 1398 638 1458 in
689 1398 1028 1459 definitione
1086 1399 1186 1459 illa
1223 1398 1612 1476 expressimus
1625 1443 1644 1478 ,
1694 1398 1957 1460 dicentes
2008 1399 2081 1459 Id
2119 1403 2156 1459 a
2194 1400 2329 1461 Deo
2363 1398 2487 1459 fieri
2524 1401 2613 1459 ad
2634 1400 2898 1474 gloriam
2937 1401 3139 1479 ipsius.
3200 1402 3285 1459 Vt
3324 1400 3481 1461 enim

579 1481 744 1540 Deus
794 1478 920 1556 ipse
968 1476 1319 1556 principium
1373 1489 1461 1538 est
1498 1479 1553 1537 &
1593 1496 1773 1539 causa
1810 1476 2071 1539 efficiens
2110 1478 2544 1557 potentissima,
2582 1477 2665 1537 ita
2722 1477 2899 1539 etiam
2940 1489 3027 1544 est
3067 1480 3485 1558 αὔταρκες-,σίτῳ

578 1560 672 1618 Ex
707 1576 830 1637 quo
871 1560 968 1635 fit,
1009 1568 1077 1618 ut
1116 1560 1296 1617 finem
1334 1556 1720 1619 consiliorum
1757 1556 2176 1635 actionumque
2222 1576 2459 1619 suarum
2493 1557 2555 1618 in
2596 1573 2793 1617 rerum
2824 1566 3063 1638 natura,
3091 1568 3193 1620 aut
3231 1558 3293 1617 in
3334 1559 3483 1617 Gra-

579 1637 696 1699 tiae
735 1654 874 1699 suae
914 1635 1352 1715 dispensatione
1365 1683 1382 1716 ‚
1423 1648 1589 1699 extra
1627 1656 1691 1699 se
1729 1654 2033 1713 nunquam
2072 1648 2314 1718 statuat:
2353 1655 2490 1698 eum
2529 1636 2743 1697 nullius
2782 1636 2869 1707 rei
2908 1635 3168 1715 indigeat
3195 1646 3361 1697 extra
3389 1656 3485 1718 se3

579 1719 687 1778 sed
739 1715 940 1777 omnia
986 1718 1066 1777 ad
1113 1716 1307 1794 ipsum
1320 1762 1338 1795 ,
1380 1727 1661 1795 tanquam
1709 1716 1910 1795 indiga
1945 1715 2157 1796 ipsius,
2195 1716 2560 1778 ordinentur.
2620 1719 2775 1777 Nam
2816 1734 2890 1776 ex
2928 1737 3005 1778 eo
3018 1762 3036 1794 ,
3076 1717 3133 1777 &
3172 1736 3279 1795 per
3318 1734 3454 1777 eum
3468 1762 3487 1795 ‚

581 1800 638 1856 &
685 1794 747 1856 in
797 1796 989 1873 ipsum
1043 1811 1284 1873 quoque
1335 1807 1470 1857 sunt
1507 1796 1709 1857 onmia
1723 1842 1740 1875 ‚
1779 1795 1969 1874 inquit
2008 1799 2358 1875 Apostolus:
2417 1795 2539 1873 Ipsi
2578 1795 2761 1873 gloria
2800 1794 2878 1857 sit
2915 1794 2977 1857 in
3018 1798 3230 1861 secula.
3270 1798 3487 1856 Amen.

587 1879 760 1936 Rom.
809 1896 834 1934 1
850 1894 898 1934 1.
941 1878 1037 1951 36.
1096 1874 1407 1935 Materiam
1457 1880 1599 1937 vero
1639 1874 1800 1937 istius
1840 1875 2158 1953 sapientiae
2196 1877 2335 1937 satis
2373 1894 2485 1954 pro
2526 1874 2791 1936 instituto
2828 1877 3007 1952 paulo
3047 1878 3182 1937 ante
3227 1876 3485 1936 declara-

587 1954 806 2033 vimus,
866 1970 1049 2032 quum
1108 1955 1342 2015 Diuina
1356 1999 1374 2031 ,
1432 1954 1556 2017 siue
1612 1975 1710 2016 res
1748 1957 2009 2031 diuinas,
2048 1956 2109 2017 in
2148 1955 2363 2034 quibus
2401 1964 2665 2016 versatur
2702 1956 2937 2015 Tbeolo
2982 1954 2995 1969 ⁶
3048 2000 3065 2033 ‚
3104 1955 3489 2016 traderemus.

587 2038 796 2095 Restat
832 2052 975 2112 ergo
1009 2034 1178 2095 locus
1217 2032 1591 2112 grauissimus
1630 2036 1707 2097 de
1745 2037 1936 2095 forma
1974 2038 2031 2096 81
2069 2036 2256 2097 modo
2298 2034 2477 2095 illius:
2517 2052 2669 2113 quae
2683 2036 2689 2043 “
2702 2036 2822 2095 duo
2848 2034 2911 2093 in
2972 2033 3269 2097 efinitione
3288 2044 3491 2095 nostra

588 2112 860 2174 distincte
897 2112 1098 2191 paucis
1138 2112 1548 2175 destrinximus
1562 2160 1580 2195 ,
1618 2115 1881 2177 dicentes
1921 2132 2049 2175 esse
2086 2114 2475 2193 Theologiam
2515 2134 2587 2174 σω
2622 2115 2929 2191 archetypo
2960 2117 3069 2177 illa
3096 2116 3484 2189 informatam

575 2202 696 2272 per
737 2196 1290 2253 communicationem
1337 2196 1606 2256 Gratiae.
1666 2196 1822 2255 Nam
1863 2197 2053 2255 forma
2094 2194 2333 2272 proprie
2346 2239 2365 2273 .,
2406 2214 2443 2254 a
2479 2210 2836 2271 quocunque
2867 2195 2969 2255 fiat
2997 2193 3219 2255 artifice
3233 2240 3251 2273 ,
3271 2194 3489 2271 duplex

591 2270 884 2333 statuitur:
937 2274 1074 2331 Vna
1142 2282 1341 2334 mente
1394 2273 1663 2355 artificis:
1712 2275 1941 2352 Altera,
1996 2274 2057 2333 in
2099 2291 2298 2351 opere.
2361 2277 2453 2335 Ac
2489 2272 2740 2352 proinde
2778 2273 3284 2349 quemadmodum
3324 2282 3489 2334 actus

589 2352 851 2413 internus
911 2353 969 2411 &
1029 2361 1302 2412 externus
1353 2352 1416 2414 in
1469 2354 1646 2415 rebus
1698 2352 1916 2413 nostris
1968 2352 2403 2431 consideratur,
2442 2353 2523 2413 ita
2561 2356 2617 2413 &
2656 2355 2846 2413 forma
2882 2352 3131 2431 duplex,
3169 2352 3396 2412 interna
3434 2356 3489 2412 &

589 2443 847 2494 externa.
907 2434 1204 2493 Internam
1242 2432 1607 2510 appellamus
1647 2432 1811 2494 illum
1856 2432 2034 2494 veluti
2072 2443 2427 2510 conceptum
2464 2444 2765 2494 aeternum
2807 2431 3041 2494 diuinae
3080 2431 3398 2494 voluntatis
3434 2434 3490 2492 &

591 2512 828 2574 Gratiae
886 2510 946 2572 in
999 2511 1130 2590 ipso
1180 2512 1316 2572 Deo
1373 2511 1830 2574 consideratum.
1891 2514 2211 2573 Externam
2249 2517 2422 2591 vero,
2462 2511 2615 2574 illius
2654 2511 2876 2573 aeterni
2916 2523 3269 2592 conceptuS‚
3308 2523 3372 2572 vt
3410 2512 3492 2572 ita

590 2593 886 2672 dicamus,
925 2593 1142 2651 factam
1184 2608 1294 2652 suo
1331 2601 1600 2668 tempore
1638 2591 1700 2652 in
1740 2593 1854 2652 alia
1891 2591 2267 2652 influentiam.
2308 2595 2577 2670 Vtroque
2609 2591 2792 2652 modo
2826 2592 3103 2654 informat
3122 2594 3317 2668 Deus,
3337 2591 3491 2652 intus

590 2670 858 2733 Consilio
918 2669 1345 2748 sapientissimo
1363 2716 1380 2749 ,
1440 2671 1585 2732 foris
1641 2690 1824 2750 opere
1862 2670 2267 2749 potentissimo
2308 2672 2463 2732 hanc
2503 2663 2877 2749 Sapientiam.
2940 2671 3061 2732 Sed
3100 2671 3237 2749 quia
3276 2672 3492 2748 duplex

591 2753 739 2812 haec
798 2752 992 2810 forma
1043 2760 1164 2826 est,
1214 2750 1276 2809 in
1328 2752 1461 2811 Deo
1476 2795 1494 2830 ‚
1546 2761 1826 2830 tanquam
1867 2751 1928 2810 in
1969 2753 2165 2826 fonte,
2204 2749 2556 2832 subsistens;
2595 2749 2657 2811 in
2696 2750 2835 2824 alia,
2875 2760 3157 2828 tanquam
3197 2750 3258 2810 in
3295 2751 3457 2812 lacus
3472 2797 3491 2829 ,

592 2830 880 2891 deriuata:
923 2828 1062 2889 hinc
1100 2827 1244 2889 illud
1285 2839 1715 2907 consequutum
1755 2840 1871 2908 est,
1911 2830 2074 2907 quod
2112 2840 2270 2891 recte
2309 2831 2364 2889 &
2398 2830 2819 2891 conuenienter
2839 2831 3057 2908 duplex
3074 2831 3245 2891 huius
3266 2831 3491 2908 sapien-

591 2908 706 2970 tiae
762 2908 914 2969 ratio
971 2911 1009 2966 a
1056 2908 1250 2968 doctis
1303 2927 1539 2986 semper
1577 2921 1666 2970 est
1704 2910 2047 2970 obseruata:
2091 2913 2253 2980 Vna,
2296 2911 2564 2970 absolute
2578 2955 2596 2988 ,
2636 2908 2760 2970 siue
2794 2909 2854 2970 in
2894 2912 3058 2970 fonte
3096 2908 3229 2986 ipso
3270 2909 3493 2987 sapien-

590 2987 731 3064 tiae,
775 3006 956 3064 quam
993 2990 1201 3066 vulgus
1239 2988 1724 3049 scholasticorum
1761 2989 2153 3068 Theologiam
2191 2988 2561 3070 simpliciter3
2580 2991 2784 3049 Altera
2799 3034 2816 3068 ‚
2836 2991 3017 3052 relate
3031 3033 3050 3068 ‚
3070 2988 3193 3048 siue
3212 2999 3491 3065 tanquam

591 3065 653 3124 in
691 3067 936 3126 lacubus
977 3068 1032 3124 &
1069 3067 1504 3145 conceptaculis
1545 3067 1725 3145 ipsius
1764 3069 2025 3130 residens
2040 3116 2059 3142 ,
2099 3086 2278 3145 quam
2315 3069 2709 3147 Theologiam
2746 3068 3073 3129 secundum
3112 3067 3256 3145 quid
3274 3086 3491 3128 nunca-

593 3153 824 3232 parunt.
874 3146 1044 3219 Quae
1083 3145 1322 3221 quidem
1362 3145 1659 3208 disn'nctio
1698 3147 1758 3207 in
1791 3148 1956 3209 omni
1997 3147 2308 3226 disciplina
2344 3147 2783 3226 diligentissime
2820 3160 2910 3210 est
2944 3149 3347 3209 obseruanda:
3389 3147 3495 3208 sed

591 3239 653 3278 m
697 3224 808 3281 hac
845 3222 1128 3302 maxime,
1170 3224 1231 3284 in
1270 3243 1388 3303 qua
1425 3229 1698 3287 aberrare
1737 3231 1774 3287 a
1814 3247 1954 3289 vero
1996 3226 2568 3306 periculosissimum.
2628 3229 2757 3288 Nos
2794 3237 2993 3294 autem
3033 3227 3096 3287 in
3134 3228 3249 3287 hac
3288 3245 3493 3304 quaes-

594 3299 756 3390 tione
797 3319 920 3360 non
973 3311 1093 3361 tam
1131 3305 1497 3383 Theologiae
1535 3305 1686 3366 illius
1725 3305 2065 3384 simpliciter
2105 3307 2323 3384 dictae,
2365 3325 2543 3385 quam
2582 3306 2948 3385 Theologiae
2986 3306 3313 3368 secundum
3350 3307 3495 3384 quid

597 3387 883 3466 rationem
919 3379 1176 3441 habituri
1214 3399 1441 3444 sumus:
1483 3383 1622 3462 quia
1659 3386 1807 3446 haec
1844 3399 2049 3448 nostra
2086 3397 2176 3448 est
2214 3385 2468 3447 maxime
2508 3387 2843 3465 Theologia
2856 3433 2874 3466 ,
2912 3387 3079 3448 cuius
3100 3385 3497 3446 communica-

593 3465 753 3516 tlone
813 3476 1021 3549 omnes
1079 3461 1379 3523 haurimus
1417 3463 1492 3524 de
1532 3464 1894 3539 plenitudine
1932 3466 2049 3526 Dei
2088 3466 2149 3526 in
2190 3465 2426 3527 Christo
2467 3469 2620 3526 Iesu.
2660 3469 2833 3544 Iaan:
2882 3487 2934 3526 1.
2983 3469 3073 3526 16.
3137 3467 3293 3526 Nam
3331 3466 3381 3525 si
3418 3465 3495 3526 de

597 3535 925 3625 [Theologia
962 3538 1060 3596 1113
1097 3538 1439 3616 simpliciter
1475 3540 1635 3602 dicta
1649 3588 1666 3622 ,
1707 3560 1858 3620 quae
1897 3543 2137 3621 quidem
2176 3556 2387 3623 ectypa
2426 3556 2544 3624 est,
2564 3545 2873 3623 quisquam
2892 3545 3188 3622 rogauerit
3207 3562 3494 3622 quaenam

597 3613 694 3672 1lla
746 3623 822 3704 sit
857 3615 1185 3704 'Itheologia
1199 3661 1217 3696 ,
1256 3619 1394 3678 huic
1432 3619 1678 3682 omnino
1718 3640 2104 3700 responsurus
2144 3643 2274 3685 sum
2315 3625 2557 3702 vestigia
2594 3623 2897 3700 sequendo
2938 3625 3089 3686 illius
3128 3634 3496 3702 antegressae

598 3689 967 3784 definitionis.
1016 3697 1184 3755 Thes,
1227 3713 1312 3756 lx.
1353 3701 1548 3774 Atque
1583 3701 1724 3760 haec
1760 3705 1983 3776 quidem
2034 3705 2351 3779 Theologia
2388 3707 2720 3782 simpliciter
2749 3706 2932 3784 dicta,
2952 3714 3041 3765 est
3054 3713 3175 3765 tota
3194 3705 3495 3783 Sapientia

596 3787 794 3858 rerufn
831 3771 1193 3861 Deutnarum
1233 3795 1356 3835 cam
1395 3797 1463 3835 re
1500 3787 1698 3838 creata
1737 3784 2216 3841 comnmnicabilis
2240 3793 2363 3860 pro
2400 3777 2864 3844 corremutiicatztis
2895 3787 3081 3846 modo·
3119 3787 3301 3844 Hanc
3334 3787 3493 3845 The-

601 3847 856 3921 ologiam
894 3867 1023 3940 quis
1060 3853 1244 3914 homo
1284 3875 1495 3932 capere
1535 3868 1729 3918 mente
1744 3903 1762 3935 ‚
1801 3869 1902 3918 aut
1939 3879 2213 3921 sermone
2253 3862 2599 3924 describere
2622 3859 2850 3940 possit?
2880 3881 3018 3924 cum
3037 3866 3189 3924 haec
3208 3865 3489 3940 quodam·

599 3925 804 4011 modo·
821 3933 1084 4000 proxrme
1133 3935 1488 4022 respondeat
1524 3935 1607 3995 illi
1646 3939 1997 4016 archetypae
2011 3984 2029 4012 .,
2068 3957 2245 4016 quam
2284 3962 2413 4018 cap.
2454 3962 2509 4014 4.
2551 3941 2996 4019 descripsimus:
3038 3945 3093 4001 &
3132 3943 3277 4003 nihil
3317 3947 3491 4021 plane

601 4009 674 4055 slt
733 4002 894 4091 aliud
946 4024 1126 4080 quam
1183 4012 1282 4069 1lla
1319 4022 1445 4073 tota
1495 4012 1723 4074 interna
1771 4017 1964 4077 forma
2003 4018 2059 4077 &
2102 4032 2454 4099 conceptuS,
2495 4039 2673 4100 quem
2714 4021 2879 4082 Deus
2916 4023 3099 4083 habet
3133 4023 3197 4082 in
3236 4043 3365 4084 sese
3405 4025 3483 4085 de

601 4085 1086 4172 communicanda
1125 4089 1404 4178 sapientia
1441 4109 1544 4150 sua
1557 4139 1574 4170 ‚
1613 4111 1736 4153 non
1775 4114 1885 4171 pro
1927 4096 2112 4157 modo
2152 4110 2452 4160 creaturae
2488 4100 2659 4160 huius
2698 4112 2800 4161 aut
2837 4101 3017 4182 illius3
3038 4101 3143 4162 sed
3162 4121 3275 4180 pro
3298 4104 3483 4164 modo

605 4169 1086 4248 communicargns
1137 4167 1251 4254 Dei
1264 4211 1281 4244 ,
1329 4171 1384 4228 &
1425 4172 1677 4232 formam
1715 4175 2079 4251 modumque
2122 4194 2263 4237 suae
2302 4179 2853 4241 communicationis
2889 4181 3145 4260 gratiosa
3181 4183 3485 4244 voluntate

605 4246 709 4287 ⁸¹1²
765 4237 1204 4329 praescnbentrs
1261 4247 1338 4303 de
1391 4264 1498 4307 sua
1548 4249 1922 4324 plenitudine.
1980 4255 2177 4330 Atque
2220 4258 2367 4317 haec
2418 4276 2593 4318 causa
2638 4270 2756 4338 est,
2796 4277 2904 4320 cur
2942 4261 3288 4322 definientes
3326 4263 3482 4322 hanc

605 4307 1022 4390 Th⁶0108¹²m2
1059 4327 1252 4390 ponus
1291 4327 1871 4411 communicabilem,
1911 4349 2087 4411 quam
2130 4336 2624 4402 communicatam
2644 4338 2925 4402 diximus:
2948 4339 3085 4418 quia
3103 4343 3224 4404 hoc
3242 4342 3484 4402 nomine

3212 4423 3485 4484 volumus
