3923 4875
1394 313 1497 358 nn
1558 317 1781 357 vsRA
1844 315 2372 360 ΤιιιιοιοοιΑ.
3265 315 3336 376 97

434 479 669 538 Mosem
709 476 945 535 fidelem
982 475 1098 536 Dei
1138 491 1373 536 seruum
1411 474 1473 535 in
1511 486 1639 535 tota
1680 475 1862 536 domo
1898 475 2081 569 ipsius
2119 477 2413 536 credimus
2454 487 2640 536 totam
2680 479 2836 537 hanc
2878 481 3128 538 formam
3149 483 3186 537 a
3208 479 3342 536 Deo

434 555 708 616 traditam
766 554 1099 634 accepisse,
1151 556 1542 631 eamdemque
1592 558 1946 635 perfectam,
2001 560 2072 615 vt
2113 567 2425 632 acceperat
2478 560 2514 616 a
2553 557 2850 647 Domino,
2893 557 3074 617 literis
3117 556 3344 634 consig-

435 655 633 708 nasse,
698 638 751 695 &
812 653 1103 695 canonem
1145 634 1411 695 diuinum
1451 635 1675 713 priscae
1717 601 2021 695 Ecclesiae
2069 635 2389 695 tradidisse.
2452 637 2606 696 Nam
2646 635 2708 696 in
2747 637 2838 698 his
2876 637 3177 714 principiis
3219 647 3344 696 tota

436 726 645 776 natura
682 715 1045 792 Theologiae
1084 715 1297 774 virtute
1337 723 1700 792 continetur,
1741 732 1890 791 quae
1928 713 2218 807 principia
2257 715 2474 776 summi
2510 715 2594 775 illi
2633 715 2742 776 viri
2781 716 3058 795 singulari
3090 716 3344 793 quadam

436 796 491 854 &
549 794 1011 855 extraordinaria
1059 795 1272 854 virtute
1326 795 1437 855 sibi
1477 814 1582 873 per
1622 793 1903 872 Spiritum
1943 794 2128 856 indita
2167 795 2625 873 prehenderunt.
2687 797 2883 872 Atque
2921 797 3041 858 hoc
3073 806 3346 872 respectu

434 894 558 935 non
616 873 1095 966 tergiuersamur,
1154 873 1299 950 quin
1357 873 1439 934 illi
1499 883 1686 935 totam
1734 877 2174 952 perfectamque
2223 876 2473 934 formam
2517 876 2688 935 huius
2728 875 3093 954 Theologiae
3132 875 3347 934 fuerint

436 955 763 1046 assequuti:
822 963 1018 1014 tamen
1081 955 1341 1031 perfecte
1403 954 1463 1013 in
1522 973 1650 1014 sese
1705 954 2029 1016 obtinuisse
2081 953 2320 1014 minime
2363 953 2697 1035 statuimus3
2741 957 2848 1016 sed
2887 973 2996 1015 suo
3039 937 3250 1032 modd,
3291 955 3346 1013 &

438 1033 811 1096 reuelationis
870 1033 982 1094 sibi
1040 1035 1229 1093 factae
1292 1033 1503 1093 modo:
1567 1050 1720 1111 quae
1780 1033 1901 1126 duo
1938 1035 2020 1094 ad
2059 1033 2582 1095 demonstrandam
2621 1002 3132 1126 imperfectionem
3176 1033 3346 1094 huius

436 1112 989 1175 communicationis
1047 1123 1182 1174 sunt
1238 1113 1394 1174 satis.
1463 1113 1699 1173 Etenim
1758 1113 1809 1174 si
1865 1113 1943 1174 ad
2003 1115 2253 1174 modum
2311 1113 2571 1191 ipsorum
2628 1114 3036 1207 respiciamus,
3074 1114 3344 1174 homines

436 1196 670 1255 fuerunt
712 1191 908 1252 infesti
965 1192 1175 1254 iisdem
1242 1213 1313 1253 ac
1370 1212 1484 1252 nos
1542 1193 1973 1254 infirmitatibus
1988 1239 2021 1284 ,
2057 1193 2384 1269 iisdemque
2437 1194 2738 1254 tenuitatis
2783 1195 3063 1273 angustiis
3104 1193 3348 1254 circum-

436 1274 615 1346 clusi,
673 1292 784 1350 pro
844 1275 1105 1332 humana
1158 1283 1343 1332 sorte:
1397 1290 1550 1348 quae
1588 1291 1769 1350 vsque
1812 1273 1966 1333 adeo
2004 1272 2349 1350 imperfecta
2389 1283 2509 1352 est,
2550 1273 2694 1333 dum
2731 1274 2830 1334 hic
2870 1274 3272 1352 peregrinatur
3311 1276 3348 1331 a

434 1319 737 1430 DominO,
778 1362 841 1412 vt
883 1371 1009 1411 rem
1048 1355 1370 1430 perfectam
1409 1354 1667 1430 perfecte
1706 1363 1960 1430 nequeat
2001 1372 2230 1430 capere.
2273 1354 2430 1411 Nam
2463 1318 2725 1414 e’fficiens
2747 1371 2955 1414 caussa
2974 1354 3350 1444 imperfecta,

439 1432 753 1509 ecquando
816 1433 1057 1492 effectus
1116 1431 1347 1510 gignat,
1401 1434 1655 1493 obsecro
1671 1478 1689 1510 ,
1729 1432 1829 1510 qui
1868 1432 2118 1511 perfecti
2156 1432 2302 1510 sint,
2343 1443 2445 1491 aut
2484 1431 2694 1492 merito
2735 1451 2844 1493 suo
2886 1432 3134 1511 perfecti
3172 1434 3348 1524 habe-

440 1508 650 1574 antur?
690 1512 944 1571 alienum
986 1521 1076 1572 est
1116 1515 1302 1590 certe,
1344 1510 1393 1571 si
1430 1512 1577 1602 quis
1602 1512 1980 1572 arbitrabitur
2021 1531 2093 1572 ex
2132 1512 2478 1589 imperfecta
2511 1531 2716 1573 caussa
2747 1515 3040 1590 perfectos
3071 1511 3232 1590 gigni
3251 1522 3352 1571 aut

438 1590 731 1668 consequi
769 1593 1013 1651 effectus
1044 1609 1246 1682 posse.
1308 1591 1493 1666 Quod
1532 1589 1581 1650 si
1620 1591 1750 1669 quis
1791 1590 2033 1669 dixerit,
2071 1611 2196 1652 non
2238 1610 2342 1652 eos
2384 1591 2636 1684 quidem·
2665 1592 2825 1670 ipsos
2866 1612 2978 1670 pro
3017 1609 3124 1653 suo
3165 1593 3350 1651 modo

439 1673 721 1762 perfecte
740 1670 804 1731 id
846 1669 1229 1748 praestitisse,
1270 1671 1375 1731 sed
1414 1673 1609 1730 Deum
1650 1671 1828 1732 fuisse
1865 1637 2290 1749 perfectionem
2328 1673 2484 1731 hanc
2525 1671 2586 1732 in
2620 1671 2759 1751 ipsis
2780 1683 3113 1764 operatum:
3136 1672 3214 1731 ad
3234 1673 3352 1730 hoc

442 1749 854 1842 respondimus
893 1749 1067 1812 etiam
1109 1752 1295 1811 altero
1338 1752 1645 1830 membro,
1684 1768 1865 1830 quum
1906 1751 2298 1829 Theologiam
2337 1752 2492 1812 hanc
2530 1771 2608 1812 ne
2649 1754 2834 1813 modo
2874 1752 3114 1830 quidem
3136 1753 3352 1812 reuela-

443 1830 620 1892 tionis
680 1832 940 1908 perfecte
992 1832 1069 1890 ab
1124 1830 1264 1908 ipsis
1303 1832 1792 1908 comprehensam
1830 1830 2006 1891 fuisse
2047 1830 2396 1922 diceremus,
2455 1832 2612 1892 Nam
2653 1843 2740 1893 est
2778 1832 3020 1910 quidem
3060 1833 3354 1910 perfectus

443 1909 814 1972 reuelationis
871 1921 1079 1970 auctor
1094 1954 1111 1987 ,
1162 1912 1609 1988 perfectumque
1662 1928 1813 1988 opus
1852 1910 2006 1970 illius
2045 1909 2108 1970 in
2147 1930 2209 1970 se
2247 1909 2407 1988 ipse,
2447 1931 2519 1971 ac
2558 1912 2809 1990 proinde
2849 1914 3114 1990 perfecta
3151 1929 3352 1971 secun-

442 1991 587 2083 dum
628 2009 721 2068 se,
780 2007 1193 2080 quamcunque
1252 1989 1487 2067 fecerit,
1548 1989 1666 2050 Dei
1703 1990 2015 2068 reuelatio;
2057 1991 2161 2050 sed
2199 1991 2378 2068 longe
2419 1991 2537 2050 alia
2574 2002 2664 2051 est
2699 1992 3078 2053 reuelationis
3118 1991 3354 2052 diuinae

440 2070 501 2132 in
545 2089 671 2131 sese
712 2069 893 2143 ratio,
934 2070 1047 2130 alia
1087 2069 1147 2128 in
1187 2080 1405 2129 noctua
1443 2035 1566 2130 siue
1608 2070 1669 2128 in
1709 2071 2026 2148 nyctalope
2057 2070 2112 2128 &
2142 2069 2590 2160 vespertilione,
2621 2091 2693 2130 ac
2723 2072 3008 2163 luscios0,
3029 2069 3131 2149 qui
3150 2071 3352 2132 nescio

442 2149 585 2228 quid
629 2151 854 2227 solum,
895 2169 965 2209 ac
1004 2151 1320 2226 pauculum
1362 2149 1436 2209 de
1475 2149 1585 2210 ista
1624 2151 1757 2210 luce
1796 2160 1992 2227 potest
2029 2148 2319 2226 accipere.
2363 2149 2546 2224 Quod
2580 2149 2630 2209 si
2648 2149 2862 2212 virtute
2884 2151 3069 2211 diuini
3088 2150 3352 2228 spirituS,

444 2229 868 2308 Prophetarum
909 2231 965 2288 &
1013 2230 1443 2320 Apostolorum
1482 2248 1650 2290 mens
1690 2227 1798 2288 fuit
1838 2229 2010 2306 quasi
2048 2229 2288 2289 dilatata
2329 2229 2384 2288 &
2424 2227 2673 2306 amplius
2714 2229 2999 2290 illustrata
3031 2247 3208 2307 supra
3227 2248 3351 2289 mo-

442 2310 587 2369 dum
624 2318 893 2368 nostrum
934 2311 989 2368 &
1028 2307 1317 2369 rationem
1360 2326 1738 2368 communem
1778 2308 1929 2369 illius
1971 2307 2102 2383 (fuit
2139 2319 2337 2369 autem
2378 2312 2558 2378 certe)
2599 2327 2722 2368 non
2763 2319 2962 2369 tamen
3002 2329 3078 2368 ex
3117 2328 3191 2368 eo
3212 2328 3352 2369 con-

444 2387 605 2449 cludi
664 2397 859 2465 potest
918 2388 1093 2449 fuisse
1154 2408 1285 2449 eam
1338 2388 1397 2447 in
1450 2387 1766 2465 infinitum,
1817 2391 1913 2449 vel
1952 2388 2178 2449 infinita
2216 2388 2474 2467 quadam
2513 2388 2878 2466 perfectione
2919 2388 3250 2465 dilatatam,
3291 2398 3354 2447 vt

442 2469 867 2547 perfectionem
917 2468 1091 2528 huius
1144 2468 1463 2560 sapientiae
1515 2471 1773 2546 perfecte
1812 2479 2056 2546 possent
2095 2488 2324 2545 capere.
2387 2472 2606 2528 Totam
2645 2469 2888 2546 quidem
2931 2472 2986 2529 &
3027 2472 3353 2545 perfectam
3395 2480 3400 2485 ’

445 2548 755 2625 omnisque
795 2548 1257 2640 imperfectionis
1296 2558 1595 2624 expertem
1636 2547 1929 2609 credimus
1971 2551 2050 2610 ab
2089 2549 2173 2609 eis
2215 2558 2522 2625 acceptam
2563 2566 2720 2627 esse,
2764 2550 2872 2609 sed
2901 2550 3196 2626 perfecte,
3227 2558 3352 2606 tan-

445 2639 621 2705 taque
661 2627 1025 2718 perfectione
1062 2639 1126 2688 vt
1165 2627 1589 2706 perfectionem
1628 2627 1799 2688 huius
1840 2628 2158 2705 sapientiae
2199 2627 2260 2687 in
2299 2628 2424 2705 ipsa
2463 2626 2549 2687 illi
2586 2646 2822 2720 quoque
2863 2628 2923 2688 in
2961 2627 3166 2704 seipsis
3184 2627 3356 2686 adae-

448 2708 785 2785 quauerint,
842 2709 1080 2769 minime
1124 2708 1529 2787 affirmamuS,
1581 2727 1692 2767 nec
1742 2706 1905 2799 pium
1945 2708 2118 2768 fuerit
2157 2710 2464 2767 affirmare.
2527 2708 2650 2766 Cur
2687 2708 2846 2768 enim
2889 2709 2966 2767 de
3005 2706 3208 2767 electis
3247 2706 3358 2765 illis

448 2788 564 2847 Dei
604 2787 855 2861 instru(f.
902 2809 1072 2863 1420.
1076 2786 1311 2859 )1nentis
1368 2753 1529 2846 aliud
1586 2798 1687 2847 aut
1738 2786 2060 2848 sentiamus
2118 2804 2256 2847 cum
2304 2786 2514 2848 animis
2565 2788 2812 2863 nostris,
2869 2797 2970 2846 aut
3007 2787 3167 2864 apud
3208 2785 3357 2845 alios

447 2867 891 2959 praedicemus,
930 2872 1107 2945 quam
1146 2866 1311 2945 quod
1351 2865 1463 2945 ipsi
1504 2867 1579 2927 de
1618 2886 1681 2927 se
1722 2866 1922 2927 diuina
1961 2867 2207 2928 veritate
2242 2869 2298 2926 &
2342 2866 2490 2927 iusta
2511 2866 2838 2927 humilitate
2860 2861 3359 2927 enunciauerunt?

450 2952 543 3007 De
603 2966 667 3007 se
729 2947 887 3006 enim
947 2947 1339 3007 communiter
1398 2963 1537 3006 cum
1596 2946 1724 3006 aliis
1777 2948 2016 3007 dicebat
2069 2948 2314 3006 Paulus:
2358 2950 2450 3006 Ex
2487 2957 2654 3023 parte
2695 2945 3148 3025 cognoscimuS,
3190 2948 3244 3005 &
3283 2964 3358 3005 ex

450 3038 615 3107 parte
654 3030 1096 3105 prophetamus.
1136 3027 1429 3087 cernimus
1471 3043 1630 3085 nunc
1670 3046 1776 3103 per
1814 3030 2120 3106 speculum
2163 3027 2218 3085 &
2257 3046 2363 3103 per
2403 3025 2706 3117 aenigma,
2739 3038 2882 3087 tunc
2902 3037 3099 3085 autem
3123 3044 3358 3101 coram,

460 3129 511 3168 1.
558 3108 696 3167 Cor.
744 3126 833 3183 13
877 3111 1167 3184 9.12.&
1203 3108 1283 3167 ad
1339 3106 1721 3166 Timotheum
1780 3108 1966 3167 filium
2020 3124 2191 3167 suum
2238 3124 2586 3183 germanum
2639 3106 2700 3165 in
2741 3107 2858 3166 fide
2893 3106 3196 3196 Scribens,
3236 3124 3360 3164 non

451 3188 567 3247 alio
608 3186 855 3248 consilio
897 3187 1215 3247 lectionem
1254 3185 1576 3264 scripturae
1616 3205 1816 3247 sacrae
1858 3186 2168 3263 aliquoties
2208 3185 2682 3260 commendauit,
2718 3190 2896 3262 quam
2926 3196 2990 3245 vt
3018 3186 3361 3245 tenuitatem

453 3266 613 3327 illam
668 3278 931 3327 nostram
947 3312 965 3346 ,
1016 3266 1302 3357 imparem
1362 3266 1685 3344 capiendae
1724 3266 2096 3357 perfectioni
2155 3283 2351 3325 rerum
2402 3265 2731 3326 diuinarum
2781 3267 3119 3327 ostenderet
3159 3274 3362 3325 sancta

452 3346 734 3425 lectione,
772 3346 1083 3438 precibuS,
1130 3345 1680 3425 meditationibusq3
1721 3345 1783 3406 in
1822 3357 1950 3407 toto
1992 3346 2283 3406 curriculo
2323 3346 2494 3407 huius
2524 3346 2677 3407 vitae
2711 3346 3173 3439 oppugnandam
3208 3363 3362 3422 esse,

457 3428 649 3488 donec
689 3426 859 3487 felice
900 3426 1250 3505 migratione
1290 3426 1369 3486 ad
1406 3426 1735 3487 Dominum
1777 3429 2016 3504 plenam
2054 3426 2360 3487 victoriam
2402 3427 2480 3486 de
2519 3426 2693 3486 nobis
2733 3426 2905 3505 ipsiS,
2945 3430 3001 3486 δι
3029 3423 3364 3485 infirmitate

459 3518 662 3568 nostra
699 3506 881 3567 simus
924 3506 1240 3583 assequuti.

536 3587 1060 3662 Quemadmodum
1118 3596 1315 3646 autem
1374 3594 1563 3647 totam
1604 3588 1760 3647 hanc
1800 3585 2146 3665 sapientiam
2187 3597 2577 3664 perceperunt
2612 3585 2727 3664 illi,
2767 3586 2847 3657 ita
2887 3584 3064 3646 etiam
3103 3580 3365 3674 prouidit

457 3667 753 3758 Dominus
795 3667 1100 3727 Ecclesiae
1143 3684 1314 3745 suae,
1344 3676 1408 3725 vt
1436 3667 1646 3726 eadem
1667 3678 1795 3728 tota
1812 3670 2188 3745 perfectaque
2207 3666 2534 3727 traderetur
2553 3632 2833 3744 singulari
2850 3665 3064 3725 virtute
3087 3662 3364 3740 Spiritus:

459 3745 560 3823 qui
621 3766 746 3808 non
807 3746 977 3807 vnius
1036 3765 1219 3825 opera
1276 3747 1468 3805 solum
1521 3746 1598 3805 ad
1638 3757 1823 3807 totam
1863 3747 2017 3807 hanc
2059 3748 2500 3824 perfectamque
2541 3746 2873 3806 doctrinam
2917 3744 3268 3804 tradendam
3307 3741 3367 3801 in

460 3827 729 3888 Ecclesia
766 3844 904 3887 vsus
944 3836 1062 3904 est,
1104 3826 1209 3886 sed
1250 3843 1329 3886 ex
1369 3835 1495 3885 tota
1532 3826 1632 3885 illa
1671 3828 2049 3905 perfectaque
2088 3826 2357 3887 doctrina
2396 3826 2660 3886 omniurn
2700 3823 2924 3903 effecit,
2957 3834 3022 3884 vt
3041 3824 3367 3901 perfectum

460 3924 678 3999 corpus
720 3906 1088 3985 Theologiae
1131 3906 1193 3966 in
1234 3904 1533 3982 scripturis
1574 3908 1750 3967 sacris
1790 3926 1864 3967 ex
1900 3910 2106 3967 labore
2145 3906 2380 3966 illorum
2420 3905 2686 3965 omnium
2726 3904 2838 3965 Dei
2877 3920 3184 3963 seruorum
3227 3920 3368 3961 con-

460 3986 701 4064 signatis
717 4034 734 4066 ,
774 3988 1214 4079 perfectamque
1254 3987 1504 4045 formam
1548 3985 1717 4046 huius
1758 3986 2076 4065 sapientiae
2116 3995 2302 4047 totam
2341 3987 2603 4063 perfecte
2642 3985 2993 4044 haberemus
3023 3979 3366 4062 expositam.

462 4066 605 4141 Quo
663 4068 760 4145 fi,t
818 4079 883 4128 vt
942 4066 1167 4145 optime
1228 4065 1387 4125 dicat
1427 4066 1750 4143 Apostolus
1790 4076 1978 4126 totam
2019 4065 2366 4157 scripturam
2409 4064 2686 4125 diuinitus
2726 4064 3065 4142 inspiratam
3103 4080 3233 4123 esse
3247 4106 3264 4139 ,
3306 4070 3370 4121 vt

464 4148 755 4223 perfectus
801 4146 875 4207 sit
913 4149 1096 4207 homo
1137 4146 1252 4206 Dei
1293 4146 1371 4204 ad
1410 4164 1591 4206 omne
1630 4162 1780 4223 opus
1800 4148 2029 4206 bonum
2051 4148 2311 4237 perfecte
2329 4144 3370 4237 instructus,2.Timotl1.3·.16.17.

465 4224 605 4315 quia
664 4225 949 4317 scriptura
1009 4236 1097 4288 est
1155 4227 1482 4317 perfectum
1522 4224 1970 4317 instrumentum
2009 4224 2186 4286 nobis
2225 4228 2262 4285 a
2302 4228 2436 4286 Deo
2481 4224 2808 4303 praebitum
2825 4270 2843 4303 ,
2883 4224 3150 4301 quamuis
3189 4222 3369 4282 simus

468 4304 681 4381 singuli
724 4304 1054 4383 imperfecti
1095 4327 1169 4366 ex
1208 4305 1371 4368 omni
1411 4315 1576 4383 parte
1615 4304 1885 4385 operar-ij.

1876 4406 1899 4443 1
1909 4405 1943 4461 3
2526 4438 2534 4444 ,
3249 4380 3371 4440 Hic
