3923 4875
645 291 761 362 348
1482 300 1585 341 nr:
1645 299 2072 345 Ponti-rar.
2136 298 2388 343 mosis
2448 300 2743 341 ousta.

647 467 802 523 hanc.
843 463 1022 523 vitam
1063 474 1326 523 nostram
1346 508 1364 540 ,
1403 472 1528 521 tum
1567 462 1646 521 ad
1687 463 1946 523 futuram
1990 460 2152 521 illam
2172 462 2597 521 consuleretur.
2640 462 2793 521 Nam
2814 460 2951 537 quia
2970 463 3071 521 lex
3090 460 3379 521 naturalis
3401 480 3601 521 rerum

647 542 1060 605 communium
1099 554 1220 619 est,
1262 542 1474 621 singuli
1513 552 1710 603 autem
1755 552 2025 601 nostrum
2068 561 2162 601 res
2203 541 2332 601 illas
2372 560 2721 602 communes
2756 542 2817 601 in
2838 540 3295 619 particularibus
3318 542 3375 600 δι
3396 541 3599 619 singu-

645 626 869 684 laribus
925 639 1323 700 occupamus,
1375 624 1618 683 alteram
1666 622 1810 699 legis
1853 622 2135 682 naturalis
2172 622 2567 701 appendicem
2608 640 2851 683 necesse
2889 622 2999 681 suit
3036 621 3346 699 adhiberi,
3388 640 3597 681 secun·

647 706 790 764 dum
831 722 1013 781 quam
1053 702 1428 781 particularia
1467 704 1522 761 δι
1563 702 1876 780 singularia
1916 702 1995 761 ad
2028 704 2219 779 legem
2242 702 2651 763 communium
2672 702 3017 779 dirigantur.
3058 701 3222 777 Quia
3242 707 3387 763 vero
3410 722 3593 761 nemo

649 786 834 845 homo
877 786 970 843 vel
1011 783 1338 843 secundum
1379 792 1652 843 naturam
1691 783 1984 860 integram
2027 782 2265 861 viuens,
2306 784 2811 861 supernaturalem
2854 781 3035 841 vitam
3060 784 3117 841 δι
3137 782 3395 861 gratiam
3418 786 3595 859 (quae

652 866 729 924 ad
785 863 967 923 vitam
1017 862 1310 941 perducit)
1363 866 1497 941 lege
1537 862 1788 923 naturali
1827 862 2173 941 cogniturus
2216 862 2448 939 fuisset,
2490 874 2594 923 aut
2634 862 2971 923 naturaliter
3012 862 3195 923 etiam
3232 864 3559 941 adepturus
3572 908 3593 939 ,

647 945 1010 1022 superiorem
1055 955 1262 1003 natura
1301 946 1494 1021 legem
1533 948 1572 1002 a
1611 944 1726 1003 Dei
1766 942 1954 1021 gratia
2002 962 2243 1005 necesse
2282 943 2393 1003 suit
2428 942 2757 1004 admoueri.
2816 942 3141 1020 Vtriusque
3178 942 3242 1001 in
3284 963 3473 1002 causa
3510 954 3593 1003 est

653 1036 856 1085 nostra
908 1024 1300 1100 imperfectio.
1361 1026 1514 1083 Nam
1555 1025 1693 1082 cum
1733 1024 1829 1083 lex
1869 1022 2151 1084 naturalis
2191 1024 2251 1083 in
2294 1022 2473 1083 nobis
2512 1024 2855 1101 imperfecta
2895 1023 3001 1099 sit,
3041 1024 3099 1083 δι
3140 1042 3255 1083 nos
3296 1024 3481 1083 etiam
3519 1042 3591 1082 ex

651 1116 814 1165 tanta
853 1104 1302 1181 imperfectione
1341 1108 1396 1164 &
1433 1103 1768 1165 infirmitate
1807 1105 2181 1175 laboremus,
2225 1114 2287 1163 vt
2328 1122 2451 1181 quo
2492 1104 2681 1181 magis
2720 1103 2797 1163 ad
2836 1103 3155 1181 singularia
3194 1102 3493 1181 venimus,
3514 1124 3587 1164 eo

651 1184 905 1263 amplius
945 1184 1006 1243 in
1047 1194 1248 1262 turpes
1287 1183 1684 1262 indignosque
1724 1185 1994 1244 defectus
2034 1186 2113 1244 ab
2154 1186 2283 1263 ipsa
2303 1186 2434 1261 lege
2452 1183 2704 1243 naturali
2726 1184 3103 1263 delabamur,
3144 1202 3217 1242 ex
3238 1184 3589 1244 necessitate

669 1264 993 1325 videndum
1055 1264 1189 1344 fuit,
1249 1274 1314 1324 vt
1371 1276 1566 1325 certae
1626 1264 1805 1325 veluti
1863 1284 2035 1342 sepes
2092 1266 2149 1323 &
2190 1264 2439 1325 cancelli
2477 1265 3063 1341 circumponerentur
3104 1263 3283 1323 nobis
3324 1266 3589 1324 humano

663 1344 958 1421 subsidiO,
1001 1364 1078 1404 ne
1119 1348 1156 1404 a
1194 1344 1446 1404 naturali
1483 1346 1615 1423 lege
1654 1348 1718 1421 (f.
1768 1348 1946 1423 1494)
1986 1347 2393 1406 aberraremus
2433 1355 2672 1405 temere.
2714 1344 2866 1404 Cum
2896 1356 3097 1404 autem
3121 1362 3301 1422 supra
3320 1356 3589 1404 naturam

650 1445 763 1485 nos
802 1426 1054 1485 euehere
1091 1424 1344 1503 gratiose
1382 1426 1548 1484 Deus
1581 1424 1919 1500 instituerit,
1959 1436 2023 1485 vt
2064 1425 2425 1502 perfectione
2460 1424 2881 1503 supernaturali
2942 1436 3123 1501 atque
3142 1436 3387 1484 aeterna
3406 1424 3589 1485 dona-

652 1524 847 1565 remur
887 1504 948 1562 in
1005 1504 1244 1565 Christo
1285 1508 1450 1583 Iesu,
1507 1504 1832 1565 videndum
1879 1522 2122 1583 quoque
2174 1505 2236 1566 id
2276 1504 2415 1584 fuit,
2456 1516 2520 1565 vt
2560 1508 2694 1565 Deo
2734 1518 2977 1565 auctore
3020 1508 3079 1565 δι
3122 1506 3311 1583 duce,
3354 1504 3459 1581 qui
3502 1504 3591 1565 via

651 1598 772 1659 est,
814 1584 1053 1661 veritaS,
1093 1586 1148 1643 δι
1188 1584 1340 1661 vita,
1382 1587 1578 1663 legem
1617 1584 1779 1661 viae,
1819 1584 2111 1663 veritatis,
2154 1588 2209 1645 δε
2250 1584 2404 1645 vitae
2444 1585 2598 1645 illius
2636 1586 3008 1645 haberemus.

729 1668 908 1725 Thes.
954 1680 1007 1741 5.
1051 1667 1228 1724 Hanc
1267 1664 1710 1725 distinctionem
1749 1665 1945 1725 verbis
1984 1632 2358 1727 euidentibus
2396 1664 2459 1725 in
2502 1666 2653 1726 thesi
2692 1664 2899 1742 quinta
2920 1666 3353 1742 expressimuS,
3392 1664 3587 1725 dicen-

652 1757 769 1823 teS,
845 1746 1012 1819 Quae
1070 1746 1196 1803 Lea:
1254 1753 1508 1804 naturae
1565 1747 1830 1821 aduemflt
1893 1746 2018 1806 siue
2081 1745 2330 1805 naturali
2370 1746 2519 1823 legi,
2563 1766 2689 1805 eam
2728 1754 2836 1804 aut
2870 1748 3146 1824 adnasci,
3186 1754 3297 1804 aut
3328 1746 3589 1821 infundi.

655 1823 920 1884 Adnasci
957 1834 1154 1883 autem
1195 1823 1340 1883 nihil
1379 1825 1540 1884 aliud
1579 1836 1693 1899 est,
1736 1830 1918 1917 quam
1960 1824 2172 1885 natura
2212 1826 2379 1902 quasi
2420 1826 2801 1903 protrudente
2835 1827 3124 1885 accedere
3160 1826 3239 1885 ad
3260 1828 3589 1885 naturalem

653 1907 812 1965 illam
855 1906 1048 1981 legem
1087 1908 1268 1981 quam
1307 1923 1382 1963 ex
1420 1923 1679 1983 superno
1719 1904 2014 1984 principio
2058 1924 2235 1983 supra
2276 1926 2385 1967 nos
2427 1926 2637 1966 omnes
2676 1908 2733 1965 δι
2772 1916 3043 1965 naturam
3086 1916 3351 1967 nostram
3396 1906 3455 1965 in
3476 1925 3587 1965 nos

654 1984 928 2045 deriuari.
972 1984 1065 2041 Ex
1106 2003 1180 2044 eo
1224 1994 1422 2044 autem
1463 1984 1710 2046 omnino
1751 1985 2039 2063 sequitur,
2082 1986 2591 2063 quemadmodum
2632 1984 2822 2061 reipsa
2861 1988 3172 2064 παραφυάς
3212 1986 3340 2045 siue
3382 1986 3587 2045 adnas-

659 2085 804 2125 cens
857 2066 1122 2124 surculus
1171 2063 1409 2124 inferior
1459 2076 1546 2126 est
1595 2075 1807 2125 trunco
1855 2064 1952 2125 cui
2000 2066 2341 2127 adnascitur
2392 2068 2447 2125 δε
2496 2067 2575 2125 ab
2632 2084 2703 2125 eo
2748 2064 2994 2155 pendet:
3058 2066 3151 2123 Ita
3187 2068 3387 2143 legem
3430 2065 3587 2125 illam

655 2156 901 2206 naturae
939 2144 1360 2204 adnascentem
1403 2146 1652 2205 naturali
1691 2148 1822 2223 lege
1863 2143 2201 2206 inferiorem
2234 2166 2389 2223 esse,
2421 2150 2475 2207 &
2499 2146 2695 2206 eidem
2716 2142 3005 2205 ancillari:
3042 2147 3076 2203 e
3099 2144 3338 2205 diuerso
3360 2157 3590 2223 autem,

657 2224 1025 2315 superiorem
1079 2224 1240 2283 illam
1255 2271 1272 2302 ,
1324 2242 1478 2300 quae
1530 2230 1784 2303 superne
1837 2226 2110 2303 aduenit,
2161 2246 2288 2287 esse
2338 2226 2616 2287 naturalis
2670 2223 2814 2304 legis
2864 2224 3169 2286 arbitram.
3223 2238 3590 2303 quapropter

656 2307 814 2365 hanc
876 2302 1170 2383 diuinam,
1211 2314 1276 2364 vt
1315 2324 1468 2383 quae
1507 2309 1544 2365 a
1587 2308 1722 2367 Deo
1763 2324 1886 2366 vno
1928 2316 2047 2385 est,
2088 2273 2251 2367 illam
2292 2309 2611 2367 humanam
2650 2308 2842 2397 legem
2882 2305 3293 2383 appellamus,
3332 2317 3400 2365 vt
3438 2325 3589 2383 quae

651 2387 730 2446 ab
768 2384 1111 2446 hominibus
1153 2395 1267 2464 est,
1311 2386 1581 2448 ordinem
1621 2385 1929 2466 publicum
1973 2407 2047 2447 ex
2089 2388 2369 2448 naturalis
2411 2387 2556 2467 legis
2596 2386 2749 2448 illius
2788 2384 2913 2447 iure
2947 2388 3003 2446 &
3038 2385 3421 2448 necessitate
3428 2406 3587 2448 com·

655 2466 820 2526 muni
865 2466 1350 2544 temperantibus

735 2549 961 2626 Legem
1002 2545 1267 2607 diuinam
1310 2546 1624 2608 definimus
1663 2549 1784 2607 hoc
1829 2549 2040 2608 modo:

729 2628 910 2689 Thes.
953 2629 1008 2686 6.
1051 2629 1186 2686 Lnx
1228 2630 1431 2688 diuina
1473 2638 1588 2706 est,
1628 2647 1778 2706 quae
1818 2631 2116 2706 inspirata
2157 2631 2196 2686 ὰ
2236 2631 2371 2689 Deo
2406 2630 2481 2688 ὣ·
2520 2627 2725 2704 mfusa
2742 2628 3133 2688 rationalibus
3170 2631 3465 2687 creatur-125
3498 2631 3585 2687 in-

655 2709 884 2772 format
939 2727 1038 2767 eas
1077 2709 1400 2768 notionibus
1441 2711 1829 2768 communibus
1874 2711 1950 2768 ἐφ’
1991 2711 2088 2780 sin
2087 2711 2429 2784 ‹rulareQbus
2470 2719 2655 2786 supra
2694 2717 2971 2768 naturam
2984 2751 3001 2778 ,
3046 2709 3133 2765 ad
3156 2711 3345 2784 suem
3386 2721 3586 2798 super-

653 2791 1011 2866 naturalem,
1073 2791 1524 2868 supernaturali
1583 2791 1756 2848 ductu
1819 2792 2319 2850 transmutandus.
2382 2791 2721 2865 Antequam
2781 2792 2925 2848 vero
2966 2787 3043 2847 de
3082 2788 3200 2846 hac
3238 2788 3581 2848 definitione

654 2868 938 2946 dicimus,
990 2869 1277 2929 monendi
1317 2880 1452 2928 sunt
1491 2869 1746 2929 lectores
1785 2869 1864 2946 pij
1909 2887 2022 2928 nos
2063 2867 2159 2928 hic
2202 2870 2277 2928 de
2316 2870 2445 2946 lege
2487 2868 2687 2928 diuina
2728 2886 2903 2946 agere
2944 2869 3275 2928 secundum
3318 2871 3583 2928 substan-

653 2947 794 3008 tiam
827 2952 883 3009 δε
922 2965 1108 3026 genus
1149 2949 1359 3028 ipsius,
1403 2966 1527 3009 non
1569 2959 1766 3008 autem
1806 2949 2137 3009 secundum
2171 2950 2426 3009 sormam
2446 2960 2748 3009 externam
2768 2948 2976 3024 vllam,
3012 2967 3131 3022 qua
3150 2959 3253 3007 aut
3273 2950 3585 3008 enunciata

653 3038 744 3088 est
783 3037 1034 3089 sonante
1072 3029 1288 3107 verbo,
1331 3039 1432 3089 aut
1474 3048 1749 3106 expressa
1790 3028 2010 3107 scripto
2054 3027 2294 3119 legibili.
2336 3031 2491 3088 Nam
2532 3028 2821 3106 quidquid
2863 3026 3245 3087 enunciatum
3282 3039 3389 3088 aut
3408 3029 3583 3105 scrip-

654 3118 781 3168 tum
841 3119 930 3170 est
989 3108 1340 3170 auctoritate
1379 3109 1518 3186 Dei,
1561 3108 1624 3169 id
1667 3109 1909 3186 quidem
1951 3108 2098 3186 legis
2138 3107 2373 3169 diuinae
2414 3119 2528 3180 est,
2572 3110 2679 3169 sed
2719 3127 2843 3168 non
2882 3108 3169 3168 continuo
3212 3119 3402 3168 totam
3444 3110 3586 3186 legis

651 3189 1046 3249 substantiam
1086 3200 1188 3248 aut
1225 3191 1420 3268 legem
1463 3187 1726 3249 diuinam
1767 3189 1827 3248 in
1867 3208 2084 3266 genere
2124 3209 2195 3248 ac
2238 3189 2508 3249 vniuerse
2551 3189 2869 3265 complecti
2906 3186 3232 3248 dicendum
3256 3199 3367 3248 est.
3406 3190 3586 3248 Hanc

653 3287 796 3346 ergo
848 3266 1112 3328 diuinam
1165 3271 1359 3360 legem
1414 3272 1450 3328 a
1502 3271 1634 3347 lege
1683 3267 1782 3328 illa
1824 3281 2095 3345 aeterna,
2136 3269 2302 3330 cuius
2343 3279 2615 3329 naturam
2656 3267 3071 3360 descripsimus
3112 3272 3321 3358 supra,
3362 3268 3583 3327 idcirco

656 3347 1093 3427 distinguimuS,
1135 3347 1274 3426 quia
1312 3367 1436 3408 non
1478 3360 1565 3408 est
1606 3349 1813 3409 eadem
1857 3368 1997 3408 cum
2018 3358 2256 3408 aeterna
2279 3353 2441 3426 lege,
2471 3352 2575 3408 sed
2596 3347 2677 3408 illi
2698 3349 2967 3426 proxima
2988 3367 3060 3406 ac
3082 3347 3585 3408 coniunctissima.

655 3429 762 3487 Est
801 3427 1044 3504 quidem
1084 3439 1322 3488 aeterna
1361 3431 1484 3508 lex,
1525 3427 1728 3488 diuina
1766 3431 1886 3489 lex:
1931 3430 2114 3488 immo
2154 3427 2227 3504 (si
2268 3428 2398 3506 quis
2440 3431 2517 3489 ad
2560 3449 2687 3488 rem
2728 3428 2971 3506 propius
3010 3427 3358 3502 attenderit)
3400 3428 3583 3506 magis

654 3507 856 3567 diuina
915 3518 1033 3588 est,
1097 3511 1277 3585 quam
1337 3509 1486 3568 haec
1526 3507 1654 3586 ipsa
1695 3507 1772 3569 sit
1811 3526 1982 3600 quae·
2003 3513 2041 3568 a
2080 3508 2254 3570 nobis
2295 3509 2497 3570 diuina
2534 3511 2655 3569 hoc
2694 3511 2837 3570 loco
2880 3509 3227 3586 appellatur.
3290 3509 3449 3568 Nam
3488 3509 3582 3568 illa

655 3585 856 3648 diuina
890 3600 978 3648 est
1016 3553 1294 3648 omnibus
1338 3588 1562 3648 modis,
1606 3590 1756 3649 haec
1796 3589 2148 3680 principio,
2164 3591 2492 3650 secundum
2534 3589 2832 3667 quendam
2872 3590 3123 3648 modum
3164 3591 3363 3648 solum
3386 3587 3582 3648 diuina

657 3677 772 3728 est:
814 3667 914 3727 illa
955 3666 1281 3729 essentialis
1322 3679 1410 3729 est
1451 3667 1688 3729 diuinae
1725 3667 2075 3760 maiestatiS,
2118 3676 2306 3745 eoque
2332 3668 2905 3729 incommunicabilis
2922 3671 3093 3760 gnam
3114 3667 3261 3760 qui-d
3280 3669 3581 3729 essentiale

653 3747 884 3808 deitatis
925 3766 1060 3808 cum
1101 3750 1280 3809 rebus
1321 3749 1532 3808 creatis
1573 3747 2003 3808 communicari
2044 3749 2228 3826 possit
2246 3745 2290 3824 ἒ)
2333 3749 2481 3809 haec
2514 3749 3055 3809 communicatione
3077 3747 3335 3826 gratiosa
3354 3749 3583 3808 anobis

654 3827 1051 3905 participatur.
1095 3830 1214 3888 Sed
1255 3831 1449 3906 legem
1491 3827 1752 3888 diuinam
1793 3831 2070 3889 hocloco
2113 3829 2439 3889 secundum
2482 3829 2628 3906 quid
2670 3832 2759 3905 (vt
2796 3831 3123 3906 loquuntur
3142 3830 3351 3906 vulgo)
3392 3830 3585 3906 appel·

650 3909 865 3979 lamus,
911 3927 1030 3968 non
1074 3919 1272 3968 autem
1314 3907 1682 3986 simpliciter:
1727 3928 1846 3986 quo
1890 3907 2159 3986 simplice
2202 3910 2387 3969 modo
2429 3912 2525 3968 lex
2564 3921 2807 3969 aeterna
2847 3910 2947 3969 illa
2966 3909 3166 3968 diuina
3188 3921 3293 3968 est.
3335 3909 3583 3986 Agimus

650 3987 802 4046 enim
843 3988 940 4046 hic
983 3989 1058 4048 de
1101 3991 1232 4064 lege
1278 3988 1511 4066 diuina,
1555 4008 1678 4048 non
1710 3989 2084 4087 simpliciter,
2121 3989 2225 4048 sed
2250 4006 2387 4048 cum
2408 3989 2955 4068 circumscriptione
2974 3991 3069 4048 vel
3092 3987 3584 4050 determinatione

649 4068 904 4142 quadam
949 4067 1218 4144 proxime
1261 4069 1684 4146 praecedente,
1728 4073 1865 4128 cum
1909 4069 2163 4130 diximus
2203 4069 2399 4147 legem
2424 4086 2579 4146 quae
2599 4081 2843 4130 naturae
2867 4066 3137 4146 aduenit,
3175 4089 3308 4128 eam
3328 4068 3581 4144 adnasci,

650 4156 753 4205 aut
793 4146 1038 4207 infundi.
1081 4146 1314 4222 Quibus
1355 4167 1426 4207 ex
1468 4147 1664 4208 verbis
1707 4149 1852 4209 illud
1894 4150 2181 4240 eruimuS,
2224 4168 2347 4209 non
2386 4149 2485 4208 hic
2526 4149 2768 4210 demum
2808 4149 2905 4227 agi
2944 4151 3021 4209 de
3062 4148 3160 4208 illa
3194 4162 3436 4209 aeterna
3456 4151 3583 4227 lege

658 4225 860 4286 diuina
901 4227 1225 4305 essentiali,
1267 4227 1844 4306 incommunicabili,
1885 4228 2188 4307 principe,
2231 4229 2431 4307 regula
2472 4231 2841 4306 regularum,
2880 4232 2935 4290 &
2955 4247 3261 4306 nunquam
3276 4248 3389 4320 per
3408 4229 3573 4288 aliam

661 4311 748 4380 (vt
797 4310 932 4365 ante
987 4307 1264 4382 diximus)
1317 4311 1608 4388 regulata3
1661 4310 1766 4368 sed
1821 4311 1898 4369 de
1947 4330 2026 4414 ez)
2068 4309 2305 4388 proprie
2347 4308 2547 4370 diuina
2588 4311 2719 4386 lege
2760 4327 3093 4370 sermonem
3136 4309 3390 4387 suscipi,
3431 4327 3576 4386 quae

3344 4401 3575 4450 naturae
