3923 4875
536 342 609 400 ⁷0
1491 338 1593 380 Du
1651 335 1875 378 VERA
1932 334 2471 379 THEOLOGIA.

528 502 745 582 agitur,
806 498 916 560 tria
968 498 1224 576 expendi
1288 509 1717 576 praeceperunt
1770 497 2046 572 δύναμιν,
2086 495 2148 575 ἔρ
2184 519 2280 574 ον,
2325 499 2422 553 καὶ
2464 499 2652 562 πάθος
2669 540 2686 575 ,
2726 497 3054 573 potentiam
3071 544 3088 577 ,
3127 498 3423 560 actionem
3440 545 3458 578 ,

529 579 1087 662 perpessionemque
1146 577 1422 656 ipsarum.
1490 582 1583 640 De
1625 575 1891 656 potentia
1930 574 2108 653 igitur
2193 575 2322 636 uius
2361 572 2728 654 Theologiae
2769 576 3046 638 dicuntur
3089 577 3229 639 ista:
3289 582 3464 639 Haec

537 664 859 738 leeologt'a
920 659 1074 718 nihil
1130 661 1360 718 omnino
1410 661 1497 718 ad
1536 659 1949 750 perfectzbnem
1983 663 2176 732 potest
2203 657 2545 733 perducere.
2598 674 2712 716 nec
2753 656 2967 717 mirum
2983 703 3002 736 ,
3042 659 3181 718 cum
3219 659 3348 736 ipsa
3383 659 3461 718 ad

529 739 955 821 perfectionem
993 738 1192 798 venire
1230 757 1355 798 non
1397 750 1615 817 possit,
1656 738 1805 799 alios
1844 737 2154 812 quomodo
2191 734 2482 812 prouehat
2515 735 2594 794 ad
2627 735 3056 814 perfectionem
3075 735 3326 800 iustam?
3364 740 3458 800 De

530 841 711 902 opere
762 819 886 880 siue
926 818 1187 896 actione,
1229 817 1481 878 dicimus
1519 821 1677 880 hanc
1717 837 1831 878 non
1858 817 2182 892 perducere
2221 832 2482 892 vnquam
2523 814 2600 874 ad
2640 816 3066 894 perfectionem
3109 816 3458 896 quicquam:

530 921 683 981 quae
722 921 817 962 res
856 899 1017 976 apud
1057 917 1266 958 omnes
1306 897 1533 959 ratione
1572 898 1912 972 iudicioque
1953 894 2256 973 praeditos
2300 907 2464 955 extra
2503 896 2972 956 controuersiam
3005 915 3245 959 omnem
3266 901 3460 958 futura

529 993 647 1060 est3
710 977 1052 1060 praesertim
1113 979 1161 1039 si
1220 977 1611 1056 cogitauerint
1660 999 1734 1038 ex
1774 991 1953 1038 causa
2005 973 2382 1052 imperfecta,
2437 973 2713 1052 adeoque
2753 976 3291 1057 imperfectissima,
3335 997 3457 1038 non

527 1081 704 1140 posse
758 1061 1001 1122 effectus
1054 1058 1202 1118 alios
1254 1076 1433 1135 quam
1476 1059 1851 1136 imperfectos
1892 1055 2197 1114 exsistere:
2241 1053 2506 1130 alioquin
2545 1053 2707 1115 enim
2749 1058 2940 1133 (quod
2982 1068 3072 1118 est
3111 1057 3456 1119 absurdissi-

526 1144 715 1216 mum)
757 1141 1049 1219 perfectos
1090 1140 1313 1197 fructus
1354 1140 1535 1200 arbor
1572 1138 1919 1214 imperfecta
1960 1137 2223 1212 proferre
2261 1134 2576 1194 diceretur.
2617 1135 2854 1196 Tertius
2877 1141 3019 1197 vero
3038 1140 3240 1217 locus,
3276 1154 3454 1215 quem

529 1224 605 1283 de
646 1219 897 1282 naturali
936 1220 1050 1279 hac
1089 1217 1421 1295 Theologia
1459 1220 1848 1292 affirmamuS,
1890 1215 2136 1273 fortasse
2179 1213 2477 1274 nonnullis
2518 1213 2758 1291 grauior
2797 1218 2852 1276 δε
2893 1215 3191 1278 difficilior
3231 1218 3456 1278 creditu

530 1322 658 1363 esse
691 1299 1019 1374 videbitur,
1050 1297 1153 1374 qui
1184 1316 1306 1357 non
1343 1310 1589 1374 possunt
1619 1300 1799 1375 ferre,
1833 1303 1894 1352 vt
1914 1305 2159 1354 naturae
2181 1303 2416 1354 nostrae
2437 1295 2798 1372 derogentur
2817 1295 3045 1371 omnia,
3077 1299 3132 1356 ὅτ
3162 1296 3454 1376 gloriosae

530 1381 646 1442 Dei
684 1379 909 1458 gratiae
948 1389 1314 1454 arrogentur.
1353 1376 1605 1436 dicimus
1643 1376 1801 1436 enim
1836 1377 2162 1433 naturalem
2183 1375 2338 1434 hanc
2358 1373 2752 1452 Theologiam
2776 1385 2897 1452 per
2935 1379 3181 1454 seipsam
3219 1397 3291 1436 ne
3319 1387 3454 1455 per-

522 1463 797 1538 fectionis
834 1460 1057 1536 quidem
1101 1459 1213 1516 sibi
1244 1458 1696 1534 superuenientis
1717 1458 1756 1513 ὰ
1769 1456 1982 1531 gratia
1995 1500 2013 1532 ,
2055 1463 2318 1530 capacem
2341 1473 2462 1513 esse
2475 1473 2498 1511 .·
2539 1455 2611 1514 Id
2633 1465 2722 1514 est
2739 1500 2757 1533 ,
2795 1457 3017 1516 nullam
3038 1475 3143 1534 per
3163 1476 3225 1517 se
3245 1467 3455 1518 natura

534 1555 636 1602 aut
674 1541 887 1600 virtute
925 1555 1031 1598 sua
1068 1535 1477 1614 affectionem,
1514 1548 1614 1596 aut
1653 1536 2001 1596 relationem
2043 1533 2374 1594 ordinatam
2390 1579 2408 1610 ,
2450 1545 2552 1593 aut
2592 1533 3045 1612 dispositionem
3085 1539 3173 1613 (vt
3211 1539 3453 1610 vocant)

536 1623 782 1694 habere,
828 1637 947 1695 qua
986 1616 1266 1693 suscipiat
1300 1617 1459 1675 illam
1501 1614 1955 1694 perfectionem,
1997 1631 2150 1690 quae
2191 1613 2634 1690 superfunditur
2674 1615 2922 1676 coelesti
2953 1615 3158 1686 gratia.
3199 1615 3456 1677 Proinde

538 1711 600 1761 vt
660 1699 895 1777 quiduis
954 1696 1015 1756 in
1074 1707 1282 1756 natura
1340 1697 1395 1754 &
1454 1698 1490 1754 a
1552 1706 1761 1756 natura
1805 1691 2086 1770 suscipiat
2137 1694 2465 1753 secundum
2506 1712 2692 1771 genus
2733 1693 2878 1756 illud
2918 1696 3248 1774 potentiae,
3289 1697 3455 1774 quod

535 1779 834 1858 passiuum
896 1785 1141 1853 vocant,
1183 1795 1256 1834 ex
1296 1774 1598 1836 habilitate
1636 1777 1691 1834 &
1734 1772 2122 1853 dispositione
2159 1783 2402 1833 naturae
2445 1785 2708 1834 nostrae:
2755 1785 2954 1835 tamen
2995 1775 3043 1835 si
3082 1777 3160 1836 ad
3201 1778 3456 1836 fructum

534 1859 1095 1937 perceptionemque
1135 1853 1456 1932 respexeris
1497 1853 1843 1916 coelestium
1884 1853 2120 1914 illorum
2161 1851 2668 1934 spiritualiumque
2711 1855 3006 1916 donorum
3023 1901 3040 1934 ,
3090 1874 3242 1933 quae
3291 1857 3456 1916 Deus

534 1937 893 2000 reuelatione
939 1934 1218 2012 singulari
1257 1953 1394 1995 cum
1435 1933 1777 1996 hominibus
1818 1933 2253 2011 communicat,
2293 1933 2433 1993 huic
2473 1933 2842 2010 Theologiae
2883 1937 3045 1995 nulla
3077 1947 3165 1996 est
3182 1934 3452 2013 potentia

532 2018 766 2095 passiua
822 2037 930 2096 per
986 2035 1076 2106 se,
1138 2015 1299 2073 nulla
1357 2015 1717 2092 susceptiua,
1778 2015 1939 2074 nulla
2000 2012 2414 2074 obedientialis
2474 2016 2564 2089 (vt
2623 2024 2843 2074 vocant
2881 2015 3255 2090 Scholastici)
3293 2015 3456 2075 nulla

535 2099 789 2176 denique
852 2093 1159 2173 dispositio
1172 2140 1191 2166 ,
1253 2112 1373 2170 qua
1420 2094 1699 2155 naturalis
1739 2092 2076 2170 Theologia
2115 2091 2541 2170 supernaturali
2582 2094 3003 2156 communicet.
3063 2097 3172 2156 Est
3211 2093 3452 2172 quidem

535 2195 851 2239 commune
916 2175 1149 2252 vtrique
1191 2173 1549 2249 subiectum,
1591 2175 1749 2235 circa
1792 2173 1957 2251 quod
1997 2183 2286 2233 versatur:
2331 2175 2450 2233 Sed
2490 2183 2738 2251 Vtraque
2778 2175 2928 2234 haec
2967 2175 3265 2252 Sapientia
3304 2174 3456 2234 inter

536 2278 597 2320 se
639 2257 913 2318 differunt
950 2260 1038 2332 (vt
1080 2253 1160 2314 ita
1200 2256 1537 2332 loquamur)
1578 2255 1865 2315 totalitate
1908 2263 2151 2313 naturae
2191 2268 2350 2314 suae.
2389 2254 2600 2329 Neque
2640 2253 2798 2314 enim
2841 2254 3116 2316 scientias
3158 2255 3297 2315 facit
3314 2273 3456 2314 con-

534 2357 779 2417 generes
832 2333 1083 2398 subiecti
1120 2333 1383 2394 eiusdem
1426 2332 1917 2410 communicatiO,
1958 2333 2064 2394 sed
2105 2333 2320 2393 modus
2359 2331 2656 2410 ipsarum:
2700 2335 3210 2412 quemadmodum
3249 2334 3312 2395 in
3351 2351 3453 2394 nu·

534 2419 703 2481 meris
735 2417 1129 2481 communiter
1164 2425 1529 2494 occupantur
1561 2414 1827 2476 Musicus
1861 2417 1915 2474 &
1951 2411 2402 2489 ArithmeticuS,
2443 2412 2552 2473 sed
2583 2412 2950 2476 tractationis
2977 2416 3147 2492 mo(f.
3175 2414 3456 2495 1396.)do

532 2500 685 2560 inter
743 2520 805 2561 se
865 2498 1159 2559 differunt.
1220 2497 1669 2557 Demonstratur
1723 2493 1880 2556 istud
1933 2496 2026 2554 vel
2075 2512 2196 2554 vno
2239 2492 2699 2569 comparationis
2739 2494 2889 2555 inter
2927 2496 3078 2557 haec
3115 2495 3244 2573 ipsa
3283 2512 3453 2575 argu-

534 2591 763 2649 mento:
827 2582 1049 2641 Natura
1108 2574 1269 2637 enim
1320 2594 1443 2635 non
1504 2575 1617 2635 nisi
1672 2594 1745 2635 ex
1798 2573 2043 2635 materia
2082 2572 2243 2651 prius
2285 2572 2571 2634 existente
2610 2573 3062 2651 dispositionem
3101 2575 3292 2653 elicit,
3332 2574 3454 2653 Spi-

532 2659 676 2721 ritus
714 2672 911 2721 autem
950 2658 1067 2719 Dei
1102 2654 1303 2719 omnia
1340 2654 1403 2715 in
1444 2654 1725 2716 omnibus
1764 2664 2060 2732 operatur.
2120 2657 2330 2730 Itaque
2348 2654 2426 2713 ad
2449 2653 2846 2732 Theologiam
2867 2656 3224 2735 naturalem,
3247 2666 3456 2716 natura

531 2744 587 2802 δι
646 2739 1007 2803 intellectum
1066 2734 1339 2809 adhibet,
1402 2737 1457 2794 &
1496 2734 1925 2813 principiorum
1967 2733 2191 2794 semina
2231 2734 2308 2793 ad
2347 2732 2800 2811 dispositionem
2841 2734 2992 2794 illius
3030 2745 3312 2815 occupat:
3356 2734 3454 2795 Ad

530 2820 689 2881 illam
731 2828 874 2885 vero
917 2817 1448 2898 supernaturalem,
1489 2816 1737 2895 Spiritus
1778 2814 1893 2875 Dei
1935 2830 2144 2875 omnes
2175 2824 2378 2891 ‘partes
2419 2814 2530 2874 sibi
2572 2814 2820 2875 omnino
2861 2813 3152 2895 vindicat,
3191 2827 3255 2877 vt
3293 2811 3472 2889 omni,

532 2900 657 2961 iure
695 2898 1147 2981 supernaturalis
1186 2896 1535 2972 appelletur.

1725 3268 2071 3327 CAPVT
2131 3270 2258 3328 XI.

1504 3450 1605 3510 De
1659 3447 1972 3525 Theologia
2017 3452 2480 3529 supernaturali.

615 3613 925 3671 Exposrm
992 3612 1331 3673 infirmitate
1391 3616 1562 3675 huius
1626 3627 1871 3679 naturae
1921 3629 2192 3697 nostrae,
2248 3637 2321 3678 ex
2361 3634 2480 3694 qua
2516 3616 2883 3693 Theologiae
2921 3614 3201 3674 naturalis
3241 3614 3458 3675 modus

533 3696 697 3752 certo
758 3691 1123 3770 deprehendi
1176 3702 1405 3773 potest,
1465 3697 1643 3755 Nunc
1682 3698 1855 3759 nobis
1895 3698 2222 3759 videndum
2263 3708 2383 3775 est,
2427 3696 2572 3775 quid
2613 3694 2689 3755 sit
2727 3697 2893 3771 quod
2933 3705 3144 3754 natura
3183 3704 3456 3771 appetat,

533 3773 589 3829 δι
631 3772 788 3832 vnde
828 3774 1045 3834 modus
1084 3774 1486 3849 assequendae
1530 3776 1614 3837 rei
1654 3776 1811 3857 eius,
1854 3796 2032 3855 quam
2075 3772 2325 3856 appetit,
2365 3775 2555 3857 possit
2573 3774 2937 3854 contingere.
2977 3776 3265 3834 Naturam
3284 3772 3460 3851 igitur

530 3861 829 3941 nostram,
892 3854 1015 3914 siue
1078 3870 1463 3914 communem
1523 3866 1787 3936 specteS,
1842 3862 1961 3934 qua
2015 3876 2224 3919 omnes
2266 3859 2492 3919 bonum
2535 3864 2826 3933 appetunt
2865 3852 3290 3931 communiter,
3333 3852 3460 3914 siue

528 3940 707 3990 etiam
752 3931 1109 4010 singularem
1124 3978 1141 4009 ,
1192 3951 1311 4010 qua
1364 3932 1577 4012 singuli
1616 3936 1695 3997 ad
1732 3938 1852 3999 hoc
1890 3949 1992 3999 aut
2030 3937 2175 3997 illud
2215 3936 2613 4015 appetendum
2651 3954 2764 4015 pro
2804 3933 3150 3995 conditione
3190 3931 3458 4009 ipsorum

524 4011 909 4072 traducuntur
925 4058 942 4091 ,
1004 4012 1273 4074 videmus
1325 4018 1399 4075 eo
1453 4034 1688 4094 semper
1739 4017 1875 4077 ferri
1892 4064 1909 4095 ,
1961 4028 2022 4077 vt
2062 4018 2226 4077 bona
2264 4034 2370 4077 sua
2408 4026 2784 4093 assequatur,
2825 4018 2880 4075 &
2922 4012 3106 4091 fugiat
3143 4012 3459 4073 contraria.

525 4092 723 4165 Atque
786 4092 907 4153 hoc
968 4101 1214 4153 naturae
1275 4094 1534 4155 studium
1585 4106 1895 4189 tantopere
1948 4098 2012 4157 in
2064 4099 2243 4157 rebus
2296 4091 2477 4157 etiam
2528 4094 2838 4157 leuissimis
2876 4093 3132 4155 emicare
3169 4094 3356 4170 solet,
3395 4104 3461 4153 vt

531 4187 713 4229 nemo
776 4174 872 4260 yel
933 4171 1403 4250 imperitissimus
1454 4194 1579 4235 non
1630 4188 1872 4255 sentiat,
1921 4188 2132 4237 natura
2181 4176 2334 4237 duce
2389 4179 2612 4237 bonum
2653 4173 3055 4255 appetendum
3095 4192 3243 4234 esse.
3305 4174 3460 4234 Cum

536 4259 733 4309 autem
774 4268 835 4307 1n
877 4253 1051 4311 rebus
1094 4252 1372 4313 omnibus
1414 4254 1560 4315 nihil
1604 4266 1800 4318 tantae
1842 4256 2204 4318 necessitatis
2221 4302 2238 4334 ,
2279 4256 2568 4334 Vtilitatis,
2589 4257 3004 4335 dignitatisque
3023 4272 3153 4313 esse
3173 4252 3461 4331 videatur,

540 4332 720 4407 quam
762 4340 823 4389 vt
862 4332 1047 4391 homo
1088 4330 1149 4390 in
1188 4333 1301 4391 hac
1342 4333 1721 4396 vniuersitate
1765 4356 1961 4397 rerum
2005 4336 2278 4415 princeps
2320 4336 2706 4415 constitutus,
2747 4337 2825 4396 ad
2865 4336 3091 4395 bonum
3125 4351 3296 4394 suum
3329 4351 3460 4392 eue-

3247 4415 3454 4491 hatur,
