3923 4875
594 349 713 424 308
1516 359 1841 404 ‘russas
1903 358 2567 404 rutotoorcas.

592 521 837 602 quidem
887 531 977 582 est
1032 519 1145 580 Dei
1197 517 1411 582 veritas
1464 519 1885 581 immutabilis:
1948 531 2192 582 externa
2236 525 2376 584 vero
2397 567 2416 600 .,
2477 519 2767 598 scriptura
2803 539 2978 582 sacra
2993 565 3010 598 ,
3069 519 3334 582 internae
3373 519 3528 582 illius

590 607 823 665 formae
862 602 1203 678 symbolum
1245 598 1687 678 integerrimum
1728 601 1783 659 &
1827 598 2353 662 absolutissimum.

676 698 733 762 5.
814 681 951 742 Fuit
1002 679 1246 758 quidem
1300 680 1513 741 Canon
1564 681 1781 758 triplex
1832 679 1893 740 in
1948 679 2218 740 Ecclesia
2257 680 2336 742 ad
2375 681 2496 742 hoc
2537 699 2726 760 usque
2763 691 3035 758 tempus:
3098 697 3250 740 unus
3291 681 3528 742 diuinus

592 762 833 842 proprie
875 764 930 822 &
970 779 1138 822 sacer
1176 760 1544 838 appellatus:
1605 761 1755 820 alter
1808 759 2264 821 Ecclesiasticus
2280 805 2298 838 ,
2339 760 2444 838 qui
2493 760 2638 821 item
2679 759 2918 822 diuinus
2957 760 3013 820 ὅτ
3055 779 3224 823 sacer
3263 762 3528 839 quadam

592 841 885 906 abusione
924 839 1156 904 dictus:
1198 839 1405 902 tertius
1442 841 1642 902 falsus.
1702 840 1823 900 Sed
1862 858 1977 900 nos
2020 840 2097 901 de
2139 840 2380 918 proprie
2418 840 2626 902 diuino
2667 840 3024 902 instituimus
3065 839 3284 904 dicere.

672 925 731 984 6.
814 923 1081 982 Drvmus
1124 939 1322 981 canon
1369 939 1433 981 re
1476 921 1533 981 &
1576 919 1805 981 ratione
1846 937 1998 980 vnus
2039 931 2158 998 est,
2219 919 2280 979 id
2323 929 2412 982 est
2432 966 2448 999 ,
2509 931 2860 1000 argumento
2914 921 2971 980 &
3011 921 3337 982 substantia
3379 939 3523 982 sua:

592 1022 665 1065 ac
706 999 959 1081 proinde
1004 999 1152 1061 nihil
1190 999 1251 1060 in
1292 1019 1366 1061 eo
1408 997 1582 1078 addi,
1624 998 1883 1079 detrahi,
1920 1009 2024 1060 aut
2063 1000 2276 1062 mutari
2315 1011 2531 1092 potest.

671 1099 728 1160 7.
808 1081 1031 1142 Modus
1084 1084 1229 1142 vero
1279 1079 1431 1140 illius
1480 1078 1905 1156 sapientissime
1951 1080 2033 1140 ad
2085 1081 2514 1142 institutionem
2575 1079 3182 1157 commoditatemque
3225 1081 3526 1144 Ecclesiae

590 1162 874 1224 variauit:
914 1177 1076 1222 nunc
1116 1169 1461 1238 perpetuam
1499 1159 1910 1222 auctoritatem
1949 1159 2272 1238 scripturae
2305 1179 2504 1222 canon
2543 1159 2692 1222 citra
2728 1158 3116 1222 mutationem
3151 1159 3404 1221 obtinet.

674 1247 731 1303 8.
812 1241 1073 1302 Primum
1104 1239 1263 1301 enim
1300 1237 1442 1318 varij
1478 1250 1615 1300 sunt
1650 1239 1958 1302 doctrinae
1993 1240 2334 1302 Canonicae
2365 1241 2516 1319 loci,
2549 1241 2900 1318 auctoritas,
2933 1241 3082 1302 ratio
3097 1287 3114 1317 ,
3145 1243 3200 1302 31
3237 1242 3514 1318 exempla

595 1321 914 1384 historica:
958 1337 1111 1397 quae
1150 1319 1263 1381 tria
1302 1319 1643 1382 hominibus
1674 1319 1964 1382 docendis
2005 1320 2062 1379 ὅτ
2101 1320 2492 1382 informandis
2533 1321 2815 1382 seruiunt.

672 1423 730 1480 9.
813 1401 1093 1463 Secundo
1109 1446 1126 1477 ,
1166 1398 1330 1460 varia
1363 1399 1673 1460 doctrinae
1712 1401 1942 1462 forma:
1985 1399 2232 1478 simplex
2249 1445 2268 1478 ,
2306 1401 2541 1492 typica,
2581 1399 2924 1478 allegorica.

677 1503 769 1542 10.
850 1479 1087 1559 Tertio,
1150 1479 1423 1541 tradendi
1464 1479 1715 1540 modus:
1758 1499 1897 1541 nam
1938 1479 2052 1540 alia
2090 1481 2254 1542 Deus
2295 1481 2635 1542 immediate
2676 1481 2804 1558 ipse
2843 1480 3220 1559 consignauit
3263 1478 3490 1557 scripto
3507 1525 3526 1556 ,

597 1574 743 1641 puta
784 1562 1189 1639 Decalogum:
1231 1558 1347 1619 alia
1388 1558 1647 1620 mediate
1686 1578 1793 1638 per
1833 1577 2038 1621 seruos
2079 1577 2218 1622 suos
2258 1561 2534 1639 publicos
2577 1563 2632 1621 &
2673 1559 2936 1622 notarios
2977 1560 3282 1639 Ecclesiae
3321 1560 3517 1622 datos.

684 1661 772 1702 11.
854 1643 1055 1718 Atqu-.-
1084 1641 1197 1702 hae
1228 1638 1475 1718 quidem
1508 1639 1819 1702 varietates
1848 1639 2180 1702 secundum
2215 1652 2410 1718 partes
2443 1640 2772 1718 scripturae
2803 1659 3006 1702 sacrae
3023 1686 3042 1718 ,
3083 1639 3145 1701 id
3177 1650 3298 1716 est,
3340 1639 3530 1701 libros

598 1725 653 1783 &
695 1732 895 1800 partes
936 1721 1228 1780 librorum
1272 1720 1428 1790 eius,
1472 1719 1643 1780 facile
1682 1719 1743 1781 in
1782 1739 1855 1780 ea
1895 1721 2305 1781 obseruantur.

688 1823 707 1861 1
724 1823 777 1862 2.
860 1801 1017 1860 Nam
1072 1799 1182 1860 etsi
1236 1817 1447 1860 omnes
1488 1798 1796 1860 doctrinae
1834 1798 1958 1860 loci
1995 1801 2056 1860 in
2097 1801 2392 1879 plerisque
2433 1809 2699 1862 exstant:
2761 1799 2822 1862 in
2862 1803 2994 1878 lege
3033 1811 3235 1860 tamen
3277 1797 3528 1860 auctori-

598 1883 733 1944 tatis
750 1926 769 1960 ,
810 1881 871 1942 in
894 1879 1224 1958 prouerbiis
1243 1877 1519 1960 rationis,
1560 1878 1621 1943 in
1642 1879 1899 1942 historiis
1920 1879 2176 1958 denique
2194 1882 2604 1959 exemplorum
2625 1880 2990 1943 documenta
3007 1881 3233 1959 fulgent
3253 1881 3323 1956 (s.
3347 1881 3526 1956 1768)

596 1959 1087 2022 luculentissima.

689 2060 781 2118 13.
865 2039 1207 2117 Simplicem
1240 2056 1483 2117 quoque
1516 2037 1824 2102 doctrinae
1858 2041 2114 2100 formam
2149 2041 2450 2118 Vtriusque
2479 2038 2844 2100 Testamenti
2875 2039 3192 2102 historiae:
3233 2037 3526 2118 typicam,

606 2139 744 2202 pars
788 2119 971 2198 legis:
1014 2117 1397 2197 allegoricam
1436 2120 1768 2197 Prophetae
1804 2139 1929 2180 non
1973 2124 2108 2182 raro
2147 2122 2558 2182 obseruarunt.

694 2221 788 2274 14.
868 2199 1089 2260 Modus
1126 2209 1330 2260 autem
1366 2197 1428 2258 in
1466 2200 1763 2260 tradendo
1804 2198 2123 2276 scripturae
2163 2219 2396 2262 canone
2437 2199 2766 2262 secundum
2807 2208 3082 2276 tempora
3115 2197 3422 2260 Ecclesiae
3463 2201 3518 2258 &

606 2299 895 2360 personas
945 2278 1231 2340 variauit:
1292 2278 1563 2356 quamuis
1618 2278 1909 2358 principio
1960 2281 2275 2359 formaque
2315 2279 2544 2341 interna
2583 2278 2828 2340 canonis
2851 2325 2868 2358 ,
2911 2279 2973 2338 id
3013 2289 3102 2341 est
3121 2325 3140 2356 ,
3181 2279 3370 2339 verbo
3413 2277 3526 2339 Dei

606 2359 963 2422 immutabili
1002 2370 1404 2439 permanente.

693 2448 821 2519 15.‘
866 2443 963 2502 Ac
998 2440 1254 2519 primum
1295 2437 1541 2517 quidem
1580 2442 1699 2501 hoc
1740 2440 2097 2519 principium
2139 2441 2386 2503 canonis
2423 2437 2760 2502 viuentibus
2801 2437 2962 2501 libris
2997 2437 3346 2517 inscriptum
3377 2448 3532 2514 erat,

604 2532 927 2599 antequam
966 2520 1255 2599 scriptura
1293 2520 1567 2581 existeret
1581 2566 1597 2596 ,
1638 2520 1701 2581 id
1734 2532 1823 2583 est
1838 2567 1855 2600 ‚
1894 2520 1957 2581 in
1991 2531 2334 2581 sanctorum
2371 2519 2840 2582 Patriarcharum
2877 2518 3191 2581 mentibus.
3253 2517 3340 2579 Hi
3372 2517 3531 2579 enim

600 2612 883 2678 tanquam
914 2599 1049 2661 libri
1082 2599 1345 2662 diuturni
1375 2600 1439 2659 in
1469 2600 1737 2661 Ecclesia
1769 2602 2182 2677 versabantur,
2226 2605 2281 2663 &
2309 2622 2416 2681 per
2449 2600 2676 2680 aliquot
2709 2602 2908 2661 secula
2938 2598 3324 2661 instituebant
3355 2615 3526 2659 suos:

598 2701 671 2743 ae
712 2693 1029 2759 propterea
1066 2680 1532 2759 longaeuitatem
1574 2680 1657 2741 eis
1700 2680 2074 2759 prouidentia
2115 2678 2222 2741 sua
2260 2681 2524 2742 attribuit
2564 2682 2745 2741 DeuS.

686 2763 774 2821 16.
858 2762 1251 2838 Posteaquam
1307 2764 1448 2821 vero
1505 2760 1803 2821 Israelitae
1841 2763 2070 2821 faecem
2113 2761 2361 2839 AEgypti
2401 2762 2723 2822 hauserunt
2770 2758 3030 2821 veritatis
3073 2758 3309 2819 diuinae
3353 2759 3530 2819 loco:

597 2850 725 2901 tum
768 2840 1091 2917 scripturae
1123 2839 1580 2901 instrumentum
1598 2886 1617 2915 ,
1658 2841 1819 2902 velut
1852 2841 2096 2901 canonis
2133 2840 2388 2901 indicem
2405 2887 2424 2921 ‚
2464 2841 2542 2901 ad
2577 2840 2956 2901 asserendam
2989 2837 3296 2899 veritatem
3331 2856 3499 2899 suam
3514 2882 3532 2916 ‚

597 2918 769 2999 quasi
807 2931 1085 2981 externae
1126 2922 1355 2979 formae
1398 2919 1823 2981 constitutione
1864 2920 2127 2999 quadam
2165 2921 2437 2983 adhibuit
2477 2924 2532 2982 δι
2571 2919 2961 2983 sanctificauit
3000 2921 3187 2979 Deus,

690 3017 781 3075 ¹7·
864 3002 1039 3061 Haec
1079 2999 1277 3077 itaque
1316 3000 1606 3078 scriptura
1644 2999 1933 3061 canonica
1975 3019 2098 3060 non
2135 3019 2210 3061 eo
2255 3002 2449 3062 solum
2491 3011 2578 3061 est
2620 2999 2954 3077 diciturque
2995 2998 3322 3079 canonica,
3362 2996 3532 3075 quod

597 3081 791 3140 forma
822 3092 1065 3141 externa
1096 3086 1490 3157 expressaque
1524 3090 1611 3140 est
1646 3080 1966 3159 canonica,
2007 3080 2330 3142 essentialis
2345 3127 2361 3158 ,
2403 3081 2464 3141 id
2499 3090 2614 3157 est,
2657 3078 2853 3140 verbis
2889 3078 3185 3139 veritatis:
3225 3080 3330 3139 sed
3351 3077 3530 3139 etiam

594 3178 669 3221 eo
711 3160 878 3237 quod
916 3162 955 3219 a
996 3162 1129 3220 Deo
1168 3159 1418 3237 tradita,
1458 3158 1779 3251 imperata,
1820 3163 1876 3221 &
1918 3159 2284 3221 sanctificata
2321 3172 2444 3239 est,
2497 3170 2559 3220 vt
2600 3159 2673 3219 sit
2713 3160 2886 3221 nobis
2924 3160 2986 3219 in
3009 3158 3281 3219 Ecclesia
3301 3177 3524 3218 canon.

688 3243 779 3301 18.
861 3241 955 3300 Ac
1018 3238 1272 3317 proinde
1326 3257 1597 3318 quamvis
1657 3240 1901 3318 aliquod
1965 3240 2249 3318 scriptum
2308 3240 2471 3301 aliud
2522 3240 2788 3317 daretur,
2849 3251 2950 3301 aut
2988 3240 3052 3300 in
3097 3241 3217 3300 hoc
3257 3249 3528 3317 tempore

598 3320 901 3397 existeret,
963 3336 1101 3380 cum
1161 3338 1306 3380 vero
1369 3338 1598 3381 canone
1658 3319 1825 3380 omni
1883 3339 1958 3381 ex
2019 3331 2184 3398 parte
2247 3320 2566 3401 ἇνοίλογονε
2625 3318 2690 3379 id
2732 3330 2933 3380 tamen
2974 3320 3136 3379 nulla
3173 3318 3529 3380 auctoritate

600 3400 863 3460 humana
903 3418 1101 3460 canon
1142 3409 1246 3460 aut
1288 3399 1661 3481 canonicum
1702 3399 1891 3477 effici,
1930 3411 2032 3460 aut
2075 3420 2236 3480 esse,
2279 3410 2381 3459 aut
2420 3399 2542 3460 dici
2582 3410 2802 3477 posset.

690 3498 779 3571 ¹9·
860 3480 1059 3539 Hvrvs
1100 3478 1347 3539 canonis
1388 3490 1583 3558 partes
1622 3480 1951 3541 secundum
1992 3480 2092 3540 illa
2129 3481 2254 3541 duo
2284 3479 2587 3541 Ecclesiae
2620 3490 2924 3557 tempora,
2965 3478 3180 3540 veteris
3213 3479 3270 3538 &
3307 3496 3536 3555 nouae,

604 3559 664 3620 in
705 3559 889 3621 libros
930 3558 1301 3621 Testamenti
1337 3558 1551 3619 veteris
1590 3561 1647 3620 &
1686 3558 1829 3620 noui
1862 3558 2296 3639 distinguimus.

682 3658 775 3701 20.
857 3641 1047 3701 Vetus
1088 3657 1284 3700 canon
1328 3649 1447 3715 est,
1492 3656 1674 3717 quem
1714 3640 1908 3718 prisca
1947 3640 2308 3701 Iudaeorum
2351 3638 2620 3699 Ecclesia
2663 3638 2949 3700 diuinitus
2991 3648 3308 3715 acceptum
3348 3636 3534 3716 impe-

600 3729 912 3797 ratumque
952 3718 1243 3796 seruauit,
1284 3720 1502 3800 coluit,
1544 3721 1601 3779 &
1640 3720 1891 3797 posteris
1943 3738 2050 3797 per
2093 3738 2302 3781 manus
2344 3719 2587 3780 tradidit
2629 3720 2959 3781 secundum
3001 3720 3236 3779 Deum:
3295 3719 3538 3797 Nouus,

598 3816 779 3876 quem
818 3798 1153 3861 Christiana
1192 3799 1466 3859 Ecclesia
1504 3798 1757 3877 amplius
1801 3800 2009 3861 habuit
2049 3799 2190 3861 inde
2229 3804 2266 3861 a
2299 3797 2518 3860 Christi
2552 3802 3111 3877 Apostolorumque
3143 3796 3536 3875 temporibus.

682 3898 774 3941 21.
854 3882 929 3939 IN
969 3890 1167 3939 vetere
1208 3894 1443 3939 canone
1482 3879 1701 3957 duplex
1743 3891 1829 3940 est
1868 3880 2194 3959 scripturae
2233 3895 2450 3959 genus,
2492 3889 2556 3939 vt
2595 3889 2734 3941 ante
2775 3878 3069 3940 diximus:
3115 3896 3328 3957 vnum,
3369 3878 3536 3955 quod

597 3959 763 4019 Deus
804 3957 931 4037 ipse
966 3957 1307 4021 immediate
1347 3958 1640 4031 exarauit,
1684 3971 1826 4037 puta
1856 3961 2224 4037 Decalogus:
2247 3962 2530 4036 alterum,
2551 3960 2721 4037 quod
2743 3959 3000 4021 mediate
3020 3977 3126 4038 per
3149 3976 3354 4019 seruos
3376 3976 3540 4019 suos.

686 4059 779 4099 22.
862 4041 1041 4099 Hanc
1081 4043 1252 4116 vero,
1294 4050 1357 4098 vt
1399 4050 1553 4099 esset
1601 4040 1905 4101 Ecclesiae
1944 4058 2176 4117 canon,
2217 4040 2602 4101 sanctificauit
2623 4042 2790 4099 Deus
2811 4039 3028 4118 partim
3049 4036 3386 4116 communi,
3407 4058 3539 4115 par-

600 4117 823 4196 timque
862 4118 1143 4197 singulari
1184 4120 1400 4179 modo:
1444 4136 1597 4196 quos
1638 4121 1854 4181 modos
1892 4121 1971 4180 ad
2013 4120 2504 4181 commoditatem
2553 4119 2762 4199 ὕςορω·
2795 4126 3075 4201 πρότερον
3095 4135 3535 4201 persequemur.

690 4218 781 4276 23.
866 4199 1185 4278 Singularis
1226 4198 1441 4259 modus
1480 4199 1541 4259 in
1581 4218 1811 4261 canone
1851 4200 2208 4279 imperando¹
2242 4202 2296 4261 &
2337 4198 2768 4259 sanctificando
2803 4199 2912 4258 fuit
2945 4200 3088 4259 olim
3111 4200 3363 4276 duplex:
3387 4214 3534 4258 vnus

603 4290 767 4339 extra
806 4280 1077 4340 ordinem
1095 4328 1109 4353 ,
1154 4280 1301 4340 alter
1339 4280 1693 4341 ordinariuS.

689 4378 780 4432 24.
864 4360 1047 4419 Extra
1084 4359 1357 4420 ordinem
1397 4362 1559 4420 Deus
1600 4377 1739 4421 cum
1780 4362 1954 4422 Mose
1994 4377 2133 4421 vsus
2175 4369 2262 4420 est
2309 4357 2590 4437 singulari
2631 4358 2820 4419 modo
2859 4358 3225 4437 praesentiae
3267 4375 3406 4417 suae
3402 4402 3444 4496 Β
3448 4436 3462 4448 .
3465 4358 3528 4495 l&

3163 4448 3400 4515 aspecta
3444 4457 3463 4495 ι
3487 4457 3530 4495 1:
