<?xml version="1.0" encoding="UTF-8"?>
<!DOCTYPE html PUBLIC "-//W3C//DTD XHTML 1.0 Transitional//EN"
    "http://www.w3.org/TR/xhtml1/DTD/xhtml1-transitional.dtd">
<html xmlns="http://www.w3.org/1999/xhtml" xml:lang="en" lang="en">
 <head>
  <title>
</title>
<meta http-equiv="Content-Type" content="text/html;charset=utf-8" />
  <meta name='ocr-system' content='tesseract 3.04.00' />
  <meta name='ocr-capabilities' content='ocr_page ocr_carea ocr_par ocr_line ocrx_word'/>
</head>
<body>
  <div class='ocr_page' id='page_1' title='image "./dfranciscijunii00junigoog_0339.png"; bbox 0 0 3923 4875; ppageno 0'>
   <div class='ocr_carea' id='block_1_1' title="bbox 598 379 2590 448">
    <p class='ocr_par' dir='ltr' id='par_1_1' title="bbox 598 379 2590 448">
     <span class='ocr_line' id='line_1_1' title="bbox 598 379 2590 448; baseline 0.002 -19"><span class='ocrx_word' id='word_1_1' title='bbox 598 383 724 448; x_wconf 57' lang='lat' dir='ltr'>31·st</span> <span class='ocrx_word' id='word_1_2' title='bbox 1538 379 1875 430; x_wconf 65' lang='lat' dir='ltr'>‘russas</span> <span class='ocrx_word' id='word_1_3' title='bbox 1933 379 2590 432; x_wconf 62' lang='lat' dir='ltr'>rnaotooican.</span> 
     </span>
    </p>
   </div>
   <div class='ocr_carea' id='block_1_2' title="bbox 730 595 3392 836">
    <p class='ocr_par' dir='ltr' id='par_1_2' title="bbox 730 595 3392 836">
     <span class='ocr_line' id='line_1_2' title="bbox 730 595 3392 662; baseline 0.003 -8"><span class='ocrx_word' id='word_1_4' title='bbox 730 597 863 654; x_wconf 90' lang='lat' dir='ltr'>DE</span> <span class='ocrx_word' id='word_1_5' title='bbox 938 595 1521 656; x_wconf 90' lang='lat' dir='ltr'><strong>CANONICAE</strong></span> <span class='ocrx_word' id='word_1_6' title='bbox 1594 598 2240 658; x_wconf 87' lang='lat' dir='ltr'>SCRIPTURAE</span> <span class='ocrx_word' id='word_1_7' title='bbox 2311 595 3392 662; x_wconf 90' lang='lat' dir='ltr'>INTERPRETATIONE.</span> 
     </span>
     <span class='ocr_line' id='line_1_3' title="bbox 1847 774 2282 836; baseline 0.002 -3"><span class='ocrx_word' id='word_1_8' title='bbox 1847 774 2176 836; x_wconf 73' lang='lat' dir='ltr'>Tutsxs</span> <span class='ocrx_word' id='word_1_9' title='bbox 2233 777 2282 834; x_wconf 92' lang='lat'>1.</span> 
     </span>
    </p>
   </div>
   <div class='ocr_carea' id='block_1_3' title="bbox 590 949 3534 4394">
    <p class='ocr_par' dir='ltr' id='par_1_3' title="bbox 595 949 3523 1173">
     <span class='ocr_line' id='line_1_4' title="bbox 679 949 3523 1032; baseline 0.001 -23"><span class='ocrx_word' id='word_1_10' title='bbox 679 949 822 1009; x_wconf 75' lang='lat' dir='ltr'>Cvm</span> <span class='ocrx_word' id='word_1_11' title='bbox 883 969 1084 1012; x_wconf 88' lang='lat' dir='ltr'>sacrae</span> <span class='ocrx_word' id='word_1_12' title='bbox 1134 951 1459 1029; x_wconf 84' lang='lat' dir='ltr'>scripturae</span> <span class='ocrx_word' id='word_1_13' title='bbox 1518 970 1714 1012; x_wconf 88' lang='lat' dir='ltr'>canon</span> <span class='ocrx_word' id='word_1_14' title='bbox 1774 949 1849 1010; x_wconf 91' lang='lat' dir='ltr'>sit</span> <span class='ocrx_word' id='word_1_15' title='bbox 1908 951 2084 1010; x_wconf 90' lang='lat' dir='ltr'>nobis</span> <span class='ocrx_word' id='word_1_16' title='bbox 2137 951 2389 1010; x_wconf 85' lang='lat' dir='ltr'>vtendus</span> <span class='ocrx_word' id='word_1_17' title='bbox 2437 955 2475 1012; x_wconf 77' lang='lat' dir='ltr'>a</span> <span class='ocrx_word' id='word_1_18' title='bbox 2525 951 2660 1011; x_wconf 92' lang='lat' dir='ltr'>Deo</span> <span class='ocrx_word' id='word_1_19' title='bbox 2715 952 2886 1012; x_wconf 89' lang='lat' dir='ltr'>datus</span> <span class='ocrx_word' id='word_1_20' title='bbox 2900 999 2919 1032; x_wconf 91' lang='lat'>,</span> <span class='ocrx_word' id='word_1_21' title='bbox 2980 957 3035 1015; x_wconf 85' lang='lat'>&amp;</span> <span class='ocrx_word' id='word_1_22' title='bbox 3075 971 3188 1014; x_wconf 75' lang='lat' dir='ltr'>nos</span> <span class='ocrx_word' id='word_1_23' title='bbox 3227 954 3266 1032; x_wconf 81' lang='lat' dir='ltr'>ij</span> <span class='ocrx_word' id='word_1_24' title='bbox 3305 954 3523 1032; x_wconf 75' lang='lat' dir='ltr'>simus,</span> 
     </span>
     <span class='ocr_line' id='line_1_5' title="bbox 596 1031 3522 1112; baseline 0.001 -22"><span class='ocrx_word' id='word_1_25' title='bbox 596 1047 753 1108; x_wconf 91' lang='lat' dir='ltr'>quos</span> <span class='ocrx_word' id='word_1_26' title='bbox 790 1031 871 1090; x_wconf 83' lang='lat' dir='ltr'>ad</span> <span class='ocrx_word' id='word_1_27' title='bbox 912 1049 1207 1092; x_wconf 88' lang='lat' dir='ltr'>canonem</span> <span class='ocrx_word' id='word_1_28' title='bbox 1248 1033 1374 1094; x_wconf 87' lang='lat' dir='ltr'>siue</span> <span class='ocrx_word' id='word_1_29' title='bbox 1414 1035 1679 1112; x_wconf 82' lang='lat' dir='ltr'>regulam</span> <span class='ocrx_word' id='word_1_30' title='bbox 1718 1035 1755 1090; x_wconf 76' lang='lat' dir='ltr'>a</span> <span class='ocrx_word' id='word_1_31' title='bbox 1795 1033 1930 1091; x_wconf 90' lang='lat' dir='ltr'>Deo</span> <span class='ocrx_word' id='word_1_32' title='bbox 1971 1033 2172 1091; x_wconf 85' lang='lat' dir='ltr'>datam</span> <span class='ocrx_word' id='word_1_33' title='bbox 2215 1041 2455 1109; x_wconf 87' lang='lat' dir='ltr'>oportet</span> <span class='ocrx_word' id='word_1_34' title='bbox 2487 1032 2890 1094; x_wconf 81' lang='lat' dir='ltr'>conformari:</span> <span class='ocrx_word' id='word_1_35' title='bbox 2935 1033 3183 1094; x_wconf 87' lang='lat' dir='ltr'>omnino</span> <span class='ocrx_word' id='word_1_36' title='bbox 3218 1034 3296 1094; x_wconf 90' lang='lat' dir='ltr'>de</span> <span class='ocrx_word' id='word_1_37' title='bbox 3333 1035 3522 1094; x_wconf 83' lang='lat' dir='ltr'>modo</span> 
     </span>
     <span class='ocr_line' id='line_1_6' title="bbox 595 1109 2046 1173; baseline 0.001 -3"><span class='ocrx_word' id='word_1_38' title='bbox 595 1109 799 1170; x_wconf 88' lang='lat' dir='ltr'>vtendi</span> <span class='ocrx_word' id='word_1_39' title='bbox 837 1113 1083 1172; x_wconf 86' lang='lat' dir='ltr'>canonis</span> <span class='ocrx_word' id='word_1_40' title='bbox 1124 1124 1401 1173; x_wconf 80' lang='lat' dir='ltr'>constare</span> <span class='ocrx_word' id='word_1_41' title='bbox 1440 1111 1617 1173; x_wconf 89' lang='lat' dir='ltr'>nobis</span> <span class='ocrx_word' id='word_1_42' title='bbox 1658 1130 1899 1172; x_wconf 85' lang='lat' dir='ltr'>necesse</span> <span class='ocrx_word' id='word_1_43' title='bbox 1939 1122 2046 1172; x_wconf 88' lang='lat' dir='ltr'>est.</span> 
     </span>
    </p>

    <p class='ocr_par' dir='ltr' id='par_1_4' title="bbox 682 1190 3522 1271">
     <span class='ocr_line' id='line_1_7' title="bbox 682 1190 3522 1271; baseline 0.002 -23"><span class='ocrx_word' id='word_1_44' title='bbox 682 1209 736 1250; x_wconf 86' lang='lat'>2.</span> <span class='ocrx_word' id='word_1_45' title='bbox 818 1191 1013 1252; x_wconf 88' lang='lat' dir='ltr'>Huius</span> <span class='ocrx_word' id='word_1_46' title='bbox 1042 1193 1290 1255; x_wconf 89' lang='lat' dir='ltr'>canonis</span> <span class='ocrx_word' id='word_1_47' title='bbox 1321 1193 1520 1254; x_wconf 84' lang='lat' dir='ltr'>vtendi</span> <span class='ocrx_word' id='word_1_48' title='bbox 1556 1193 1773 1253; x_wconf 88' lang='lat' dir='ltr'>modus</span> <span class='ocrx_word' id='word_1_49' title='bbox 1800 1201 1904 1251; x_wconf 84' lang='lat' dir='ltr'>aut</span> <span class='ocrx_word' id='word_1_50' title='bbox 1932 1191 2088 1250; x_wconf 88' lang='lat' dir='ltr'>intus</span> <span class='ocrx_word' id='word_1_51' title='bbox 2119 1190 2531 1251; x_wconf 87' lang='lat' dir='ltr'>consideratur</span> <span class='ocrx_word' id='word_1_52' title='bbox 2562 1191 2624 1250; x_wconf 91' lang='lat' dir='ltr'>in</span> <span class='ocrx_word' id='word_1_53' title='bbox 2657 1203 2886 1270; x_wconf 90' lang='lat' dir='ltr'>mente,</span> <span class='ocrx_word' id='word_1_54' title='bbox 2921 1203 3021 1254; x_wconf 90' lang='lat' dir='ltr'>aut</span> <span class='ocrx_word' id='word_1_55' title='bbox 3052 1193 3196 1254; x_wconf 86' lang='lat' dir='ltr'>foris</span> <span class='ocrx_word' id='word_1_56' title='bbox 3227 1193 3288 1254; x_wconf 89' lang='lat' dir='ltr'>in</span> <span class='ocrx_word' id='word_1_57' title='bbox 3317 1211 3522 1271; x_wconf 86' lang='lat' dir='ltr'>opere.</span> 
     </span>
    </p>

    <p class='ocr_par' dir='ltr' id='par_1_5' title="bbox 594 1271 3515 1432">
     <span class='ocr_line' id='line_1_8' title="bbox 677 1271 3515 1352; baseline 0.001 -22"><span class='ocrx_word' id='word_1_58' title='bbox 677 1288 739 1346; x_wconf 82' lang='grc'>3.</span> <span class='ocrx_word' id='word_1_59' title='bbox 816 1272 985 1332; x_wconf 84' lang='lat' dir='ltr'>Intus</span> <span class='ocrx_word' id='word_1_60' title='bbox 1034 1273 1239 1333; x_wconf 79' lang='lat' dir='ltr'>vtendi</span> <span class='ocrx_word' id='word_1_61' title='bbox 1280 1274 1495 1334; x_wconf 88' lang='lat' dir='ltr'>modus</span> <span class='ocrx_word' id='word_1_62' title='bbox 1534 1274 1744 1334; x_wconf 85' lang='lat' dir='ltr'>vnicus</span> <span class='ocrx_word' id='word_1_63' title='bbox 1784 1282 1873 1332; x_wconf 89' lang='lat' dir='ltr'>est</span> <span class='ocrx_word' id='word_1_64' title='bbox 1893 1315 1911 1348; x_wconf 96' lang='lat'>,</span> <span class='ocrx_word' id='word_1_65' title='bbox 1975 1273 2159 1331; x_wconf 78' lang='lat' dir='ltr'>fides:</span> <span class='ocrx_word' id='word_1_66' title='bbox 2221 1291 2294 1330; x_wconf 87' lang='lat' dir='ltr'>ac</span> <span class='ocrx_word' id='word_1_67' title='bbox 2333 1272 2585 1350; x_wconf 83' lang='lat' dir='ltr'>proinde</span> <span class='ocrx_word' id='word_1_68' title='bbox 2625 1271 2912 1351; x_wconf 84' lang='lat' dir='ltr'>quicquid</span> <span class='ocrx_word' id='word_1_69' title='bbox 2951 1293 3080 1334; x_wconf 89' lang='lat' dir='ltr'>non</span> <span class='ocrx_word' id='word_1_70' title='bbox 3119 1284 3210 1334; x_wconf 85' lang='lat' dir='ltr'>est</span> <span class='ocrx_word' id='word_1_71' title='bbox 3248 1292 3324 1334; x_wconf 86' lang='lat' dir='ltr'>ex</span> <span class='ocrx_word' id='word_1_72' title='bbox 3363 1275 3515 1352; x_wconf 50' lang='lat' dir='ltr'>fide,</span> 
     </span>
     <span class='ocr_line' id='line_1_9' title="bbox 594 1351 2309 1432; baseline 0 -22"><span class='ocrx_word' id='word_1_73' title='bbox 594 1360 909 1428; x_wconf 84' lang='lat' dir='ltr'>peecatum</span> <span class='ocrx_word' id='word_1_74' title='bbox 948 1363 1039 1413; x_wconf 87' lang='lat' dir='ltr'>est</span> <span class='ocrx_word' id='word_1_75' title='bbox 1054 1397 1073 1432; x_wconf 88' lang='lat'>,</span> <span class='ocrx_word' id='word_1_76' title='bbox 1116 1355 1276 1414; x_wconf 81' lang='lat' dir='ltr'>velut</span> <span class='ocrx_word' id='word_1_77' title='bbox 1316 1353 1610 1430; x_wconf 84' lang='lat' dir='ltr'>quaedam</span> <span class='ocrx_word' id='word_1_78' title='bbox 1650 1351 1945 1413; x_wconf 80' lang='lat' dir='ltr'>aberratio</span> <span class='ocrx_word' id='word_1_79' title='bbox 1985 1355 2023 1410; x_wconf 75' lang='lat' dir='ltr'>a</span> <span class='ocrx_word' id='word_1_80' title='bbox 2061 1370 2309 1412; x_wconf 89' lang='lat' dir='ltr'>canone.</span> 
     </span>
    </p>

    <p class='ocr_par' dir='ltr' id='par_1_6' title="bbox 594 1430 3524 1591">
     <span class='ocr_line' id='line_1_10' title="bbox 676 1430 3524 1510; baseline 0.001 -20"><span class='ocrx_word' id='word_1_81' title='bbox 676 1449 736 1503; x_wconf 88' lang='lat'>4.</span> <span class='ocrx_word' id='word_1_82' title='bbox 816 1430 984 1492; x_wconf 89' lang='lat' dir='ltr'>Foris</span> <span class='ocrx_word' id='word_1_83' title='bbox 1039 1433 1240 1494; x_wconf 86' lang='lat' dir='ltr'>vtendi</span> <span class='ocrx_word' id='word_1_84' title='bbox 1294 1435 1510 1494; x_wconf 89' lang='lat' dir='ltr'>modus</span> <span class='ocrx_word' id='word_1_85' title='bbox 1562 1443 1651 1493; x_wconf 90' lang='lat' dir='ltr'>est</span> <span class='ocrx_word' id='word_1_86' title='bbox 1694 1431 1845 1492; x_wconf 89' lang='lat' dir='ltr'>iusta</span> <span class='ocrx_word' id='word_1_87' title='bbox 1882 1430 2281 1492; x_wconf 85' lang='lat' dir='ltr'>conformatio</span> <span class='ocrx_word' id='word_1_88' title='bbox 2325 1432 2380 1490; x_wconf 73' lang='lat'>81</span> <span class='ocrx_word' id='word_1_89' title='bbox 2420 1431 2840 1492; x_wconf 88' lang='lat' dir='ltr'>conuenientia</span> <span class='ocrx_word' id='word_1_90' title='bbox 2875 1449 3014 1492; x_wconf 84' lang='lat' dir='ltr'>cum</span> <span class='ocrx_word' id='word_1_91' title='bbox 3055 1451 3320 1510; x_wconf 87' lang='lat' dir='ltr'>canone,</span> <span class='ocrx_word' id='word_1_92' title='bbox 3381 1433 3524 1492; x_wconf 91' lang='lat' dir='ltr'>doc-</span> 
     </span>
     <span class='ocr_line' id='line_1_11' title="bbox 594 1510 1872 1591; baseline 0.002 -22"><span class='ocrx_word' id='word_1_93' title='bbox 594 1510 783 1570; x_wconf 75' lang='lat' dir='ltr'>trime</span> <span class='ocrx_word' id='word_1_94' title='bbox 825 1514 1055 1572; x_wconf 90' lang='lat' dir='ltr'>cultura</span> <span class='ocrx_word' id='word_1_95' title='bbox 1069 1559 1086 1591; x_wconf 93' lang='lat'>,</span> <span class='ocrx_word' id='word_1_96' title='bbox 1134 1514 1191 1573; x_wconf 74' lang='grc' dir='ltr'>δι</span> <span class='ocrx_word' id='word_1_97' title='bbox 1236 1512 1657 1574; x_wconf 71' lang='lat' dir='ltr'>exercitatione</span> <span class='ocrx_word' id='word_1_98' title='bbox 1698 1513 1872 1572; x_wconf 83' lang='lat' dir='ltr'>vitae.</span> 
     </span>
    </p>

    <p class='ocr_par' dir='ltr' id='par_1_7' title="bbox 680 1589 3264 1670">
     <span class='ocr_line' id='line_1_12' title="bbox 680 1589 3264 1670; baseline 0.002 -21"><span class='ocrx_word' id='word_1_99' title='bbox 680 1605 733 1668; x_wconf 84' lang='lat'>5.</span> <span class='ocrx_word' id='word_1_100' title='bbox 817 1591 1101 1652; x_wconf 84' lang='lat' dir='ltr'>Culturae</span> <span class='ocrx_word' id='word_1_101' title='bbox 1143 1593 1357 1654; x_wconf 86' lang='lat' dir='ltr'>modus</span> <span class='ocrx_word' id='word_1_102' title='bbox 1400 1605 1489 1654; x_wconf 85' lang='lat' dir='ltr'>est</span> <span class='ocrx_word' id='word_1_103' title='bbox 1532 1593 1790 1670; x_wconf 83' lang='lat' dir='ltr'>duplex:</span> <span class='ocrx_word' id='word_1_104' title='bbox 1840 1591 2018 1652; x_wconf 89' lang='lat' dir='ltr'>lectio</span> <span class='ocrx_word' id='word_1_105' title='bbox 2061 1589 2400 1668; x_wconf 78' lang='lat' dir='ltr'>Scripturae</span> <span class='ocrx_word' id='word_1_106' title='bbox 2440 1609 2644 1651; x_wconf 87' lang='lat' dir='ltr'>sacrae</span> <span class='ocrx_word' id='word_1_107' title='bbox 2659 1637 2677 1670; x_wconf 93' lang='lat'>,</span> <span class='ocrx_word' id='word_1_108' title='bbox 2715 1593 2772 1650; x_wconf 70' lang='grc' dir='ltr'>δι</span> <span class='ocrx_word' id='word_1_109' title='bbox 2815 1590 3264 1670; x_wconf 81' lang='lat' dir='ltr'>interpretatio.-</span> 
     </span>
    </p>

    <p class='ocr_par' dir='ltr' id='par_1_8' title="bbox 595 1670 3519 1830">
     <span class='ocr_line' id='line_1_13' title="bbox 677 1670 3519 1752; baseline 0.002 -24"><span class='ocrx_word' id='word_1_110' title='bbox 677 1671 735 1730; x_wconf 90' lang='lat'>6.</span> <span class='ocrx_word' id='word_1_111' title='bbox 817 1671 1025 1732; x_wconf 89' lang='lat' dir='ltr'>Lectio</span> <span class='ocrx_word' id='word_1_112' title='bbox 1066 1672 1190 1734; x_wconf 89' lang='lat' dir='ltr'>siue</span> <span class='ocrx_word' id='word_1_113' title='bbox 1244 1673 1561 1734; x_wconf 88' lang='lat' dir='ltr'>nobiscum</span> <span class='ocrx_word' id='word_1_114' title='bbox 1600 1673 1733 1750; x_wconf 89' lang='lat' dir='ltr'>fiat,</span> <span class='ocrx_word' id='word_1_115' title='bbox 1794 1671 1919 1732; x_wconf 87' lang='lat' dir='ltr'>siue</span> <span class='ocrx_word' id='word_1_116' title='bbox 1960 1671 2125 1748; x_wconf 88' lang='lat' dir='ltr'>apud</span> <span class='ocrx_word' id='word_1_117' title='bbox 2163 1670 2312 1732; x_wconf 87' lang='lat' dir='ltr'>alios</span> <span class='ocrx_word' id='word_1_118' title='bbox 2351 1671 2428 1730; x_wconf 87' lang='lat' dir='ltr'>ad</span> <span class='ocrx_word' id='word_1_119' title='bbox 2469 1671 2940 1732; x_wconf 87' lang='lat' dir='ltr'>aedificationem</span> <span class='ocrx_word' id='word_1_120' title='bbox 2953 1715 2974 1752; x_wconf 85' lang='lat'>,</span> <span class='ocrx_word' id='word_1_121' title='bbox 3034 1683 3135 1732; x_wconf 90' lang='lat' dir='ltr'>aut</span> <span class='ocrx_word' id='word_1_122' title='bbox 3173 1673 3233 1732; x_wconf 92' lang='lat' dir='ltr'>in</span> <span class='ocrx_word' id='word_1_123' title='bbox 3275 1673 3519 1750; x_wconf 82' lang='lat' dir='ltr'>propria</span> 
     </span>
     <span class='ocr_line' id='line_1_14' title="bbox 595 1749 2666 1830; baseline 0.001 -20"><span class='ocrx_word' id='word_1_124' title='bbox 595 1751 795 1828; x_wconf 87' lang='lat' dir='ltr'>lingua</span> <span class='ocrx_word' id='word_1_125' title='bbox 836 1751 941 1829; x_wconf 89' lang='lat' dir='ltr'>sit,</span> <span class='ocrx_word' id='word_1_126' title='bbox 982 1769 1103 1830; x_wconf 88' lang='lat' dir='ltr'>qua</span> <span class='ocrx_word' id='word_1_127' title='bbox 1148 1753 1421 1814; x_wconf 85' lang='lat' dir='ltr'>canonici</span> <span class='ocrx_word' id='word_1_128' title='bbox 1460 1753 1595 1814; x_wconf 85' lang='lat' dir='ltr'>libri</span> <span class='ocrx_word' id='word_1_129' title='bbox 1634 1751 1959 1829; x_wconf 87' lang='lat' dir='ltr'>conscripti</span> <span class='ocrx_word' id='word_1_130' title='bbox 1999 1761 2135 1811; x_wconf 91' lang='lat' dir='ltr'>sunt</span> <span class='ocrx_word' id='word_1_131' title='bbox 2150 1796 2167 1828; x_wconf 93' lang='lat'>,</span> <span class='ocrx_word' id='word_1_132' title='bbox 2207 1761 2310 1812; x_wconf 91' lang='lat' dir='ltr'>aut</span> <span class='ocrx_word' id='word_1_133' title='bbox 2349 1752 2412 1811; x_wconf 88' lang='lat' dir='ltr'>in</span> <span class='ocrx_word' id='word_1_134' title='bbox 2451 1749 2666 1812; x_wconf 88' lang='lat' dir='ltr'>aliena.</span> 
     </span>
    </p>

    <p class='ocr_par' dir='ltr' id='par_1_9' title="bbox 595 1830 3522 1990">
     <span class='ocr_line' id='line_1_15' title="bbox 680 1830 3522 1911; baseline 0.001 -22"><span class='ocrx_word' id='word_1_135' title='bbox 680 1848 734 1906; x_wconf 90' lang='lat'>7.</span> <span class='ocrx_word' id='word_1_136' title='bbox 818 1832 1065 1908; x_wconf 87' lang='lat' dir='ltr'>Propria</span> <span class='ocrx_word' id='word_1_137' title='bbox 1104 1833 1309 1911; x_wconf 86' lang='lat' dir='ltr'>lingua</span> <span class='ocrx_word' id='word_1_138' title='bbox 1323 1879 1340 1911; x_wconf 90' lang='lat'>,</span> <span class='ocrx_word' id='word_1_139' title='bbox 1396 1850 1513 1911; x_wconf 86' lang='lat' dir='ltr'>qua</span> <span class='ocrx_word' id='word_1_140' title='bbox 1555 1833 1768 1894; x_wconf 83' lang='lat' dir='ltr'>veteris</span> <span class='ocrx_word' id='word_1_141' title='bbox 1808 1831 2176 1892; x_wconf 86' lang='lat' dir='ltr'>Testamenti</span> <span class='ocrx_word' id='word_1_142' title='bbox 2217 1830 2524 1891; x_wconf 84' lang='lat' dir='ltr'>vniuersus</span> <span class='ocrx_word' id='word_1_143' title='bbox 2563 1849 2763 1890; x_wconf 86' lang='lat' dir='ltr'>canon</span> <span class='ocrx_word' id='word_1_144' title='bbox 2801 1830 3030 1910; x_wconf 82' lang='lat' dir='ltr'>priscae</span> <span class='ocrx_word' id='word_1_145' title='bbox 3071 1833 3376 1892; x_wconf 80' lang='lat' dir='ltr'>Ecclesiae</span> <span class='ocrx_word' id='word_1_146' title='bbox 3393 1877 3410 1908; x_wconf 95' lang='lat'>,</span> <span class='ocrx_word' id='word_1_147' title='bbox 3463 1831 3522 1892; x_wconf 89' lang='lat' dir='ltr'>id</span> 
     </span>
     <span class='ocr_line' id='line_1_16' title="bbox 595 1911 2418 1990; baseline 0 -20"><span class='ocrx_word' id='word_1_148' title='bbox 595 1921 687 1970; x_wconf 86' lang='lat' dir='ltr'>est</span> <span class='ocrx_word' id='word_1_149' title='bbox 708 1954 727 1988; x_wconf 89' lang='lat'>.,</span> <span class='ocrx_word' id='word_1_150' title='bbox 767 1911 1093 1988; x_wconf 79' lang='lat' dir='ltr'>HebraeiS,</span> <span class='ocrx_word' id='word_1_151' title='bbox 1136 1914 1309 1974; x_wconf 84' lang='lat' dir='ltr'>datus</span> <span class='ocrx_word' id='word_1_152' title='bbox 1340 1925 1462 1990; x_wconf 90' lang='lat' dir='ltr'>est,</span> <span class='ocrx_word' id='word_1_153' title='bbox 1504 1913 1810 1973; x_wconf 87' lang='lat' dir='ltr'>Hebraica</span> <span class='ocrx_word' id='word_1_154' title='bbox 1848 1913 2031 1990; x_wconf 81' lang='lat' dir='ltr'>vulgo</span> <span class='ocrx_word' id='word_1_155' title='bbox 2069 1913 2418 1988; x_wconf 87' lang='lat' dir='ltr'>appellatur.</span> 
     </span>
    </p>

    <p class='ocr_par' dir='ltr' id='par_1_10' title="bbox 593 1989 3526 2153">
     <span class='ocr_line' id='line_1_17' title="bbox 674 1989 3526 2071; baseline 0 -22"><span class='ocrx_word' id='word_1_156' title='bbox 674 1993 733 2050; x_wconf 90' lang='lat'>8.</span> <span class='ocrx_word' id='word_1_157' title='bbox 813 1991 1059 2070; x_wconf 89' lang='lat' dir='ltr'>Propria</span> <span class='ocrx_word' id='word_1_158' title='bbox 1100 1992 1327 2071; x_wconf 86' lang='lat' dir='ltr'>lingua,</span> <span class='ocrx_word' id='word_1_159' title='bbox 1367 2011 1488 2071; x_wconf 90' lang='lat' dir='ltr'>qua</span> <span class='ocrx_word' id='word_1_160' title='bbox 1528 1991 1671 2054; x_wconf 86' lang='lat' dir='ltr'>noui</span> <span class='ocrx_word' id='word_1_161' title='bbox 1704 1989 2070 2053; x_wconf 87' lang='lat' dir='ltr'>Testamenti</span> <span class='ocrx_word' id='word_1_162' title='bbox 2103 1990 2409 2051; x_wconf 82' lang='lat' dir='ltr'>vniuersus</span> <span class='ocrx_word' id='word_1_163' title='bbox 2439 2009 2636 2052; x_wconf 80' lang='lat' dir='ltr'>canon</span> <span class='ocrx_word' id='word_1_164' title='bbox 2666 1991 2970 2052; x_wconf 82' lang='lat' dir='ltr'>Ecclesiae</span> <span class='ocrx_word' id='word_1_165' title='bbox 2997 2003 3268 2070; x_wconf 83' lang='lat' dir='ltr'>nostrae,</span> <span class='ocrx_word' id='word_1_166' title='bbox 3307 1991 3372 2051; x_wconf 90' lang='lat' dir='ltr'>id</span> <span class='ocrx_word' id='word_1_167' title='bbox 3401 2004 3491 2050; x_wconf 89' lang='lat' dir='ltr'>est</span> <span class='ocrx_word' id='word_1_168' title='bbox 3505 2035 3526 2070; x_wconf 86' lang='lat'>,</span> 
     </span>
     <span class='ocr_line' id='line_1_18' title="bbox 593 2069 2457 2153; baseline 0.001 -25"><span class='ocrx_word' id='word_1_169' title='bbox 593 2069 873 2130; x_wconf 88' lang='lat' dir='ltr'>omnibus</span> <span class='ocrx_word' id='word_1_170' title='bbox 912 2073 1187 2150; x_wconf 82' lang='lat' dir='ltr'>gentibus</span> <span class='ocrx_word' id='word_1_171' title='bbox 1230 2075 1403 2133; x_wconf 87' lang='lat' dir='ltr'>datus</span> <span class='ocrx_word' id='word_1_172' title='bbox 1444 2083 1566 2153; x_wconf 86' lang='lat' dir='ltr'>est,</span> <span class='ocrx_word' id='word_1_173' title='bbox 1610 2075 1790 2152; x_wconf 82' lang='lat' dir='ltr'>vulgo</span> <span class='ocrx_word' id='word_1_174' title='bbox 1829 2073 2162 2150; x_wconf 87' lang='lat' dir='ltr'>appellatur</span> <span class='ocrx_word' id='word_1_175' title='bbox 2202 2073 2457 2133; x_wconf 87' lang='lat' dir='ltr'>Graeca.</span> 
     </span>
    </p>

    <p class='ocr_par' dir='ltr' id='par_1_11' title="bbox 592 2147 3518 2311">
     <span class='ocr_line' id='line_1_19' title="bbox 670 2147 3516 2232; baseline 0.001 -24"><span class='ocrx_word' id='word_1_176' title='bbox 670 2169 727 2226; x_wconf 92' lang='lat'>9.</span> <span class='ocrx_word' id='word_1_177' title='bbox 812 2152 945 2212; x_wconf 81' lang='lat' dir='ltr'>Hae</span> <span class='ocrx_word' id='word_1_178' title='bbox 986 2153 1223 2232; x_wconf 82' lang='lat' dir='ltr'>linguae</span> <span class='ocrx_word' id='word_1_179' title='bbox 1263 2155 1341 2214; x_wconf 88' lang='lat' dir='ltr'>ab</span> <span class='ocrx_word' id='word_1_180' title='bbox 1382 2153 1660 2214; x_wconf 87' lang='lat' dir='ltr'>omnibus</span> <span class='ocrx_word' id='word_1_181' title='bbox 1700 2169 1895 2229; x_wconf 89' lang='lat' dir='ltr'>neque</span> <span class='ocrx_word' id='word_1_182' title='bbox 1934 2153 2210 2230; x_wconf 84' lang='lat' dir='ltr'>leguntur</span> <span class='ocrx_word' id='word_1_183' title='bbox 2249 2169 2442 2228; x_wconf 90' lang='lat' dir='ltr'>neque</span> <span class='ocrx_word' id='word_1_184' title='bbox 2484 2147 2666 2210; x_wconf 85' lang='lat' dir='ltr'>intell‘</span> <span class='ocrx_word' id='word_1_185' title='bbox 2791 2159 2920 2228; x_wconf 84' lang='lat' dir='ltr'>tur,</span> <span class='ocrx_word' id='word_1_186' title='bbox 2979 2162 3223 2230; x_wconf 77' lang='lat' dir='ltr'>propter</span> <span class='ocrx_word' id='word_1_187' title='bbox 3263 2150 3516 2211; x_wconf 83' lang='lat' dir='ltr'>inscien-</span> 
     </span>
     <span class='ocr_line' id='line_1_20' title="bbox 592 2227 3518 2311; baseline 0.002 -24"><span class='ocrx_word' id='word_1_188' title='bbox 592 2227 737 2288; x_wconf 85' lang='lat' dir='ltr'>tiam</span> <span class='ocrx_word' id='word_1_189' title='bbox 778 2229 1083 2308; x_wconf 87' lang='lat' dir='ltr'>ipsorum:</span> <span class='ocrx_word' id='word_1_190' title='bbox 1128 2233 1379 2311; x_wconf 87' lang='lat' dir='ltr'>proinde</span> <span class='ocrx_word' id='word_1_191' title='bbox 1421 2251 1615 2310; x_wconf 91' lang='lat' dir='ltr'>neque</span> <span class='ocrx_word' id='word_1_192' title='bbox 1656 2251 1779 2307; x_wconf 89' lang='lat' dir='ltr'>res,</span> <span class='ocrx_word' id='word_1_193' title='bbox 1818 2250 1927 2310; x_wconf 88' lang='lat' dir='ltr'>per</span> <span class='ocrx_word' id='word_1_194' title='bbox 1961 2250 2062 2291; x_wconf 83' lang='lat' dir='ltr'>eas</span> <span class='ocrx_word' id='word_1_195' title='bbox 2095 2229 2382 2306; x_wconf 74' lang='lat' dir='ltr'>traditae,</span> <span class='ocrx_word' id='word_1_196' title='bbox 2423 2233 2502 2291; x_wconf 91' lang='lat' dir='ltr'>ab</span> <span class='ocrx_word' id='word_1_197' title='bbox 2535 2248 2702 2290; x_wconf 76' lang='lat' dir='ltr'>omni</span> <span class='ocrx_word' id='word_1_198' title='bbox 2745 2247 2815 2290; x_wconf 89' lang='lat' dir='ltr'>us</span> <span class='ocrx_word' id='word_1_199' title='bbox 2845 2229 2908 2290; x_wconf 89' lang='lat' dir='ltr'>in</span> <span class='ocrx_word' id='word_1_200' title='bbox 2938 2231 3026 2292; x_wconf 84' lang='lat' dir='ltr'>eis</span> <span class='ocrx_word' id='word_1_201' title='bbox 3051 2242 3518 2310; x_wconf 84' lang='lat' dir='ltr'>cognoscuntur.</span> 
     </span>
    </p>

    <p class='ocr_par' dir='ltr' id='par_1_12' title="bbox 594 2308 3518 2472">
     <span class='ocr_line' id='line_1_21' title="bbox 680 2308 3518 2390; baseline 0.001 -24"><span class='ocrx_word' id='word_1_202' title='bbox 680 2327 771 2370; x_wconf 86' lang='lat'>10.</span> <span class='ocrx_word' id='word_1_203' title='bbox 833 2311 1115 2390; x_wconf 83' lang='lat' dir='ltr'>Cognitio</span> <span class='ocrx_word' id='word_1_204' title='bbox 1134 2323 1335 2374; x_wconf 89' lang='lat' dir='ltr'>autem</span> <span class='ocrx_word' id='word_1_205' title='bbox 1354 2315 1491 2372; x_wconf 76' lang='lat' dir='ltr'>cum</span> <span class='ocrx_word' id='word_1_206' title='bbox 1512 2312 1586 2374; x_wconf 84' lang='lat' dir='ltr'>sit</span> <span class='ocrx_word' id='word_1_207' title='bbox 1606 2311 1885 2373; x_wconf 87' lang='lat' dir='ltr'>omnibus</span> <span class='ocrx_word' id='word_1_208' title='bbox 1908 2321 2032 2371; x_wconf 91' lang='lat' dir='ltr'>tam</span> <span class='ocrx_word' id='word_1_209' title='bbox 2055 2311 2386 2372; x_wconf 85' lang='lat' dir='ltr'>necessaria</span> <span class='ocrx_word' id='word_1_210' title='bbox 2413 2311 2596 2386; x_wconf 73' lang='lat' dir='ltr'>quam</span> <span class='ocrx_word' id='word_1_211' title='bbox 2627 2311 2784 2370; x_wconf 75' lang='lat' dir='ltr'>salus</span> <span class='ocrx_word' id='word_1_212' title='bbox 2805 2308 3094 2388; x_wconf 87' lang='lat' dir='ltr'>ipsorum:</span> <span class='ocrx_word' id='word_1_213' title='bbox 3117 2309 3518 2374; x_wconf 78' lang='lat' dir='ltr'>&amp;necessaria</span> 
     </span>
     <span class='ocr_line' id='line_1_22' title="bbox 594 2389 3190 2472; baseline 0.002 -23"><span class='ocrx_word' id='word_1_214' title='bbox 594 2399 684 2449; x_wconf 81' lang='lat' dir='ltr'>est</span> <span class='ocrx_word' id='word_1_215' title='bbox 724 2389 1056 2469; x_wconf 86' lang='lat' dir='ltr'>linguarum</span> <span class='ocrx_word' id='word_1_216' title='bbox 1100 2399 1413 2472; x_wconf 76' lang='lat' dir='ltr'>rerumque</span> <span class='ocrx_word' id='word_1_217' title='bbox 1447 2391 1878 2472; x_wconf 77' lang='lat' dir='ltr'>interpretatiO,</span> <span class='ocrx_word' id='word_1_218' title='bbox 1920 2391 2000 2452; x_wconf 90' lang='lat' dir='ltr'>ad</span> <span class='ocrx_word' id='word_1_219' title='bbox 2029 2391 2397 2469; x_wconf 79' lang='lat' dir='ltr'>singulorum</span> <span class='ocrx_word' id='word_1_220' title='bbox 2424 2393 2479 2452; x_wconf 76' lang='grc' dir='ltr'>δι</span> <span class='ocrx_word' id='word_1_221' title='bbox 2513 2407 2896 2451; x_wconf 88' lang='lat' dir='ltr'>communem</span> <span class='ocrx_word' id='word_1_222' title='bbox 2927 2403 3190 2471; x_wconf 87' lang='lat' dir='ltr'>captum.</span> 
     </span>
    </p>

    <p class='ocr_par' dir='ltr' id='par_1_13' title="bbox 590 2472 3527 2715">
     <span class='ocr_line' id='line_1_23' title="bbox 682 2472 3526 2553; baseline 0 -24"><span class='ocrx_word' id='word_1_223' title='bbox 682 2488 707 2528; x_wconf 87' lang='lat'>1</span> <span class='ocrx_word' id='word_1_224' title='bbox 724 2490 773 2531; x_wconf 86' lang='lat'>1.</span> <span class='ocrx_word' id='word_1_225' title='bbox 856 2474 1360 2552; x_wconf 86' lang='lat' dir='ltr'>Interpretationis</span> <span class='ocrx_word' id='word_1_226' title='bbox 1402 2474 1525 2535; x_wconf 92' lang='lat' dir='ltr'>duo</span> <span class='ocrx_word' id='word_1_227' title='bbox 1566 2485 1701 2535; x_wconf 91' lang='lat' dir='ltr'>sunt</span> <span class='ocrx_word' id='word_1_228' title='bbox 1741 2490 1989 2551; x_wconf 85' lang='lat' dir='ltr'>genera:</span> <span class='ocrx_word' id='word_1_229' title='bbox 2029 2490 2148 2532; x_wconf 83' lang='lat' dir='ltr'>vna</span> <span class='ocrx_word' id='word_1_230' title='bbox 2187 2484 2277 2533; x_wconf 90' lang='lat' dir='ltr'>est</span> <span class='ocrx_word' id='word_1_231' title='bbox 2315 2472 2552 2549; x_wconf 84' lang='lat' dir='ltr'>linguae</span> <span class='ocrx_word' id='word_1_232' title='bbox 2591 2472 3065 2553; x_wconf 76' lang='lat' dir='ltr'>verborumque,</span> <span class='ocrx_word' id='word_1_233' title='bbox 3105 2476 3288 2534; x_wconf 81' lang='lat' dir='ltr'>altera</span> <span class='ocrx_word' id='word_1_234' title='bbox 3327 2482 3526 2532; x_wconf 87' lang='lat' dir='ltr'>autem</span> 
     </span>
     <span class='ocr_line' id='line_1_24' title="bbox 590 2550 3527 2631; baseline 0 -22"><span class='ocrx_word' id='word_1_235' title='bbox 590 2566 816 2628; x_wconf 88' lang='lat' dir='ltr'>rerum,</span> <span class='ocrx_word' id='word_1_236' title='bbox 880 2570 1035 2631; x_wconf 89' lang='lat' dir='ltr'>quae</span> <span class='ocrx_word' id='word_1_237' title='bbox 1099 2556 1293 2616; x_wconf 88' lang='lat' dir='ltr'>verbis</span> <span class='ocrx_word' id='word_1_238' title='bbox 1347 2566 1631 2631; x_wconf 84' lang='lat' dir='ltr'>tanquam</span> <span class='ocrx_word' id='word_1_239' title='bbox 1686 2551 1974 2631; x_wconf 78' lang='lat' dir='ltr'>symbolis</span> <span class='ocrx_word' id='word_1_240' title='bbox 2028 2562 2429 2629; x_wconf 82' lang='lat' dir='ltr'>exponuntur:</span> <span class='ocrx_word' id='word_1_241' title='bbox 2467 2554 2504 2611; x_wconf 77' lang='lat' dir='ltr'>e</span> <span class='ocrx_word' id='word_1_242' title='bbox 2541 2550 2762 2629; x_wconf 80' lang='lat' dir='ltr'>quibus</span> <span class='ocrx_word' id='word_1_243' title='bbox 2797 2552 2958 2612; x_wconf 87' lang='lat' dir='ltr'>illam</span> <span class='ocrx_word' id='word_1_244' title='bbox 2995 2556 3364 2631; x_wconf 71' lang='grc' dir='ltr'><strong><em>μετᾶφρασιν</em></strong></span> <span class='ocrx_word' id='word_1_245' title='bbox 3401 2552 3527 2611; x_wconf 87' lang='lat' dir='ltr'>siue</span> 
     </span>
     <span class='ocr_line' id='line_1_25' title="bbox 593 2631 2978 2715; baseline 0.002 -27"><span class='ocrx_word' id='word_1_246' title='bbox 593 2632 1067 2694; x_wconf 86' lang='lat' dir='ltr'>translationem:</span> <span class='ocrx_word' id='word_1_247' title='bbox 1111 2635 1267 2695; x_wconf 90' lang='lat' dir='ltr'>hanc</span> <span class='ocrx_word' id='word_1_248' title='bbox 1306 2637 1449 2694; x_wconf 79' lang='lat' dir='ltr'>vero</span> <span class='ocrx_word' id='word_1_249' title='bbox 1496 2636 1804 2715; x_wconf 68' lang='grc' dir='ltr'>ἐξήγησιν,</span> <span class='ocrx_word' id='word_1_250' title='bbox 1843 2631 1909 2692; x_wconf 90' lang='lat' dir='ltr'>id</span> <span class='ocrx_word' id='word_1_251' title='bbox 1949 2642 2068 2710; x_wconf 86' lang='lat' dir='ltr'>est,</span> <span class='ocrx_word' id='word_1_252' title='bbox 2111 2631 2546 2693; x_wconf 82' lang='lat' dir='ltr'>enarrationem</span> <span class='ocrx_word' id='word_1_253' title='bbox 2586 2633 2978 2709; x_wconf 81' lang='lat' dir='ltr'>appellamus.</span> 
     </span>
    </p>

    <p class='ocr_par' dir='ltr' id='par_1_14' title="bbox 679 2710 3523 2804">
     <span class='ocr_line' id='line_1_26' title="bbox 679 2710 3523 2804; baseline 0 -35"><span class='ocrx_word' id='word_1_254' title='bbox 679 2728 772 2771; x_wconf 83' lang='lat'>12.</span> <span class='ocrx_word' id='word_1_255' title='bbox 852 2713 1065 2774; x_wconf 91' lang='lat' dir='ltr'>Omnis</span> <span class='ocrx_word' id='word_1_256' title='bbox 1117 2715 1378 2775; x_wconf 88' lang='lat' dir='ltr'>humana</span> <span class='ocrx_word' id='word_1_257' title='bbox 1434 2712 1871 2791; x_wconf 75' lang='lat' dir='ltr'>interpretatiO,</span> <span class='ocrx_word' id='word_1_258' title='bbox 1915 2729 2037 2790; x_wconf 88' lang='lat' dir='ltr'>quo</span> <span class='ocrx_word' id='word_1_259' title='bbox 2081 2712 2326 2804; x_wconf 78' lang='lat' dir='ltr'>propius</span> <span class='ocrx_word' id='word_1_260' title='bbox 2366 2729 2659 2771; x_wconf 86' lang='lat' dir='ltr'>canonem</span> <span class='ocrx_word' id='word_1_261' title='bbox 2701 2730 2766 2771; x_wconf 90' lang='lat' dir='ltr'>se</span> <span class='ocrx_word' id='word_1_262' title='bbox 2807 2712 3018 2791; x_wconf 88' lang='lat' dir='ltr'>habet,</span> <span class='ocrx_word' id='word_1_263' title='bbox 3059 2730 3138 2773; x_wconf 87' lang='lat' dir='ltr'>eo</span> <span class='ocrx_word' id='word_1_264' title='bbox 3179 2710 3376 2772; x_wconf 86' lang='lat' dir='ltr'>verior</span> <span class='ocrx_word' id='word_1_265' title='bbox 3413 2721 3523 2771; x_wconf 88' lang='lat' dir='ltr'>est.</span> 
     </span>
    </p>

    <p class='ocr_par' dir='ltr' id='par_1_15' title="bbox 679 2790 3524 2873">
     <span class='ocr_line' id='line_1_27' title="bbox 679 2790 3524 2873; baseline 0.001 -25"><span class='ocrx_word' id='word_1_266' title='bbox 679 2808 769 2867; x_wconf 83' lang='lat'>13.</span> <span class='ocrx_word' id='word_1_267' title='bbox 852 2796 921 2854; x_wconf 89' lang='lat' dir='ltr'>In</span> <span class='ocrx_word' id='word_1_268' title='bbox 970 2794 1261 2873; x_wconf 87' lang='lat' dir='ltr'>capienda</span> <span class='ocrx_word' id='word_1_269' title='bbox 1294 2795 1491 2871; x_wconf 84' lang='lat' dir='ltr'>itaque</span> <span class='ocrx_word' id='word_1_270' title='bbox 1531 2792 1699 2853; x_wconf 88' lang='lat' dir='ltr'>omni</span> <span class='ocrx_word' id='word_1_271' title='bbox 1738 2792 2224 2869; x_wconf 73' lang='lat' dir='ltr'>interpretatione</span> <span class='ocrx_word' id='word_1_272' title='bbox 2244 2794 2370 2853; x_wconf 91' lang='lat' dir='ltr'>duo</span> <span class='ocrx_word' id='word_1_273' title='bbox 2389 2790 2566 2851; x_wconf 87' lang='lat' dir='ltr'>nobis</span> <span class='ocrx_word' id='word_1_274' title='bbox 2587 2800 2724 2852; x_wconf 89' lang='lat' dir='ltr'>sunt</span> <span class='ocrx_word' id='word_1_275' title='bbox 2742 2808 2895 2869; x_wconf 90' lang='lat' dir='ltr'>opus</span> <span class='ocrx_word' id='word_1_276' title='bbox 2910 2838 2928 2870; x_wconf 92' lang='lat'>,</span> <span class='ocrx_word' id='word_1_277' title='bbox 2947 2791 3262 2868; x_wconf 84' lang='lat' dir='ltr'>iudicium,</span> <span class='ocrx_word' id='word_1_278' title='bbox 3281 2792 3338 2852; x_wconf 75' lang='grc' dir='ltr'>δι</span> <span class='ocrx_word' id='word_1_279' title='bbox 3357 2792 3524 2851; x_wconf 85' lang='lat' dir='ltr'>fides.</span> 
     </span>
    </p>

    <p class='ocr_par' dir='ltr' id='par_1_16' title="bbox 592 2869 3528 3032">
     <span class='ocr_line' id='line_1_28' title="bbox 679 2869 3528 2953; baseline 0 -23"><span class='ocrx_word' id='word_1_280' title='bbox 679 2889 772 2943; x_wconf 86' lang='lat'>14.</span> <span class='ocrx_word' id='word_1_281' title='bbox 854 2874 1179 2935; x_wconf 87' lang='lat' dir='ltr'>Iudicium:</span> <span class='ocrx_word' id='word_1_282' title='bbox 1221 2893 1345 2953; x_wconf 91' lang='lat' dir='ltr'>quo</span> <span class='ocrx_word' id='word_1_283' title='bbox 1392 2872 1453 2934; x_wconf 91' lang='lat' dir='ltr'>id</span> <span class='ocrx_word' id='word_1_284' title='bbox 1494 2874 1662 2951; x_wconf 89' lang='lat' dir='ltr'>quod</span> <span class='ocrx_word' id='word_1_285' title='bbox 1703 2870 1946 2933; x_wconf 89' lang='lat' dir='ltr'>humani</span> <span class='ocrx_word' id='word_1_286' title='bbox 1999 2872 2194 2951; x_wconf 91' lang='lat' dir='ltr'>operis</span> <span class='ocrx_word' id='word_1_287' title='bbox 2233 2881 2322 2933; x_wconf 86' lang='lat' dir='ltr'>est</span> <span class='ocrx_word' id='word_1_288' title='bbox 2357 2874 2397 2931; x_wconf 79' lang='lat' dir='ltr'>a</span> <span class='ocrx_word' id='word_1_289' title='bbox 2435 2872 2614 2932; x_wconf 88' lang='lat' dir='ltr'>rebus</span> <span class='ocrx_word' id='word_1_290' title='bbox 2637 2870 2852 2933; x_wconf 85' lang='lat' dir='ltr'>diuinis</span> <span class='ocrx_word' id='word_1_291' title='bbox 2870 2892 2977 2950; x_wconf 88' lang='lat' dir='ltr'>per</span> <span class='ocrx_word' id='word_1_292' title='bbox 2998 2892 3060 2933; x_wconf 90' lang='lat' dir='ltr'>se</span> <span class='ocrx_word' id='word_1_293' title='bbox 3081 2869 3528 2949; x_wconf 80' lang='lat' dir='ltr'>distinguimus,</span> 
     </span>
     <span class='ocr_line' id='line_1_29' title="bbox 592 2950 2910 3032; baseline 0 -22"><span class='ocrx_word' id='word_1_294' title='bbox 592 2952 915 3027; x_wconf 77' lang='lat' dir='ltr'>probamus</span> <span class='ocrx_word' id='word_1_295' title='bbox 931 3000 949 3029; x_wconf 94' lang='lat'>,</span> <span class='ocrx_word' id='word_1_296' title='bbox 990 2957 1045 3015; x_wconf 73' lang='lat'>81</span> <span class='ocrx_word' id='word_1_297' title='bbox 1088 2966 1379 3032; x_wconf 90' lang='lat' dir='ltr'>quatenus</span> <span class='ocrx_word' id='word_1_298' title='bbox 1420 2954 1601 3015; x_wconf 89' lang='lat' dir='ltr'>rebus</span> <span class='ocrx_word' id='word_1_299' title='bbox 1640 2952 1855 3013; x_wconf 90' lang='lat' dir='ltr'>diuinis</span> <span class='ocrx_word' id='word_1_300' title='bbox 1895 2952 2178 3013; x_wconf 85' lang='lat' dir='ltr'>conuenit</span> <span class='ocrx_word' id='word_1_301' title='bbox 2217 2950 2490 3031; x_wconf 78' lang='lat' dir='ltr'>religiose</span> <span class='ocrx_word' id='word_1_302' title='bbox 2539 2951 2910 3031; x_wconf 85' lang='lat' dir='ltr'>suscipimus.</span> 
     </span>
    </p>

    <p class='ocr_par' dir='ltr' id='par_1_17' title="bbox 590 3030 3528 3192">
     <span class='ocr_line' id='line_1_30' title="bbox 682 3030 3528 3113; baseline 0 -24"><span class='ocrx_word' id='word_1_303' title='bbox 682 3050 775 3109; x_wconf 85' lang='lat'>15.</span> <span class='ocrx_word' id='word_1_304' title='bbox 856 3034 1063 3107; x_wconf 88' lang='lat' dir='ltr'>Fides,</span> <span class='ocrx_word' id='word_1_305' title='bbox 1132 3052 1253 3113; x_wconf 91' lang='lat' dir='ltr'>qua</span> <span class='ocrx_word' id='word_1_306' title='bbox 1312 3054 1405 3095; x_wconf 88' lang='lat' dir='ltr'>res</span> <span class='ocrx_word' id='word_1_307' title='bbox 1466 3054 1571 3111; x_wconf 91' lang='lat' dir='ltr'>per</span> <span class='ocrx_word' id='word_1_308' title='bbox 1628 3052 1694 3092; x_wconf 86' lang='lat' dir='ltr'>se</span> <span class='ocrx_word' id='word_1_309' title='bbox 1744 3031 1976 3092; x_wconf 85' lang='lat' dir='ltr'>diuinas</span> <span class='ocrx_word' id='word_1_310' title='bbox 2026 3041 2088 3091; x_wconf 82' lang='lat' dir='ltr'>vt</span> <span class='ocrx_word' id='word_1_311' title='bbox 2143 3032 2374 3108; x_wconf 79' lang='lat' dir='ltr'>diuinas</span> <span class='ocrx_word' id='word_1_312' title='bbox 2415 3031 2775 3109; x_wconf 87' lang='lat' dir='ltr'>accipimus,</span> <span class='ocrx_word' id='word_1_313' title='bbox 2812 3030 3218 3109; x_wconf 82' lang='lat' dir='ltr'>iudiciumque</span> <span class='ocrx_word' id='word_1_314' title='bbox 3257 3040 3528 3091; x_wconf 85' lang='lat' dir='ltr'>nostrum</span> 
     </span>
     <span class='ocr_line' id='line_1_31' title="bbox 590 3108 2276 3192; baseline 0.004 -22"><span class='ocrx_word' id='word_1_315' title='bbox 590 3108 817 3173; x_wconf 67' lang='lat' dir='ltr'>eisdem</span> <span class='ocrx_word' id='word_1_316' title='bbox 864 3118 1393 3191; x_wconf 67' lang='grc' dir='ltr'>αἰχμαλωτίζοντες</span> <span class='ocrx_word' id='word_1_317' title='bbox 1433 3114 1529 3192; x_wconf 64' lang='lat' dir='ltr'>pie</span> <span class='ocrx_word' id='word_1_318' title='bbox 1570 3115 1625 3173; x_wconf 86' lang='lat'>&amp;</span> <span class='ocrx_word' id='word_1_319' title='bbox 1666 3116 1867 3173; x_wconf 68' lang='lat' dir='ltr'>sancte</span> <span class='ocrx_word' id='word_1_320' title='bbox 1909 3112 2276 3176; x_wconf 71' lang='lat' dir='ltr'>subiicimm.</span> 
     </span>
    </p>

    <p class='ocr_par' dir='ltr' id='par_1_18' title="bbox 592 3190 3528 3360">
     <span class='ocr_line' id='line_1_32' title="bbox 626 3190 3528 3271; baseline -0.001 -20"><span class='ocrx_word' id='word_1_321' title='bbox 626 3208 631 3211; x_wconf 87' lang='lat'>·</span> <span class='ocrx_word' id='word_1_322' title='bbox 690 3194 780 3253; x_wconf 87' lang='lat'>16.</span> <span class='ocrx_word' id='word_1_323' title='bbox 858 3195 1144 3271; x_wconf 89' lang='lat' dir='ltr'>Alioquin</span> <span class='ocrx_word' id='word_1_324' title='bbox 1200 3197 1363 3254; x_wconf 88' lang='lat' dir='ltr'>nulla</span> <span class='ocrx_word' id='word_1_325' title='bbox 1398 3194 1707 3255; x_wconf 80' lang='lat' dir='ltr'>hominum</span> <span class='ocrx_word' id='word_1_326' title='bbox 1750 3192 2158 3271; x_wconf 88' lang='lat' dir='ltr'>interpretatio</span> <span class='ocrx_word' id='word_1_327' title='bbox 2199 3194 2295 3253; x_wconf 88' lang='lat' dir='ltr'>vel</span> <span class='ocrx_word' id='word_1_328' title='bbox 2332 3192 2576 3271; x_wconf 90' lang='lat' dir='ltr'>scriptio</span> <span class='ocrx_word' id='word_1_329' title='bbox 2615 3191 2863 3253; x_wconf 83' lang='lat' dir='ltr'>veritate</span> <span class='ocrx_word' id='word_1_330' title='bbox 2899 3194 2958 3253; x_wconf 74' lang='grc' dir='ltr'>δι</span> <span class='ocrx_word' id='word_1_331' title='bbox 2997 3190 3350 3252; x_wconf 87' lang='lat' dir='ltr'>auctoritate</span> <span class='ocrx_word' id='word_1_332' title='bbox 3385 3206 3528 3249; x_wconf 88' lang='lat' dir='ltr'>cum</span> 
     </span>
     <span class='ocr_line' id='line_1_33' title="bbox 592 3274 3406 3360; baseline -0.001 -25"><span class='ocrx_word' id='word_1_333' title='bbox 592 3290 830 3335; x_wconf 81' lang='lat' dir='ltr'>canone</span> <span class='ocrx_word' id='word_1_334' title='bbox 868 3274 1204 3351; x_wconf 86' lang='lat' dir='ltr'>comparari</span> <span class='ocrx_word' id='word_1_335' title='bbox 1246 3275 1301 3334; x_wconf 87' lang='lat'>&amp;</span> <span class='ocrx_word' id='word_1_336' title='bbox 1341 3276 1579 3354; x_wconf 88' lang='lat' dir='ltr'>aequari</span> <span class='ocrx_word' id='word_1_337' title='bbox 1619 3283 1833 3352; x_wconf 87' lang='lat' dir='ltr'>potest.</span> <span class='ocrx_word' id='word_1_338' title='bbox 3391 3346 3406 3360; x_wconf 45' lang='lat'><strong>·</strong></span> 
     </span>
    </p>

    <p class='ocr_par' dir='ltr' id='par_1_19' title="bbox 590 3350 3534 3655">
     <span class='ocr_line' id='line_1_34' title="bbox 686 3350 3534 3431; baseline -0.001 -18"><span class='ocrx_word' id='word_1_339' title='bbox 686 3370 777 3428; x_wconf 91' lang='lat'>17.</span> <span class='ocrx_word' id='word_1_340' title='bbox 860 3354 1015 3413; x_wconf 86' lang='lat' dir='ltr'>Nam</span> <span class='ocrx_word' id='word_1_341' title='bbox 1071 3353 1133 3413; x_wconf 92' lang='lat' dir='ltr'>in</span> <span class='ocrx_word' id='word_1_342' title='bbox 1176 3372 1409 3415; x_wconf 86' lang='lat' dir='ltr'>canone</span> <span class='ocrx_word' id='word_1_343' title='bbox 1449 3354 1653 3416; x_wconf 87' lang='lat' dir='ltr'>diuina</span> <span class='ocrx_word' id='word_1_344' title='bbox 1693 3363 1833 3413; x_wconf 88' lang='lat' dir='ltr'>sunt</span> <span class='ocrx_word' id='word_1_345' title='bbox 1871 3353 2107 3431; x_wconf 84' lang='lat' dir='ltr'>omnia,</span> <span class='ocrx_word' id='word_1_346' title='bbox 2153 3364 2218 3413; x_wconf 84' lang='lat' dir='ltr'>vt</span> <span class='ocrx_word' id='word_1_347' title='bbox 2254 3353 2312 3412; x_wconf 86' lang='lat' dir='ltr'>in</span> <span class='ocrx_word' id='word_1_348' title='bbox 2355 3354 2521 3413; x_wconf 79' lang='lat' dir='ltr'>fonte</span> <span class='ocrx_word' id='word_1_349' title='bbox 2551 3350 2898 3429; x_wconf 87' lang='lat' dir='ltr'>purissimo:</span> <span class='ocrx_word' id='word_1_350' title='bbox 2941 3351 3003 3410; x_wconf 91' lang='lat' dir='ltr'>in</span> <span class='ocrx_word' id='word_1_351' title='bbox 3047 3350 3534 3429; x_wconf 75' lang='lat' dir='ltr'>interpretatione</span> 
     </span>
     <span class='ocr_line' id='line_1_35' title="bbox 592 3422 3530 3514; baseline -0.002 -19"><span class='ocrx_word' id='word_1_352' title='bbox 592 3445 795 3495; x_wconf 83' lang='lat' dir='ltr'>antem</span> <span class='ocrx_word' id='word_1_353' title='bbox 851 3433 1141 3506; x_wconf 82' lang='lat' dir='ltr'>humana,</span> <span class='ocrx_word' id='word_1_354' title='bbox 1184 3446 1271 3495; x_wconf 90' lang='lat' dir='ltr'>est</span> <span class='ocrx_word' id='word_1_355' title='bbox 1309 3434 1694 3514; x_wconf 85' lang='lat' dir='ltr'>perfectionis</span> <span class='ocrx_word' id='word_1_356' title='bbox 1736 3432 1890 3493; x_wconf 88' lang='lat' dir='ltr'>illius</span> <span class='ocrx_word' id='word_1_357' title='bbox 1930 3432 2169 3493; x_wconf 88' lang='lat' dir='ltr'>diuinae</span> <span class='ocrx_word' id='word_1_358' title='bbox 2203 3422 2487 3493; x_wconf 78' lang='lat' dir='ltr'>imitatio:</span> <span class='ocrx_word' id='word_1_359' title='bbox 2527 3432 2624 3492; x_wconf 91' lang='lat' dir='ltr'>cui</span> <span class='ocrx_word' id='word_1_360' title='bbox 2664 3444 2730 3493; x_wconf 86' lang='lat' dir='ltr'>vt</span> <span class='ocrx_word' id='word_1_361' title='bbox 2769 3431 2827 3491; x_wconf 89' lang='lat' dir='ltr'>in</span> <span class='ocrx_word' id='word_1_362' title='bbox 2873 3450 3028 3508; x_wconf 89' lang='lat' dir='ltr'>aqua</span> <span class='ocrx_word' id='word_1_363' title='bbox 3066 3436 3104 3491; x_wconf 80' lang='lat' dir='ltr'>a</span> <span class='ocrx_word' id='word_1_364' title='bbox 3144 3433 3310 3491; x_wconf 81' lang='lat' dir='ltr'>fonte</span> <span class='ocrx_word' id='word_1_365' title='bbox 3347 3430 3530 3489; x_wconf 90' lang='lat' dir='ltr'>ducta</span> 
     </span>
     <span class='ocr_line' id='line_1_36' title="bbox 590 3506 3528 3652; baseline -0.002 -77"><span class='ocrx_word' id='word_1_366' title='bbox 590 3513 787 3652; x_wconf 86' lang='lat' dir='ltr'>interd</span> <span class='ocrx_word' id='word_1_367' title='bbox 798 3514 1215 3590; x_wconf 86' lang='lat' dir='ltr'>profluendum</span> <span class='ocrx_word' id='word_1_368' title='bbox 1228 3560 1246 3593; x_wconf 96' lang='lat'>,</span> <span class='ocrx_word' id='word_1_369' title='bbox 1288 3514 1374 3575; x_wconf 87' lang='lat' dir='ltr'>sic</span> <span class='ocrx_word' id='word_1_370' title='bbox 1413 3516 1667 3577; x_wconf 85' lang='lat' dir='ltr'>alienum</span> <span class='ocrx_word' id='word_1_371' title='bbox 1714 3512 1861 3592; x_wconf 89' lang='lat' dir='ltr'>quid</span> <span class='ocrx_word' id='word_1_372' title='bbox 1902 3514 2056 3573; x_wconf 90' lang='lat' dir='ltr'>solet</span> <span class='ocrx_word' id='word_1_373' title='bbox 2095 3514 2174 3574; x_wconf 90' lang='lat' dir='ltr'>ab</span> <span class='ocrx_word' id='word_1_374' title='bbox 2213 3513 2608 3573; x_wconf 85' lang='lat' dir='ltr'>instrumento</span> <span class='ocrx_word' id='word_1_375' title='bbox 2647 3514 2912 3572; x_wconf 80' lang='lat' dir='ltr'>humano</span> <span class='ocrx_word' id='word_1_376' title='bbox 2954 3511 3016 3573; x_wconf 89' lang='lat' dir='ltr'>in</span> <span class='ocrx_word' id='word_1_377' title='bbox 3057 3511 3195 3571; x_wconf 89' lang='lat' dir='ltr'>riuis</span> <span class='ocrx_word' id='word_1_378' title='bbox 3235 3506 3528 3570; x_wconf 83' lang='lat' dir='ltr'>ducendis</span> 
     </span>
     <span class='ocr_line' id='line_1_37' title="bbox 596 3611 907 3655; baseline -0.003 -1"><span class='ocrx_word' id='word_1_379' title='bbox 596 3611 742 3655; x_wconf 90' lang='lat' dir='ltr'>acce</span> <span class='ocrx_word' id='word_1_380' title='bbox 788 3611 907 3653; x_wconf 86' lang='lat' dir='ltr'>ere.</span> 
     </span>
    </p>

    <p class='ocr_par' dir='ltr' id='par_1_20' title="bbox 591 3670 3528 3831">
     <span class='ocr_line' id='line_1_38' title="bbox 681 3670 3528 3763; baseline -0.002 -30"><span class='ocrx_word' id='word_1_381' title='bbox 681 3676 772 3733; x_wconf 92' lang='lat'>18.</span> <span class='ocrx_word' id='word_1_382' title='bbox 840 3674 1069 3763; x_wconf 41' lang='lat' dir='ltr'>’Itaque</span> <span class='ocrx_word' id='word_1_383' title='bbox 1111 3673 1378 3734; x_wconf 84' lang='lat' dir='ltr'>diuinum</span> <span class='ocrx_word' id='word_1_384' title='bbox 1421 3694 1717 3735; x_wconf 87' lang='lat' dir='ltr'>canonem</span> <span class='ocrx_word' id='word_1_385' title='bbox 1760 3670 1994 3749; x_wconf 83' lang='lat' dir='ltr'>assequi</span> <span class='ocrx_word' id='word_1_386' title='bbox 2035 3692 2146 3734; x_wconf 90' lang='lat' dir='ltr'>nec</span> <span class='ocrx_word' id='word_1_387' title='bbox 2189 3674 2384 3734; x_wconf 84' lang='lat' dir='ltr'>verbis</span> <span class='ocrx_word' id='word_1_388' title='bbox 2423 3674 2631 3751; x_wconf 74' lang='lat' dir='ltr'>plane,</span> <span class='ocrx_word' id='word_1_389' title='bbox 2671 3690 2782 3732; x_wconf 87' lang='lat' dir='ltr'>nec</span> <span class='ocrx_word' id='word_1_390' title='bbox 2821 3672 3000 3733; x_wconf 70' lang='lat' dir='ltr'>rebu:</span> <span class='ocrx_word' id='word_1_391' title='bbox 3041 3671 3304 3749; x_wconf 74' lang='lat' dir='ltr'>perfecte</span> <span class='ocrx_word' id='word_1_392' title='bbox 3331 3676 3528 3747; x_wconf 79' lang='lat' dir='ltr'>potest</span> 
     </span>
     <span class='ocr_line' id='line_1_39' title="bbox 591 3754 3118 3831; baseline -0.002 -16"><span class='ocrx_word' id='word_1_393' title='bbox 591 3764 797 3815; x_wconf 83' lang='lat' dir='ltr'>nostra</span> <span class='ocrx_word' id='word_1_394' title='bbox 836 3754 1257 3831; x_wconf 74' lang='lat' dir='ltr'>interpretatio.</span> <span class='ocrx_word' id='word_1_395' title='bbox 3115 3808 3118 3811; x_wconf 81' lang='grc'>,</span> 
     </span>
    </p>

    <p class='ocr_par' dir='ltr' id='par_1_21' title="bbox 592 3828 3530 4072">
     <span class='ocr_line' id='line_1_40' title="bbox 680 3828 3530 3913; baseline -0.002 -20"><span class='ocrx_word' id='word_1_396' title='bbox 680 3853 773 3913; x_wconf 86' lang='lat'>19.</span> <span class='ocrx_word' id='word_1_397' title='bbox 853 3833 982 3893; x_wconf 88' lang='lat' dir='ltr'>Etsi</span> <span class='ocrx_word' id='word_1_398' title='bbox 1018 3852 1143 3893; x_wconf 88' lang='lat' dir='ltr'>non</span> <span class='ocrx_word' id='word_1_399' title='bbox 1184 3852 1259 3895; x_wconf 83' lang='lat' dir='ltr'>eo</span> <span class='ocrx_word' id='word_1_400' title='bbox 1304 3835 1497 3895; x_wconf 89' lang='lat' dir='ltr'>minus</span> <span class='ocrx_word' id='word_1_401' title='bbox 1539 3836 1705 3913; x_wconf 90' lang='lat' dir='ltr'>quod</span> <span class='ocrx_word' id='word_1_402' title='bbox 1744 3834 1822 3894; x_wconf 87' lang='lat' dir='ltr'>ad·</span> <span class='ocrx_word' id='word_1_403' title='bbox 1864 3835 2115 3893; x_wconf 87' lang='lat' dir='ltr'>salutem</span> <span class='ocrx_word' id='word_1_404' title='bbox 2155 3833 2295 3893; x_wconf 88' lang='lat' dir='ltr'>satis</span> <span class='ocrx_word' id='word_1_405' title='bbox 2337 3844 2423 3893; x_wconf 89' lang='lat' dir='ltr'>est</span> <span class='ocrx_word' id='word_1_406' title='bbox 2458 3832 2634 3893; x_wconf 81' lang='lat' dir='ltr'>nobis</span> <span class='ocrx_word' id='word_1_407' title='bbox 2651 3876 2668 3911; x_wconf 89' lang='lat'>,</span> <span class='ocrx_word' id='word_1_408' title='bbox 2689 3830 3058 3908; x_wconf 85' lang='lat' dir='ltr'>assequimur</span> <span class='ocrx_word' id='word_1_409' title='bbox 3078 3832 3338 3891; x_wconf 87' lang='lat' dir='ltr'>humana</span> <span class='ocrx_word' id='word_1_410' title='bbox 3355 3828 3530 3889; x_wconf 85' lang='lat' dir='ltr'>inter-</span> 
     </span>
     <span class='ocr_line' id='line_1_41' title="bbox 592 3908 3530 3993; baseline -0.003 -18"><span class='ocrx_word' id='word_1_411' title='bbox 592 3913 958 3993; x_wconf 79' lang='lat' dir='ltr'>pretatione:</span> <span class='ocrx_word' id='word_1_412' title='bbox 1004 3912 1141 3991; x_wconf 81' lang='lat' dir='ltr'>quia</span> <span class='ocrx_word' id='word_1_413' title='bbox 1186 3914 1387 3975; x_wconf 83' lang='lat' dir='ltr'>diuina</span> <span class='ocrx_word' id='word_1_414' title='bbox 1426 3914 1511 3975; x_wconf 92' lang='lat' dir='ltr'>rei</span> <span class='ocrx_word' id='word_1_415' title='bbox 1550 3914 1838 3993; x_wconf 86' lang='lat' dir='ltr'>perfectio</span> <span class='ocrx_word' id='word_1_416' title='bbox 1880 3930 2080 3991; x_wconf 89' lang='lat' dir='ltr'>neque</span> <span class='ocrx_word' id='word_1_417' title='bbox 2115 3912 2408 3974; x_wconf 82' lang='lat' dir='ltr'>sermonis</span> <span class='ocrx_word' id='word_1_418' title='bbox 2446 3930 2642 3990; x_wconf 85' lang='lat' dir='ltr'>neque</span> <span class='ocrx_word' id='word_1_419' title='bbox 2685 3923 2896 3989; x_wconf 89' lang='lat' dir='ltr'>captus</span> <span class='ocrx_word' id='word_1_420' title='bbox 2925 3911 3170 3972; x_wconf 82' lang='lat' dir='ltr'>humani</span> <span class='ocrx_word' id='word_1_421' title='bbox 3190 3908 3530 3970; x_wconf 74' lang='lat' dir='ltr'>infirmitate</span> 
     </span>
     <span class='ocr_line' id='line_1_42' title="bbox 596 3992 2122 4072; baseline -0.002 -17"><span class='ocrx_word' id='word_1_422' title='bbox 596 3994 841 4071; x_wconf 83' lang='lat' dir='ltr'>eluitur,</span> <span class='ocrx_word' id='word_1_423' title='bbox 883 3996 938 4054; x_wconf 85' lang='lat'>&amp;</span> <span class='ocrx_word' id='word_1_424' title='bbox 980 3996 1147 4072; x_wconf 93' lang='lat' dir='ltr'>quod</span> <span class='ocrx_word' id='word_1_425' title='bbox 1188 3992 1288 4055; x_wconf 86' lang='lat' dir='ltr'>vni</span> <span class='ocrx_word' id='word_1_426' title='bbox 1330 3997 1471 4055; x_wconf 89' lang='lat' dir='ltr'>loco</span> <span class='ocrx_word' id='word_1_427' title='bbox 1511 3996 1701 4069; x_wconf 84' lang='lat' dir='ltr'>deest,</span> <span class='ocrx_word' id='word_1_428' title='bbox 1744 3994 1896 4053; x_wconf 83' lang='lat' dir='ltr'>inest</span> <span class='ocrx_word' id='word_1_429' title='bbox 1935 3992 2122 4053; x_wconf 86' lang='lat' dir='ltr'>alteri.</span> 
     </span>
    </p>

    <p class='ocr_par' dir='ltr' id='par_1_22' title="bbox 596 4068 3530 4312">
     <span class='ocr_line' id='line_1_43' title="bbox 680 4068 3528 4165; baseline -0.002 -32"><span class='ocrx_word' id='word_1_430' title='bbox 680 4094 773 4135; x_wconf 88' lang='lat'>20.</span> <span class='ocrx_word' id='word_1_431' title='bbox 858 4074 1014 4134; x_wconf 89' lang='lat' dir='ltr'>Nam</span> <span class='ocrx_word' id='word_1_432' title='bbox 1078 4086 1266 4135; x_wconf 87' lang='lat' dir='ltr'>totum</span> <span class='ocrx_word' id='word_1_433' title='bbox 1328 4075 1616 4135; x_wconf 88' lang='lat' dir='ltr'>habemus</span> <span class='ocrx_word' id='word_1_434' title='bbox 1667 4073 1726 4134; x_wconf 90' lang='lat' dir='ltr'>in</span> <span class='ocrx_word' id='word_1_435' title='bbox 1789 4071 2094 4165; x_wconf 85' lang='lat' dir='ltr'>principiis</span> <span class='ocrx_word' id='word_1_436' title='bbox 2155 4084 2435 4151; x_wconf 84' lang='lat' dir='ltr'>tanquam</span> <span class='ocrx_word' id='word_1_437' title='bbox 2492 4072 2760 4151; x_wconf 86' lang='lat' dir='ltr'>partibus</span> <span class='ocrx_word' id='word_1_438' title='bbox 2813 4070 3219 4132; x_wconf 82' lang='lat' dir='ltr'>essentialibus</span> <span class='ocrx_word' id='word_1_439' title='bbox 3257 4069 3406 4129; x_wconf 87' lang='lat' dir='ltr'>eius:</span> <span class='ocrx_word' id='word_1_440' title='bbox 3449 4068 3528 4127; x_wconf 91' lang='lat' dir='ltr'>de</span> 
     </span>
     <span class='ocr_line' id='line_1_44' title="bbox 596 4147 3530 4233; baseline -0.003 -19"><span class='ocrx_word' id='word_1_441' title='bbox 596 4153 768 4215; x_wconf 90' lang='lat' dir='ltr'>cuius</span> <span class='ocrx_word' id='word_1_442' title='bbox 810 4154 1059 4215; x_wconf 86' lang='lat' dir='ltr'>essentia</span> <span class='ocrx_word' id='word_1_443' title='bbox 1101 4156 1156 4214; x_wconf 73' lang='lat'>81</span> <span class='ocrx_word' id='word_1_444' title='bbox 1200 4154 1445 4216; x_wconf 85' lang='lat' dir='ltr'>veritate</span> <span class='ocrx_word' id='word_1_445' title='bbox 1486 4154 1630 4215; x_wconf 89' lang='lat' dir='ltr'>nihil</span> <span class='ocrx_word' id='word_1_446' title='bbox 1669 4164 1919 4233; x_wconf 84' lang='lat' dir='ltr'>propter</span> <span class='ocrx_word' id='word_1_447' title='bbox 1958 4154 2284 4232; x_wconf 76' lang='lat' dir='ltr'>singulares</span> <span class='ocrx_word' id='word_1_448' title='bbox 2321 4154 2464 4213; x_wconf 92' lang='lat' dir='ltr'>istos</span> <span class='ocrx_word' id='word_1_449' title='bbox 2506 4152 2632 4231; x_wconf 84' lang='lat' dir='ltr'>(qui</span> <span class='ocrx_word' id='word_1_450' title='bbox 2671 4156 2708 4211; x_wconf 77' lang='lat' dir='ltr'>a</span> <span class='ocrx_word' id='word_1_451' title='bbox 2747 4151 2860 4230; x_wconf 88' lang='lat' dir='ltr'>piis</span> <span class='ocrx_word' id='word_1_452' title='bbox 2899 4150 3316 4229; x_wconf 86' lang='lat' dir='ltr'>interpretibus</span> <span class='ocrx_word' id='word_1_453' title='bbox 3355 4147 3530 4208; x_wconf 89' lang='lat' dir='ltr'>adue·</span> 
     </span>
     <span class='ocr_line' id='line_1_45' title="bbox 597 4232 2971 4312; baseline -0.001 -17"><span class='ocrx_word' id='word_1_454' title='bbox 597 4234 794 4311; x_wconf 89' lang='lat' dir='ltr'>niunt)</span> <span class='ocrx_word' id='word_1_455' title='bbox 838 4234 1104 4296; x_wconf 85' lang='lat' dir='ltr'>defectus</span> <span class='ocrx_word' id='word_1_456' title='bbox 1146 4238 1369 4296; x_wconf 88' lang='lat' dir='ltr'>locales</span> <span class='ocrx_word' id='word_1_457' title='bbox 1410 4235 1563 4296; x_wconf 92' lang='lat' dir='ltr'>adeo</span> <span class='ocrx_word' id='word_1_458' title='bbox 1606 4233 1913 4312; x_wconf 88' lang='lat' dir='ltr'>minuitur,</span> <span class='ocrx_word' id='word_1_459' title='bbox 1952 4244 2018 4293; x_wconf 85' lang='lat' dir='ltr'>vt</span> <span class='ocrx_word' id='word_1_460' title='bbox 2058 4233 2287 4293; x_wconf 86' lang='lat' dir='ltr'>desinat</span> <span class='ocrx_word' id='word_1_461' title='bbox 2328 4251 2454 4292; x_wconf 89' lang='lat' dir='ltr'>esse</span> <span class='ocrx_word' id='word_1_462' title='bbox 2496 4232 2698 4292; x_wconf 88' lang='lat' dir='ltr'>diuina</span> <span class='ocrx_word' id='word_1_463' title='bbox 2739 4232 2971 4292; x_wconf 65' lang='lat' dir='ltr'>veritas</span> 
     </span>
    </p>

    <p class='ocr_par' dir='ltr' id='par_1_23' title="bbox 692 4305 3532 4394">
     <span class='ocr_line' id='line_1_46' title="bbox 692 4305 3532 4394; baseline -0.003 -21"><span class='ocrx_word' id='word_1_464' title='bbox 692 4334 784 4374; x_wconf 87' lang='lat'>21.</span> <span class='ocrx_word' id='word_1_465' title='bbox 868 4316 1425 4394; x_wconf 88' lang='lat' dir='ltr'>Interpretationum</span> <span class='ocrx_word' id='word_1_466' title='bbox 1482 4333 1629 4393; x_wconf 87' lang='lat' dir='ltr'>quas</span> <span class='ocrx_word' id='word_1_467' title='bbox 1680 4314 2022 4375; x_wconf 84' lang='lat' dir='ltr'>tralationes</span> <span class='ocrx_word' id='word_1_468' title='bbox 2073 4312 2359 4388; x_wconf 87' lang='lat' dir='ltr'>dicimus,</span> <span class='ocrx_word' id='word_1_469' title='bbox 2399 4329 2552 4390; x_wconf 84' lang='lat' dir='ltr'>quae</span> <span class='ocrx_word' id='word_1_470' title='bbox 2592 4312 2783 4390; x_wconf 87' lang='lat' dir='ltr'>prima</span> <span class='ocrx_word' id='word_1_471' title='bbox 2823 4312 3032 4389; x_wconf 83' lang='lat' dir='ltr'>legitur</span> <span class='ocrx_word' id='word_1_472' title='bbox 3071 4314 3132 4373; x_wconf 88' lang='lat' dir='ltr'>in</span> <span class='ocrx_word' id='word_1_473' title='bbox 3171 4311 3351 4387; x_wconf 86' lang='lat' dir='ltr'>vulgo</span> <span class='ocrx_word' id='word_1_474' title='bbox 3391 4305 3532 4367; x_wconf 81' lang='lat' dir='ltr'>exti—</span> 
     </span>
    </p>
   </div>
   <div class='ocr_carea' id='block_1_4' title="bbox 596 4392 3534 4529">
    <p class='ocr_par' dir='ltr' id='par_1_24' title="bbox 596 4392 3534 4529">
     <span class='ocr_line' id='line_1_47' title="bbox 596 4392 3534 4529; baseline 0.002 -74"><span class='ocrx_word' id='word_1_475' title='bbox 596 4392 772 4472; x_wconf 87' lang='lat' dir='ltr'>tisse,</span> <span class='ocrx_word' id='word_1_476' title='bbox 824 4404 911 4455; x_wconf 89' lang='lat' dir='ltr'>est</span> <span class='ocrx_word' id='word_1_477' title='bbox 956 4396 1264 4456; x_wconf 89' lang='lat' dir='ltr'>Seniorum</span> <span class='ocrx_word' id='word_1_478' title='bbox 1308 4396 1543 4456; x_wconf 86' lang='lat' dir='ltr'>illorum</span> <span class='ocrx_word' id='word_1_479' title='bbox 1592 4411 1782 4454; x_wconf 76' lang='lat' dir='ltr'>Lxxu.</span> <span class='ocrx_word' id='word_1_480' title='bbox 1824 4395 2056 4454; x_wconf 90' lang='lat' dir='ltr'>Graeca</span> <span class='ocrx_word' id='word_1_481' title='bbox 2099 4394 2164 4469; x_wconf 85' lang='lat' dir='ltr'>(f.</span> <span class='ocrx_word' id='word_1_482' title='bbox 2214 4394 2408 4470; x_wconf 86' lang='lat'><em>1772).</em></span> <span class='ocrx_word' id='word_1_483' title='bbox 3157 4489 3228 4529; x_wconf 62' lang='lat'>2²</span> <span class='ocrx_word' id='word_1_484' title='bbox 3331 4465 3534 4528; x_wconf 59' lang='lat' dir='ltr'>Huius</span> 
     </span>
    </p>
   </div>
  </div>
 </body>
</html>
