3923 4875
581 333 689 414 1⁸72
1519 327 1847 393 r'nnsns
1907 306 2562 395 rusonoorcas.

581 517 699 576 Sed
762 515 898 574 cum
960 515 1189 574 bonum
1252 512 1328 573 sit
1390 511 1637 594 duples,
1700 505 2002 572 externum
2065 513 2120 572 &
2177 507 2500 571 internum:
2564 511 2872 588 quomodo
2913 511 3038 572 eius
3077 508 3380 573 arbitrium
3421 516 3500 576 ad

579 607 893 672 vtrumque
932 613 997 654 se
1046 594 1268 653 habeat
1307 589 1631 654 videamus.
2639 668 2644 670 .

660 679 715 735 8.
794 677 1034 736 Bonum
1075 683 1385 734 externum
1423 689 1709 733 vocamus
1749 671 1847 732 vel
1885 672 2178 749 naturale,
2218 672 2315 731 vel
2353 673 2594 730 morale.
2637 671 2708 730 In
2748 669 2852 731 illo
2891 671 3195 732 hominem
3231 673 3499 734 nondum

579 766 991 834 regeneratum
1032 751 1261 829 aliquid
1300 771 1479 832 posse
1519 763 1682 832 patet
1723 771 1796 812 ex
1836 771 1909 812 eo
1926 797 1944 830 ,
1985 752 2151 828 quOd
2189 751 2478 810 naturalia
2517 749 2745 811 etiamsi
2785 751 2998 812 mirum
3035 751 3094 810 in
3117 754 3367 813 modum
3386 753 3501 814 sint

581 837 899 914 offuscata,
960 853 1086 896 non
1146 843 1349 893 tamen
1410 829 1493 892 ita
1533 842 1668 892 sunt
1708 833 1930 908 deleta,
1973 829 2115 908 quin
2157 841 2282 890 tum
2323 829 2623 890 intellectu
2661 832 2955 907 quaedam
2997 831 3334 910 percipere,
3375 843 3500 894 tum

586 918 891 976 voluntate
934 912 1059 974 siue
1100 911 1343 973 arbitrio
1385 913 1681 989 quaedam
1720 909 2054 990 percipere,
2092 921 2219 969 tum
2240 910 2542 971 voluntate
2564 910 2689 970 siue
2707 909 2952 974 arbitrio
2973 912 3264 988 quaedam
3285 912 3501 991 eligere

588 1017 659 1056 ac
699 993 981 1072 prosequi
1020 991 1240 1072 possit,
1281 993 1465 1069 idque
1504 1011 1629 1053 non
1668 990 1782 1053 nisi
1818 989 2079 1070 generali
2115 989 2233 1050 Dei
2272 989 2488 1051 auxilio
2530 989 2780 1050 adiutuS.
2841 993 2912 1052 In
2953 991 3163 1051 morali
3203 995 3500 1070 (respectu

583 1074 888 1136 actionum
929 1067 1189 1134 ciuilium
1202 1117 1221 1152 ,
1262 1073 1785 1133 oeconomicarum
1826 1074 1881 1132 &
1922 1080 2294 1130 externarum
2310 1115 2327 1146 ,
2367 1085 2520 1146 quae
2561 1086 2698 1129 cum
2737 1070 2867 1148 lege
2905 1071 3024 1132 Dei
3057 1070 3330 1132 videntur
3359 1091 3500 1133 con-

586 1159 822 1234 gruere)
886 1163 1114 1214 tantum
1176 1162 1398 1231 potest,
1454 1161 1741 1229 quantum
1782 1150 2022 1228 sufficit,
2063 1160 2125 1210 vt
2167 1147 2504 1210 incusabilis
2544 1169 2748 1210 coram
2787 1151 2924 1210 Deo
2967 1150 3265 1212 reddatur.
3325 1153 3499 1212 Rom.

588 1257 642 1296 2.
711 1255 802 1308 14.
865 1234 984 1294 Sed
1043 1232 1107 1292 in
1166 1228 1330 1292 hisce
1390 1229 1617 1292 etiamsi
1676 1230 1863 1290 homo
1904 1231 2091 1291 multa
2129 1247 2280 1306 quae
2323 1231 2626 1308 praeclara
2661 1229 2719 1288 '81
2759 1230 2932 1294 laude
2974 1228 3154 1307 digna
3191 1229 3503 1292 videantur

584 1324 883 1396 praestare
942 1309 1159 1390 possit,
1220 1309 1460 1390 speciali
1504 1311 1621 1371 Dei
1663 1309 1911 1401 auxiliO,
1950 1311 2149 1370 Exod.
2191 1329 2289 1385 31.
2340 1331 2392 1370 2.
2453 1311 2635 1372 Pron.
2683 1330 2773 1368 21.
2820 1330 2880 1369 2.
2915 1317 3115 1371 tamen
3153 1311 3308 1371 adeo
3347 1310 3504 1372 vitiis

586 1403 725 1454 sunt
785 1391 1186 1454 contaminata
1245 1391 1480 1474 omnia,
1543 1400 1607 1451 vt
1644 1389 1743 1450 vix
1784 1389 1845 1450 in
1887 1387 1956 1448 iis
1995 1387 2216 1480 aliquid
2255 1389 2402 1449 boni
2443 1391 2673 1449 eluceat
2711 1392 2847 1466 (nec
2887 1388 3044 1450 enim
3085 1389 3356 1468 virtutes,
3395 1392 3504 1452 sed

582 1473 864 1537 virtutum
924 1471 1281 1534 simulachra
1336 1488 1543 1534 reuera
1582 1473 1742 1548 sunt)
1785 1471 1976 1530 multo
2019 1485 2211 1528 minus
2253 1479 2316 1529 vt
2360 1467 2520 1529 hisce
2561 1488 2623 1530 se
2661 1470 2739 1528 ad
2779 1467 3028 1547 gratiam
3071 1468 3195 1530 siue
3235 1469 3505 1530 iustifica-

583 1553 809 1615 tionem
846 1570 1225 1632 praeparare,
1264 1553 1390 1631 vel,
1430 1561 1493 1612 vt
1532 1551 1697 1612 Deus
1737 1549 1927 1611 oculis
1968 1547 2409 1609 misericordiae
2446 1548 2644 1626 ipsum
2683 1547 2984 1628 respiciat,
3025 1552 3260 1610 efficere
3288 1549 3504 1628 possit,

587 1637 726 1695 cum
783 1629 929 1695 nihil
962 1631 1149 1700 ,aliud
1207 1632 1393 1692 homo
1447 1629 1521 1691 sit
1574 1633 1753 1708 quam
1792 1639 2108 1709 peccator,
2145 1629 2316 1688 Rom.
2359 1648 2417 1706 3.
2459 1648 2514 1706 9.
2558 1627 2802 1706 impiUS,
2841 1631 3013 1690 Rom.
3060 1647 3116 1707 5.
3154 1631 3212 1690 6.
3253 1641 3503 1707 peccato

591 1724 889 1790 mortuus,
928 1711 1089 1791 Epa.
1134 1731 1187 1772 2.
1226 1707 1285 1772 ’1.
1354 1711 1475 1772 Col.
1524 1730 1575 1770 2.
1626 1729 1716 1787 13.
1758 1709 2038 1787 carnaIiS,
2077 1710 2248 1769 Rom
2293 1711 2347 1768 8.
2393 1725 2446 1786 5.
2486 1711 2595 1770 διε.
2635 1709 2945 1770 Praeterea
2986 1729 3060 1770 ex
3099 1707 3168 1770 iis
3209 1726 3362 1786 quae
3380 1711 3506 1771 vult

590 1803 691 1854 aut
750 1791 917 1870 facit,
957 1790 1184 1851 etiamsi
1224 1789 1519 1868 quaedam
1558 1791 1721 1860 bona
1760 1788 1877 1850 sint
1919 1787 1980 1849 in
2022 1807 2113 1868 se,
2156 1798 2399 1865 peccata
2437 1799 2635 1850 tamen
2677 1789 2825 1850 fiunt
2865 1809 2974 1871 per
3009 1789 3324 1870 accidens,
3365 1791 3504 1850 cum

594 1892 718 1941 non
776 1870 1132 1950 proueniant
1178 1875 1215 1930 a
1254 1873 1420 1932 bono
1447 1867 1785 1961 'principi0‚
1825 1887 1938 1930 nec
1975 1888 2082 1948 per
2120 1869 2283 1929 bona
2322 1867 2550 1947 media,
2587 1887 2700 1932 nec
2738 1867 2801 1929 in
2839 1871 3070 1930 bonum
3112 1871 3326 1951 finem3
3364 1890 3505 1933 nam

585 1949 801 2018 finibus
816 1997 833 2030 ,
873 1969 999 2012 non
1042 1945 1271 2012 actibus
1313 1954 1401 2028 (vt
1440 1961 1521 2012 alt
1563 1949 1947 2030 Augustinus)
1987 1958 2310 2026 pensantur
2346 1946 2574 2027 media,
2613 1949 2732 2008 huc
2772 1949 3064 2010 accedunt
3103 1951 3290 2010 verba
3324 1949 3506 2029 ipsius

472 2045 481 2059 “
592 2029 839 2109 Christi,
879 2031 1104 2090 Matth.
1150 2046 1203 2105 7.
1252 2033 1344 2092 18.
1392 2031 1533 2091 Non
1573 2024 1775 2109 potest
1813 2027 1994 2090 arbor
2033 2029 2188 2090 mala
2225 2028 2422 2089 bonos
2461 2030 2684 2089 fructus
2725 2029 2954 2110 facere3
2999 2030 3055 2090 &
3095 2029 3293 2108 Pauli,
3331 2033 3506 2090 Rom.

601 2131 689 2184 14.
737 2131 829 2187 23.
872 2103 1155 2190 quicquid
1194 2108 1260 2171 fit
1296 2107 1423 2172 sine
1462 2112 1580 2172 fide
1616 2119 1935 2188 peccatum
1975 2118 2082 2168 est.
2123 2107 2349 2195 Contra
2382 2108 2547 2186 quod
2568 2108 2875 2170 manifeste
2894 2119 3161 2171 asserunt
3180 2108 3474 2184 Pontificij
3489 2154 3509 2189 ,

594 2193 881 2252 Bellarm.
942 2197 1131 2252 contr.
1193 2209 1249 2266 3.
1300 2192 1401 2254 lib.
1443 2206 1498 2268 5.
1538 2200 1667 2270 cap.
1708 2211 1763 2269 9.
1823 2187 2158 2250 Hominem
2196 2187 2440 2266 aliquod
2478 2187 2706 2249 bonum
2747 2191 2972 2250 morale
3011 2191 3295 2268 perficere
3332 2209 3513 2269 posse

592 2270 717 2332 sine
755 2271 873 2332 fide
912 2271 968 2330 &
1006 2265 1227 2332 auxilio
1265 2267 1539 2352 speciali,
1577 2269 1630 2331 ¹si
1665 2271 1830 2333 nulla
1868 2267 2116 2333 tentatio
2157 2278 2382 2346 vrgeat.

668 2372 749 2429 9.,
804 2351 875 2411 111
913 2347 1159 2412 internis
1172 2396 1190 2429 ,
1228 2345 1351 2432 hoc
1392 2361 1479 2411 est
1519 2347 1914 2428 spiritualibus
1954 2352 2010 2409 &
2049 2347 2591 2426 supernaturalibus
2632 2357 2796 2408 tanta
2835 2368 2908 2409 ex
2943 2351 3114 2429 lapsu
3152 2356 3399 2428 sequuta
3418 2359 3508 2410 est

590 2429 803 2493 mentis
844 2429 1099 2493 caecitas
1140 2433 1197 2492 &
1236 2426 1504 2493 omnium
1546 2427 1913 2492 caeterarum
1950 2425 2184 2490 animae
2224 2429 2567 2491 facultatum
2608 2428 2954 2508 deprauatio
2969 2477 2987 2507 ,
3029 2442 3094 2491 vt
3129 2450 3256 2493 non
3274 2431 3508 2492 tantum

464 2510 482 2530 ‘
590 2531 662 2573 ea
722 2526 873 2590 quae
935 2512 1015 2571 ad
1074 2512 1271 2571 Deum
1328 2520 1600 2589 spectant
1657 2530 1781 2572 non
1841 2507 2312 2571 animaduertere
2325 2554 2342 2588 ,
2381 2511 2669 2588 probare,
2711 2519 2813 2570 aut
2851 2512 3001 2572 velle
3039 2511 3227 2590 possit
3241 2554 3260 2592 ,
3301 2510 3408 2571 sed
3445 2520 3511 2570 vt

593 2593 831 2669 insuper
890 2590 968 2652 ab
1028 2590 1143 2651 illis
1202 2590 1550 2670 adhorreat,
1603 2590 1753 2677 &3ei
1790 2589 1907 2651 sint
1946 2588 2208 2651 stultitia.
2278 2610 2328 2649 1.
2377 2591 2514 2652 Gor.
2558 2610 2612 2651 2.
2660 2610 2748 2663 14.
2815 2610 2870 2652 a.
2917 2591 3055 2651 Cor.
3095 2611 3154 2668 3.
3197 2608 3252 2671 5.
3294 2592 3371 2651 ἐν
3409 2610 3508 2664 44.

600 2692 651 2732 1.
696 2672 838 2732 Cor.
886 2691 937 2731 1.
984 2690 1008 2729 1
1021 2674 1077 2731 8.
1136 2668 1411 2749 Turpiter
1450 2688 1593 2749 ergo
1634 2669 1697 2729 in
1737 2690 1811 2731 eo
1851 2679 2046 2731 errant
2086 2668 2378 2748 Pontificij
2421 2669 2566 2729 dum
2601 2680 2895 2749 asserunt,
2927 2670 3180 2732 h’berum
3201 2668 3507 2733 arbitrium

592 2751 654 2811 in
692 2750 762 2810 iis
802 2768 956 2827 quae
994 2750 1071 2811 ad
1110 2750 1388 2829 pietatem
1430 2749 1729 2827 pertinent
1766 2749 1991 2811 Adami
2028 2752 2197 2827 lapsu
2237 2748 2619 2812 solummodo
2639 2750 2865 2810 laesum
2887 2748 3064 2811 fuisse
3079 2796 3098 2829 ,
3130 2769 3255 2812 non
3274 2749 3509 2831 penitus

594 2828 919 2894 extinctum
935 2876 951 2907 ,
1009 2830 1281 2906 viresque
1341 2831 1655 2892 nonnullas
1716 2830 1895 2891 etiam
1957 2828 2021 2890 in
2061 2839 2269 2890 natura
2309 2839 2588 2907 corrupta
2628 2826 3006 2912 remansisse,
3047 2832 3154 2891 sed
3194 2830 3417 2909 sopitas
3457 2833 3511 2890 &

594 2908 1023 2972 semimortuas,
1084 2912 1373 2973 Bellarm.
1434 2920 1619 2970 contr.
1681 2931 1739 2987 3.
1796 2910 1895 2971 lib.
1938 2925 1996 2989 5.
2036 2914 2162 2987 cap.
2209 2930 2237 2969 1
2250 2929 2301 2971 1.
2351 2912 2480 2970 Nos
2524 2912 2734 2971 contra
2773 2906 3082 2971 asserimus
3122 2912 3512 2972 Voluntatem

592 2988 851 3052 hominis
889 3009 1014 3051 non
1055 2989 1383 3067 regenerati
1424 3008 1551 3050 esse
1590 2990 1885 3068 impuram
1919 3006 2160 3067 prorsus
2181 2988 2236 3049 &
2255 2989 2650 3069 propinquam
2669 2989 2998 3066 potentiam
3019 3009 3126 3052 seu
3144 2989 3478 3052 libertatem
3497 3034 3515 3067 ,

593 3070 715 3130 imo
759 3068 1204 3130 inclinationem
1241 3069 1319 3129 ad
1359 3072 1581 3130 malum
1624 3080 1851 3131 tantum
1892 3068 2134 3130 habere.

684 3168 774 3208 10.
856 3149 975 3208 Sed
1014 3150 1151 3209 cum
1192 3150 1377 3210 homo
1418 3168 1494 3210 ex
1531 3168 1595 3210 se
1633 3148 1781 3210 nihil
1821 3148 2037 3229 possit,
2079 3168 2192 3210 nec
2232 3160 2298 3209 vt
2336 3149 2415 3209 ad
2455 3146 2898 3226 generationem
2919 3194 2938 3229 ‚
2977 3150 3064 3211 sic
3107 3148 3186 3211 ad
3225 3151 3316 3211 sui
3353 3169 3515 3227 rege-

596 3226 961 3289 nerationem
1024 3228 1343 3307 quicquam
1406 3230 1700 3308 conferat,
1762 3229 1968 3291 verum
2027 3244 2133 3289 sua
2191 3228 2455 3290 nuditate
2511 3226 2820 3289 conuictus
2863 3248 3001 3290 cum
3041 3231 3282 3292 Adamo
3321 3232 3519 3289 Deum

600 3306 786 3385 magis
847 3327 919 3367 ac
958 3306 1147 3385 magis
1186 3307 1401 3389 sugiat3
1440 3306 1502 3369 in
1542 3320 1847 3370 aeternum
1888 3308 2124 3370 interire
2167 3308 2466 3369 debuisset
2479 3354 2498 3389 ,
2538 3307 2648 3369 nisi
2687 3306 2852 3370 Deus
2892 3312 2958 3386 (f.
3004 3310 3111 3389 165
3124 3312 3198 3386 1.)
3241 3328 3314 3369 ex
3354 3329 3519 3369 mera

598 3385 1005 3448 misericordia
1066 3403 1203 3447 eum
1264 3387 1584 3449 efficaciter
1639 3390 1917 3451 vocando
1977 3388 2194 3449 sensim
2235 3398 2682 3467 transmutaret,
2723 3405 2946 3449 nouam
2985 3390 3179 3450 lucem
3218 3388 3280 3449 in
3319 3399 3519 3449 mente

599 3467 761 3546 prius
825 3465 1075 3545 caligine
1135 3466 1329 3528 obsita
1368 3467 1790 3549 accendend0,
1828 3480 1895 3529 vt
1934 3486 2088 3544 quae
2127 3468 2243 3531 Dei
2281 3478 2418 3528 sunt
2454 3472 2510 3531 &
2553 3470 2632 3529 ad
2675 3470 2924 3530 salutem
2961 3468 3294 3530 necessaria
3333 3468 3521 3547 possit

598 3564 951 3626 agnoscere3
989 3545 1223 3607 Deinde
1266 3548 1633 3608 voluntatem
1672 3565 2012 3627 peruersam
2051 3550 2107 3609 &
2145 3552 2182 3608 a
2219 3551 2355 3609 Deo
2396 3566 2666 3609 auersam
2705 3545 2791 3609 sic
2807 3549 3181 3610 moderando
3199 3595 3215 3627 ,
3245 3550 3519 3625 adeoque

602 3626 665 3686 in
724 3626 1001 3687 omnibus
1050 3622 1359 3687 affectibus
1398 3644 1619 3688 nouam
1634 3673 1653 3709 ,
1690 3628 1830 3690 licet
1867 3626 2274 3705 imperfectam
2314 3628 2684 3689 sanctitatem
2725 3630 3062 3707 operand0,
3099 3638 3165 3688 vt
3201 3628 3322 3689 iam
3359 3644 3522 3689 noua

601 3717 869 3767 creatura
907 3708 1125 3784 factus,
1168 3707 1313 3766 dum
1353 3725 1506 3783 quae
1545 3707 1667 3768 Dei
1702 3718 1841 3770 sunt
1880 3710 2224 3789 cognoscit,
2265 3708 2444 3769 etiam
2483 3728 2552 3769 ea
2591 3706 2734 3769 velit
2752 3718 2930 3785 atque
2948 3710 3026 3771 ad
3044 3710 3236 3785 bonas
3255 3710 3522 3769 actiones

601 3785 869 3847 alacriter
926 3788 1175 3865 feratur,
1233 3788 1489 3864 Deoque
1550 3800 1925 3866 cooperetur.
1987 3790 2104 3849 Sed
2147 3788 2285 3850 cum
2323 3808 2449 3849 non
2487 3785 2662 3849 simul
2675 3834 2692 3867 ,
2731 3806 2844 3849 nec
2883 3786 2945 3849 in
2983 3788 3221 3849 instanti
3339 3790 3522 3849 rsecte

600 3867 786 3927 homo
824 3865 885 3926 in
926 3867 1048 3927 hoc
1088 3867 1292 3927 seculo
1333 3879 1708 3947 regeneretur
1752 3872 1807 3929 &
1848 3879 1972 3929 tam
2011 3866 2285 3946 reliquias
2320 3866 2566 3947 veteris,
2599 3870 2779 3945 quam
2799 3867 3084 3947 primitias
3103 3867 3246 3929 noui
3309 3866 3522 3929 ominis

600 3963 801 4005 secum
833 3955 1031 4023 portet
1046 3991 1063 4025 ,
1096 3964 1337 4008 necesse
1371 3957 1461 4008 est
1489 3957 1554 4007 vt
1588 3946 1887 4027 duplicem
1915 3948 2134 4009 habeat
2152 3948 2480 4026 potentiam
2499 3948 2898 4028 propinquam
2915 3994 2932 4027 ,
2965 3968 3145 4009 vnam
3163 3949 3244 4009 ad
3262 3950 3492 4009 bonum
3509 3993 3525 4025 ,

609 4026 851 4083 alteram
892 4025 970 4085 ad
1011 4027 1265 4106 malum,
1306 4036 1429 4086 tam
1468 4026 1529 4087 in
1570 4030 1747 4089 rebus
1784 4028 1961 4090 bonis
2003 4032 2185 4105 quam
2226 4028 2426 4107 malis,
2465 4030 2639 4092 Rom.
2683 4031 2741 4091 6.
2789 4047 2878 4091 11.
2925 4030 3002 4089 ὃν
3051 4046 3142 4099 14.
3183 4028 3262 4088 ad
3284 4030 3522 4105 malum,

603 4120 721 4177 qua
782 4104 979 4164 adhuc
1034 4103 1233 4187 agitur
1270 4116 1522 4184 peccato
1563 4106 1623 4167 in
1660 4107 1796 4187 -ipso
1834 4107 2140 4169 habitante
2155 4152 2172 4180 ,
2213 4108 2295 4168 ita
2333 4118 2399 4168 vt
2439 4127 2579 4169 caro
2620 4120 2843 4188 pugnet
2881 4107 3163 4168 aduersus
3204 4106 3490 4186 Spiritum
3505 4152 3523 4184 ,

610 4184 663 4240 δι
714 4181 960 4258 Spiritus
1004 4184 1289 4247 aduersus
1332 4204 1570 4247 carnem
1588 4232 1605 4264 ,
1642 4190 1817 4249 Rom.
1864 4204 1915 4263 7.
1967 4208 2061 4249 21.
2130 4188 2268 4248 Gal.
2317 4205 2368 4265 5.
2420 4206 2510 4264 17.

700 4280 725 4318 1
740 4280 790 4321 1.
870 4264 1010 4323 Duo
1071 4261 1132 4323 in
1169 4265 1289 4325 hoc
1330 4267 1793 4345 regenerationis
1832 4286 2014 4346 opere
2054 4266 2485 4328 consideranda
2521 4267 2780 4329 veniunt.
2823 4264 3113 4345 Primum,
3154 4269 3318 4344 quod
3357 4266 3521 4327 De'us

614 4358 738 4399 non
780 4342 1092 4403 exsuscitet
1132 4342 1384 4405 liberum
1426 4344 1729 4406 arbitrium
1771 4346 1834 4407 in
1872 4346 2118 4408 homine
2157 4350 2330 4407 antea
2368 4346 2549 4408 veluti
2591 4348 2885 4427 sepultum
2901 4392 2918 4423 ,
2958 4348 3065 4408 sed
3107 4359 3264 4408 creet
3297 4363 3484 4406 nouas
3500 4389 3518 4424 ,

478 4459 612 4481 ,1.-
3189 4428 3244 4486 &
3285 4436 3519 4487 sanctas
