3923 4875
675 368 796 427 344
1124 344 1132 353 ’
1511 364 1616 409 nn
1673 364 2113 413 rom-rur.
2170 364 2432 411 uosis
2488 362 2779 408 onsna.

671 527 988 607 generibus
1045 528 1170 589 eius
1229 530 1411 607 quam
1465 527 1810 589 breuissime
1849 528 1977 589 fieri
2012 526 2258 605 poterit,
2300 528 2381 587 ad
2420 526 2711 606 singulare
2750 526 2895 587 illud
2934 542 3152 605 genus,
3213 524 3381 588 cuius
3422 544 3605 588 cansa

672 609 775 669 hic
815 609 988 669 labor
1025 618 1332 687 susceptus
1372 618 1487 686 est,
1527 608 1948 669 declarandum
1990 612 2049 670 δε
2086 608 2599 669 determinandum
2638 607 2957 669 veniemus.

679 768 694 781 ⁸
751 690 976 829 Iffgem
1037 688 1212 831 ιὲἆωτ
1269 689 1598 751 secundum
1637 708 2023 751 communem
2060 690 2363 769 quandam
2404 690 2461 751 δι
2498 688 2870 768 analogioem
2912 688 3203 749 rationem
3244 688 3601 749 definiemus

677 788 738 829 m
817 786 937 829 unc
979 788 1038 829 m
1123 788 1258 831 um:

765 850 935 911 Hes.
981 870 1034 910 1.
1113 852 1250 909 Lnx
1289 859 1378 910 est
1411 852 1662 910 rationis·
1703 852 1999 911 ordinatio
2036 852 2124 909 ad
2154 870 2447 911 commune
2486 852 2721 927 bonum,
2762 851 2839 909 ab
2878 870 2944 911 eo
2980 850 3088 926 qui
3120 868 3325 909 curam
3348 870 3599 909 comnm-

674 932 880 989 m'tatis
917 931 1124 1009 habet,
1162 933 1448 992 instituta.

757 1010 910 1070 Sunt
947 1011 1190 1087 quidem
1229 1010 1378 1071 aliae
1414 1008 1790 1073 definitiones
1827 1014 1864 1070 a
1903 1009 2044 1073 viris
2082 1009 2443 1072 doctissimis
2480 1010 2599 1071 iam
2638 1010 2785 1071 olim
2824 1010 3157 1089 profectae:
3220 1009 3391 1070 cuius
3432 1010 3599 1069 modi

673 1089 775 1150 illa
791 1090 1134 1151 Stoicorum
1152 1102 1268 1151 est:
1291 1092 1516 1169 Legem
1527 1110 1660 1152 esse
1685 1098 1852 1172 λόγον
1873 1093 2085 1172 ὀρθὸν,
2104 1092 2533 1172 affectantur&
2548 1090 2659 1168 μὲν
2678 1094 2791 1151 τῶν
2808 1092 3113 1167 ποιητέον,
3134 1090 3599 1171 duramen&

673 1167 738 1229 δὲ
766 1172 880 1228 τῶν
909 1172 980 1231 οὗ
999 1174 1304 1249 nouqn'nr,
1345 1170 1408 1232 id
1431 1180 1540 1249 est,
1570 1175 1856 1231 rationem
1885 1180 2123 1249 rectam,
2150 1190 2273 1249 qua
2302 1174 2461 1231 iubet
2474 1192 2545 1231 ea
2564 1191 2715 1248 quae
2728 1170 3015 1247 facienda
3034 1179 3197 1247 sunt,
3205 1172 3601 1249 prohibetque

670 1253 999 1312 contraria.
1043 1252 1120 1311 Et
1158 1251 1374 1311 horum
1406 1250 1653 1329 vestigia
1691 1262 1926 1313 secutus
1968 1250 2184 1313 Cicero
2216 1252 2317 1310 De
2355 1254 2518 1327 lega.
2566 1270 2616 1311 1.
2638 1254 2945 1311 Rationem
2980 1268 3263 1309 summam
3284 1268 3415 1311 esse
3434 1248 3599 1321 dicit,

671 1331 906 1390 insitam
925 1333 988 1390 in
1029 1339 1270 1411 natura,
1311 1351 1461 1411 quae
1497 1332 1657 1392 iubet
1688 1333 1760 1392 εὰ
1777 1352 1929 1410 quae
1941 1334 2219 1404 facienda
2238 1338 2393 1407 sunt,
2400 1332 2787 1411 prohibetque
2802 1332 3147 1391 convomit:
3190 1328 3596 1407 angustiorem

671 1409 792 1471 hoc
831 1421 1009 1487 pacto
1030 1410 1253 1473 faciens
1289 1410 1699 1473 definitionem
1739 1411 1901 1473 illam
1941 1430 2121 1489 quam
2146 1410 2289 1471 olim
2328 1410 2513 1472 Stoici
2552 1411 2931 1471 tradiderant.
2972 1410 3113 1487 Sed,
3152 1410 3293 1487 quia
3324 1411 3389 1486 (f.
3420 1413 3596 1485 ¹49¹)

669 1508 780 1567 per
836 1508 1046 1552 causas
1105 1510 1198 1553 res
1239 1490 1600 1552 definiuntur
1639 1491 2109 1569 euidentissime,
2168 1490 2574 1553 definitionem
2614 1490 2773 1551 illam
2810 1490 2939 1551 aliis
2972 1488 3387 1569 praetulimus:
3430 1508 3599 1567 prae·

673 1568 874 1631 sertim
913 1572 1050 1631 cum
1089 1570 1464 1634 definitiones
1495 1588 1886 1665 quaecunque
1924 1572 2269 1633 adseruntur
2310 1573 2499 1633 ferme
2530 1572 2721 1649 (quod
2760 1570 3037 1632 vitiosum
3076 1574 3190 1645 est)
3228 1570 3599 1648 angustiores

669 1650 788 1710 sint
829 1668 903 1711 eo
941 1652 1106 1728 quod
1145 1650 1552 1713 definiendum
1591 1656 1629 1712 a
1664 1655 1840 1714 nobis
1879 1653 2001 1713 hoc
2040 1655 2181 1713 loco
2216 1650 2547 1731 suscipitur.

751 1733 822 1791 In
861 1732 976 1791 hac
1015 1730 1190 1809 igitur
1227 1732 1599 1812 definitione,
1641 1752 1751 1811 pro
1793 1752 1867 1794 eo
1907 1734 2075 1810 quod
2112 1730 2209 1807 alii
2250 1742 2471 1793 rectam
2512 1732 2799 1793 rationem
2823 1726 3121 1809 appellant
3138 1730 3401 1809 Legem,
3442 1746 3597 1807 quae

673 1810 1012 1871 enunciatio
1053 1812 1297 1891 figurate
1337 1812 1578 1891 dicitur,
1619 1812 1931 1875 maluimus
1970 1810 2242 1873 distincte
2285 1813 2491 1874 Genus
2528 1814 2585 1872 ὅτ
2626 1811 3013 1873 differentiam
3044 1809 3224 1889 Legis
3247 1808 3597 1887 exprimere,

671 1890 936 1969 dicentes
953 1936 971 1967 ,
1005 1894 1429 1953 ordinationem
1471 1912 1592 1953 esse
1629 1896 1899 1955 rationis.
1940 1894 2097 1953 Nam
2140 1894 2346 1953 Genus
2386 1904 2474 1953 αἱ
2506 1894 2833 1971 ordinatio,
2872 1907 3029 1969 quae
3050 1900 3142 1951 est
3158 1902 3329 1951 actus
3348 1895 3495 1969 πρὸς
3518 1914 3596 1961 τι,

673 1969 736 2031 id
778 1982 896 2049 est,
951 1972 1299 2033 relationem
1351 1984 1699 2051 perpetuam
1739 1993 1812 2035 ac
1853 1972 2245 2034 necessariam
2286 1973 2606 2033 ostendens
2646 1970 2799 2033 inter
2838 1971 3209 2033 ordinantem
3251 1971 3309 2029 δι
3350 1989 3459 2030 eos
3496 1970 3597 2047 qui

671 2048 1032 2112 ordinationi
1073 2052 1342 2114 subsunt.
1382 2052 1730 2115 Differentia
1767 2059 1911 2115 vero
1952 2052 2031 2113 ad
2071 2052 2217 2131 legis
2256 2064 2525 2115 naturam
2566 2054 2623 2113 δι
2662 2052 2922 2131 speciem
2942 2050 3457 2111 determinandam
3471 2070 3599 2129 per-

670 2131 862 2191 tinens
920 2134 1171 2192 rainonis·
1231 2152 1382 2193 voce
1420 2134 1756 2211 exponitur.
1827 2136 1985 2195 Nam
2022 2133 2173 2195 aliae
2212 2134 2457 2211 quidem
2494 2144 2631 2193 sunt
2668 2132 3071 2193 ordinationes
3108 2142 3237 2191 tum
3277 2134 3315 2189 a
3352 2140 3597 2205 namra,

674 2220 802 2271 tum
842 2213 881 2272 a
921 2213 1227 2274 voluntate
1265 2215 1322 2274 δι
1361 2214 1626 2292 appetitu
1665 2230 1862 2275 rerum
1901 2223 2233 2275 creatarum
2274 2212 2571 2274 inuectae:
2612 2214 2747 2292 sed,
2788 2228 3183 2291 quaecunque
3221 2209 3469 2272 rationis
3508 2222 3597 2271 est

671 2289 972 2352 ordinatio
1029 2291 1113 2353 ita
1163 2302 1520 2373 temperata,
1579 2304 1643 2357 vt
1681 2297 1832 2357 ratio
1871 2292 2200 2355 ordinantis
2238 2292 2458 2355 afficiat
2496 2292 2787 2355 rationem
2827 2302 3035 2353 eorum
3074 2290 3181 2371 qui
3219 2293 3503 2369 subsunt,
3540 2294 3599 2351 ἃ

671 2372 886 2431 horum
947 2370 1201 2435 vicissim
1263 2372 1413 2435 ratio
1465 2378 1503 2435 a
1543 2374 1772 2437 ratione
1809 2373 2138 2435 ordinantis
2177 2374 2467 2454 pendeat,
2528 2394 2599 2435 ea
2637 2373 2877 2435 demum
2917 2374 3015 2433 lex
3053 2375 3198 2433 vero
3238 2356 3599 2451 Uppellanda

669 2462 792 2514 est:
851 2469 1244 2534 quaecunque
1284 2455 1452 2516 aliter
1502 2457 1678 2534 fiunt,
1739 2474 1844 2516 eae
1883 2474 2010 2517 non
2050 2457 2240 2535 legeS,
2302 2457 2409 2516 sed
2448 2455 2710 2516 instituta
2748 2453 3039 2516 dicendae
3078 2463 3251 2532 sunt,
3312 2451 3423 2512 nisi
3466 2451 3599 2531 quis

670 2533 824 2594 sorte
867 2535 1176 2610 ὁμωνύμως
1214 2536 1312 2595 vel
1350 2535 1678 2615 aequiuoce
1717 2537 1886 2628 loqui
1923 2535 2195 2598 voluen’t.
2253 2539 2347 2596 Ac
2385 2535 2637 2615 proinde
2677 2534 2755 2595 ad
2793 2533 3005 2594 iustam
3043 2533 3191 2612 leg-is
3231 2531 3599 2593 informatio·

673 2631 812 2674 nem
871 2630 1062 2692 genus
1113 2613 1359 2691 quidem
1398 2615 1648 2677 instituit
1684 2615 2011 2693 ordinatio,
2072 2615 2331 2694 speciem
2371 2621 2516 2676 vero
2554 2615 2709 2675 illius
2750 2613 3052 2693 propriam
3090 2633 3163 2674 ac
3200 2611 3599 2674 necessariam

667 2691 883 2772 triplex
943 2693 1250 2756 constituit
1296 2695 1512 2756 modus
1550 2697 1630 2757 ad
1668 2695 2061 2757 differentiam
2103 2696 2251 2773 legis
2292 2697 2538 2757 omnino
2592 2694 2927 2774 pertinens:
2990 2713 3209 2786 nempe
3250 2693 3403 2753 ratio
3445 2691 3601 2752 ordi-

671 2773 864 2834 nantis
882 2817 901 2853 ,
938 2773 1088 2834 ratio
1129 2793 1336 2835 eorum
1378 2777 1481 2854 qui
1521 2775 1898 2838 ordinatione
1935 2786 2221 2854 aguntur,
2264 2778 2321 2837 δι
2360 2777 2510 2836 ratio
2552 2774 2679 2854 ipsa
2719 2775 3108 2836 ordinationis
3136 2785 3290 2834 mter
3310 2783 3599 2850 vtrosque

669 2853 1062 2914 interueniens
1105 2854 1153 2915 si
1194 2856 1338 2933 quid
1379 2857 1560 2932 desit,
1597 2857 1694 2917 lex
1730 2856 2052 2934 improprie
2093 2857 2434 2934 appellatur.
2496 2858 2625 2916 Iam
2661 2861 2805 2917 vero
2846 2857 2987 2932 quia
3025 2873 3117 2914 res
3159 2853 3287 2932 ipsa
3326 2852 3599 2913 adhibita

670 2951 978 2994 causarum
1037 2935 1482 2997 enumeratione
1537 2936 1760 2997 facilius
1821 2935 2193 3014 intelligitur,
2252 2938 2307 2997 δι
2369 2955 2579 2996 omnes
2640 2933 3024 2996 dubitationis
3082 2951 3290 2995 causas
3342 2932 3599 2992 omnino

671 3024 941 3074 amotura
1000 3026 1090 3074 est
1147 3031 1455 3076 causarum
1495 3016 1819 3077 enarratio:
1882 3015 2188 3076 videamus
2229 3015 2433 3094 paucis
2473 3035 2764 3094 quaenam
2804 3015 2941 3076 illae
2980 3015 3095 3076 sint
3133 3014 3194 3074 in
3235 3014 3353 3073 hac
3394 3023 3601 3074 nostra

670 3091 1014 3154 definitione
1071 3095 1234 3173 legis,
1309 3097 1618 3157 Materiam
1679 3096 1824 3175 legis
1863 3115 2008 3175 ergo
2047 3096 2414 3188 appellamus
2461 3100 2746 3156 rationem
2786 3106 2849 3156 vt
2890 3095 3221 3156 subiectum
3234 3139 3252 3172 ,
3306 3094 3365 3152 &
3406 3104 3599 3183 toturn

671 3173 912 3233 rationis
965 3191 1116 3251 opus
1164 3174 1226 3235 in
1265 3175 1642 3238 distinctione
1679 3175 1815 3237 iusti
1854 3179 1910 3237 δι
1947 3176 2143 3237 iniusti
2183 3177 2475 3256 positum,
2536 3177 2702 3254 quod
2740 3193 2893 3254 opus
2931 3175 3083 3236 inter
3121 3173 3460 3252 superiores
3500 3191 3601 3250 qm

669 3263 950 3332 praesunt
965 3298 982 3330 ,
1012 3255 1068 3313 δι
1108 3255 1412 3318 inferiores
1451 3257 1554 3334 qui
1593 3259 1869 3335 subsunt,
1911 3255 2241 3317 intercedit.
2280 3257 2433 3316 Nam
2476 3257 2586 3317 etsi
2622 3259 2719 3317 lex
2732 3301 2751 3336 .,
2792 3259 2911 3333 qua
2948 3267 3115 3316 actus
3142 3265 3235 3315 est
3248 3298 3266 3332 ,
3306 3251 3601 3314 voluntati

669 3333 909 3411 proprie
969 3333 1269 3414 tribuitur,
1329 3336 1470 3414 quia
1527 3349 1693 3398 actus
1751 3339 1790 3396 a
1846 3338 2152 3398 voluntate
2190 3348 2357 3397 sunt:
2416 3347 2617 3397 tamen
2660 3339 2798 3398 cum
2837 3347 3003 3396 actus
3040 3335 3142 3394 hic
3178 3337 3217 3394 a
3257 3333 3493 3395 ratione
3530 3332 3601 3393 sit

668 3411 1065 3491 principatum
1101 3415 1161 3475 in
1203 3419 1570 3478 voluntatem
1608 3416 1796 3496 ipsam
1836 3415 2174 3493 obtinente,
2218 3415 2463 3479 omnino
2503 3415 2748 3496 aequius
2786 3426 2876 3477 est
2913 3414 3163 3495 principi
3202 3413 3419 3476 rationi
3437 3415 3599 3474 hunc

670 3502 868 3553 actum
911 3493 1089 3555 tribui
1128 3511 1308 3572 quarn
1349 3495 1637 3558 voluntati
1676 3495 2054 3558 administrae
2093 3496 2239 3558 eius.
2280 3498 2496 3557 Forma
2514 3501 2656 3558 vero
2678 3497 2840 3558 istius
2862 3507 3027 3557 actus
3046 3493 3263 3557 dicitur
3282 3497 3598 3562 ordinatio,

673 3572 812 3650 quia
874 3575 1190 3636 relatorum
1253 3577 1520 3638 omnium
1579 3595 1651 3638 ea
1711 3587 1922 3638 natura
1970 3587 2091 3655 est,
2150 3587 2214 3638 vt
2250 3576 2459 3638 relatio
2498 3577 2628 3656 ipsa
2667 3577 2817 3638 inter
2854 3577 3009 3638 duos
3047 3575 3336 3636 terminos
3378 3577 3599 3634 relatos

673 3651 1068 3714 interueniens
1108 3655 1426 3718 constituat
1465 3656 1591 3718 eius
1629 3655 1714 3717 rei
1754 3657 2009 3719 formam
2048 3675 2201 3734 quae
2238 3656 2446 3735 agitur.

755 3731 1126 3794 Efficientem
1186 3753 1426 3798 causam
1482 3737 1576 3798 his
1633 3735 1828 3798 verbis
1868 3734 2293 3816 expressimus:
2354 3738 2429 3796 ab
2470 3757 2533 3797 eo
2572 3740 2679 3815 qui
2716 3757 2921 3798 curam
2960 3733 3391 3797 communitatis
3428 3731 3603 3790 habet

673 3813 957 3873 instituta.
1038 3815 1194 3874 Nam
1249 3815 1300 3876 si
1357 3817 1516 3895 quis,
1577 3819 1658 3878 ad
1716 3834 1896 3895 quem
1935 3835 2065 3878 non
2102 3816 2357 3895 pertinet
2394 3835 2536 3878 cura
2576 3817 3047 3894 communitatis,
3088 3815 3366 3876 ordinare
3408 3813 3489 3871 de
3528 3829 3598 3870 ea

675 3893 954 3985 voluen‘t,
1006 3891 1204 3974 inepte
1245 3899 1662 3974 σκιαμαχήσας
1705 3915 1948 3976 operam
1990 3897 2204 3958 frustra
2235 3908 2691 3977 consumpturus
2728 3908 2836 3959 est.
2896 3898 3115 3958 Curam
3156 3891 3597 3956 communitatis

673 3971 865 4033 inesse
903 3991 957 4033 e1
997 3993 1240 4036 necesse
1283 3985 1400 4054 est,
1439 3995 1564 4036 non
1605 3979 1800 4038 solum
1841 3975 2038 4038 studio
2052 4022 2071 4056 ,
2111 3979 2315 4038 verum
2361 3977 2536 4038 etiam
2576 3978 2887 4040 vocatione
2928 3979 2983 4038 &
3024 3973 3378 4037 auctoritate
3417 3973 3595 4042 iusta.

670 4051 773 4128 qui
803 4051 878 4112 de
907 4055 1333 4117 communitate
1362 4055 1610 4116 instituit
1644 4057 1950 4118 ordinare:
1994 4055 2120 4118 siue
2160 4056 2290 4136 ipsa
2316 4057 2393 4118 sit
2420 4057 2694 4119 vniuersa
2723 4057 3037 4118 multitudo
3075 4057 3137 4117 in
3168 4051 3597 4116 communitate

675 4133 1104 4222 com-prehensa
1120 4179 1138 4214 ,
1169 4134 1294 4196 sive
1310 4134 1552 4214 publica
1570 4156 1824 4216 persona
1842 4137 2483 4206 totiuscommunitatis
2512 4155 2715 4200 curam
2736 4139 2961 4199 habens
2980 4135 3296 4198 vocatione
3317 4131 3593 4212 legitima.

756 4210 918 4272 Finis
976 4225 1099 4291 est,
1165 4215 1472 4276 Commune
1529 4217 1756 4277 bonum.
1837 4217 1995 4278 Nam
2056 4217 2164 4278 etsi
2203 4217 2299 4278 lex
2339 4219 2417 4279 de
2458 4220 2637 4279 rebus
2676 4219 3065 4298 singularibus
3106 4217 3284 4278 etiam
3325 4213 3594 4288 ordinat,

618 4289 624 4307 '
677 4298 875 4351 tamen
935 4291 1255 4372 singulares
1313 4294 1478 4374 ipsae
1538 4295 1815 4373 ordina(f.
1865 4297 2239 4376 1492)tiones
2290 4300 2489 4376 legum
2526 4299 2605 4360 ad
2645 4302 2873 4360 bonum
2912 4315 3232 4359 commune
3272 4294 3591 4376 pertinent,

677 4379 812 4432 tum
846 4371 985 4446 quia
1017 4373 1364 4450 particulare
1402 4378 1629 4435 bonum
1671 4377 1752 4438 ad
1791 4394 2113 4439 commune
2126 4423 2145 4454 ,
2184 4387 2489 4456 tamquam
2528 4379 2607 4440 ad
2646 4379 2861 4441 iustum
2900 4381 3081 4440 finem
3112 4397 3285 4442 suum
3300 4425 3319 4460 ,
3358 4385 3593 4458 oportet

3200 4463 3563 4526 contendere
3574 4505 3589 4538 ,
