3923 4875
1250 337 1353 384 nn
1413 333 1831 386 poam-tan
1890 336 2146 384 mosis
2205 336 2494 384 ossan.
3207 319 3318 400 361

413 519 593 580 quam
635 501 799 563 Deus
838 499 1149 578 imperauit
1189 503 1320 578 lege
1338 547 1355 578 ‚
1416 503 1553 562 cum
1594 501 1656 560 in
1696 499 1937 562 obiecta
1973 498 2266 562 eiusmodi
2304 497 2660 578 inciderent,
2721 499 2782 560 id
2823 511 2912 562 est
2953 499 3012 562 in
3053 499 3326 562 homines

414 602 551 644 reos
589 594 932 660 compertos
974 581 1221 642 istorum
1262 579 1577 642 criminum
1618 597 1771 658 quae
1809 582 1976 640 Deus
2015 581 2144 660 lege
2185 581 2482 640 defixerat.

500 661 1027 738 Quemadmodum
1085 672 1281 721 autem
1338 659 1401 720 in
1452 660 1643 720 causis
1704 658 1931 738 pietatis
1971 661 2051 720 ad
2089 658 2346 738 priorem
2387 657 2532 738 legis
2573 660 2832 720 tabulam
2873 659 3326 742 pertinentibus;

414 741 498 802 ita
564 740 739 802 etiam
802 741 861 800 in
924 741 1249 818 posteriore
1310 743 1511 801 tabula
1569 740 1821 800 aliorum
1882 738 1942 800 in
1982 739 2131 801 alios
2171 739 2370 800 officia
2407 738 2805 818 praecipiente
2844 742 3113 819 exempla
3152 740 3326 800 huius

416 820 501 882 rei
542 832 677 882 sunt
718 818 1187 882 euidentissima:
1230 831 1295 881 vt
1333 821 1469 881 cum
1510 819 1651 880 dicit
1690 821 1919 899 Moses3
1961 819 2084 895 Qui
2121 818 2473 896 percusserit
2511 829 2736 896 patrem
2766 837 2936 880 suum
2959 831 3060 882 aut
3079 831 3326 880 matrem

414 919 614 976 suam,
656 899 903 961 omnino
944 901 1119 962 morti
1160 899 1426 961 traditor.
1464 903 1612 962 Item
1630 945 1647 978 ,
1688 898 1791 978 qui
1831 899 2193 960 maledixerit
2231 898 2386 978 patri
2423 917 2534 961 suo
2567 901 2662 960 vel
2683 900 2854 960 matri
2871 917 3039 978 suae,
3080 899 3326 960 omnino

416 979 595 1040 morti
636 980 911 1040 traditor:
952 980 1145 1041 Exod.
1188 999 1281 1040 21.
1332 997 1423 1058 15.
1472 998 1561 1056 17.
1600 983 1788 1057 Item,
1828 998 1907 1040 ne
1946 979 2146 1040 oderis
2187 980 2426 1040 fratrem
2467 989 2634 1040 tuum
2674 977 2736 1038 in
2775 980 2960 1040 corde
2982 978 3329 1040 tuozLeuit.

424 1081 517 1138 19.
565 1077 656 1135 17·
714 1062 897 1136 Item,
938 1079 1017 1120 ne
1056 1060 1391 1120 afficiuntor
1431 1071 1622 1121 morte
1660 1071 1857 1138 patres
1894 1078 2008 1138 pro
2047 1058 2206 1136 filiis,
2247 1078 2361 1120 nec
2401 1058 2500 1136 filij
2539 1077 2652 1138 pro
2691 1058 2955 1136 patribus
2999 1059 3330 1120 afficiuntor

418 1151 639 1200 morte:
682 1141 859 1200 Deut.
903 1159 998 1214 24.
1044 1142 1143 1200 16,
1176 1141 1273 1200 hic
1312 1143 1471 1200 certe
1510 1139 1749 1201 obiecta
1787 1151 1923 1201 sunt
1963 1138 2426 1218 euidentissima,
2466 1138 2528 1200 vi
2565 1139 2710 1218 legis
2747 1149 3020 1201 aeternae
3053 1138 3331 1216 naturali,

417 1223 475 1282 δι
534 1219 735 1280 diuina
793 1221 923 1298 lege
982 1219 1153 1280 simul
1206 1229 1567 1296 contestata,
1624 1219 1701 1281 de
1739 1218 1955 1297 quibus
1993 1217 2432 1298 praecipiuntur
2469 1221 2524 1279 δι
2563 1217 2991 1280 interdicuntur
3029 1219 3140 1280 ista
3179 1237 3331 1297 quae

418 1319 493 1360 ex
532 1301 667 1377 lege
705 1299 892 1360 Mosis
934 1299 1306 1360 adduximus.
1348 1301 1503 1360 Nam
1546 1298 2056 1377 quemadmodum
2096 1309 2266 1379 pater
2305 1299 2360 1358 &
2403 1310 2594 1359 mater
2630 1298 2868 1360 obiecta
2907 1309 3044 1360 sunt
3063 1297 3328 1378 indigna,

418 1378 479 1438 in
521 1396 774 1456 quorum
816 1379 997 1439 vitam
1036 1391 1138 1438 aut
1176 1381 1421 1439 salutem
1462 1378 1745 1440 inuehant
1782 1380 1884 1456 filij
1910 1425 1931 1458 ,
1970 1379 2052 1440 ita
2091 1397 2126 1440 e
2159 1379 2395 1440 diuerso
2426 1377 2766 1456 quicunque
2785 1377 2885 1456 filij
2908 1379 3156 1458 impium
3176 1377 3332 1438 istud

418 1458 646 1519 facinus
704 1459 1097 1536 patrauerint‚
1159 1457 1222 1518 hi
1262 1461 1461 1538 legum
1500 1459 1743 1520 istarum
1784 1458 1871 1519 rei
1908 1457 2171 1520 habendi
2205 1469 2374 1538 sunt,
2432 1459 2490 1518 δι
2529 1457 2793 1536 legitima
2830 1458 2929 1519 illa
2965 1457 3333 1520 animaduer-

417 1539 585 1600 sione
625 1537 969 1616 dignissimi.
1010 1538 1285 1600 Similiter
1325 1541 1463 1601 cum
1503 1539 1600 1615 alij
1638 1540 1843 1599 fratres
1883 1538 2134 1599 aliorum
2175 1537 2384 1612 simus,
2426 1547 2634 1599 natura
2672 1547 2820 1600 teste
2859 1539 2916 1600 ὅτ
2938 1537 3332 1616 conscientia,

422 1619 697 1698 profecto
748 1616 895 1679 nihil
936 1617 1235 1698 indignius
1274 1617 1334 1678 in
1375 1620 1489 1680 hac
1528 1617 1809 1679 societate
1848 1619 2135 1696 humana,
2185 1621 2364 1696 quam
2404 1619 2643 1678 fratrem
2685 1617 2829 1679 odio
2870 1637 2998 1681 esse
3037 1617 3236 1696 fratri,
3275 1618 3332 1676 δι

424 1697 530 1776 qui
586 1700 825 1758 fratrem
886 1715 1057 1758 suum
1107 1697 1222 1758 sibi
1279 1697 1405 1778 ipse
1444 1717 1556 1776 pro
1616 1696 1856 1759 obiecto
1920 1697 2120 1760 statuit
2161 1699 2222 1758 in
2259 1698 2426 1776 quod
2467 1697 2729 1758 effundat
2769 1696 2928 1760 virus
2967 1697 3088 1774 odij
3130 1696 3246 1776 sui,
3285 1695 3335 1758 is

425 1776 543 1856 legi
602 1787 874 1838 aeternae
889 1822 908 1854 ,
972 1780 1029 1840 &
1086 1777 1369 1858 naturali,
1423 1779 1480 1840 δι
1518 1776 1754 1838 diuinae
1790 1781 1829 1838 a
1866 1779 2040 1840 Mose
2081 1777 2214 1858 ipso
2247 1776 2494 1838 traditae
2533 1778 2896 1840 aduersatur.
2935 1779 3096 1839 Illius
3137 1788 3335 1837 autem

422 1857 708 1936 postremi
767 1855 887 1918 loci
902 1901 921 1935 ‚
978 1859 1070 1918 Ne
1117 1857 1453 1920 afficiuntor
1511 1867 1703 1918 morte
1756 1869 1953 1936 patres
1993 1877 2105 1938 pro
2142 1855 2275 1918 filiis
2309 1860 2420 1918 &c.
2461 1867 2624 1918 tanta
2662 1869 2752 1918 est
2787 1858 3080 1937 aequitas,
3118 1859 3174 1918 &
3213 1867 3336 1918 tam

420 1936 667 1999 euidens
711 1935 769 1996 in
811 1935 1001 1997 oculis
1040 1937 1337 2017 omnium,
1378 1949 1442 1998 vt
1481 1939 1643 1998 nulla
1681 1940 1718 1996 a
1756 1937 1931 2000 nobis
1966 1939 2205 2016 insuper
2236 1939 2388 2015 ophs
2409 1936 2483 1997 sit
2501 1936 2918 1998 declaratione.
2958 1939 3338 2016 Quapropter

420 2015 599 2077 etiam
640 2015 1128 2078 humanissimum
1164 2016 1313 2078 illud
1350 2017 1657 2078 Amatziae
1694 2016 1849 2096 regis
1890 2017 2154 2079 officium
2192 2027 2434 2078 auctore
2463 2015 2679 2094 Spiritu
2701 2015 2815 2078 Dei
2840 2015 2948 2078 fuit
2967 2017 3026 2078 in
3049 2016 3340 2095 scriptura

419 2116 588 2158 sacra
626 2097 987 2158 celebratum
1006 2143 1023 2173 ‚
1062 2099 1199 2158 cum
1242 2117 1497 2176 poenam
1539 2097 1617 2159 de
1656 2094 1724 2157 iis
1764 2109 2022 2158 sumeret
2059 2095 2164 2176 qui
2201 2095 2490 2158 coniurati
2527 2117 2727 2176 regem
2758 2100 2896 2158 Ioas
2914 2108 3143 2178 patrem
3155 2094 3337 2174 ipsius

420 2176 856 2237 interfecerant:
919 2177 1057 2237 cum
1118 2175 1276 2238 enim
1330 2179 1742 2238 confirmatum
1810 2188 1964 2239 esset
2021 2195 2266 2257 regnum
2310 2177 2376 2252 (f.
2425 2179 2601 2254 1506)
2642 2196 2828 2255 penes
2866 2176 3056 2256 ipsum
3071 2221 3091 2252 .,
3150 2175 3338 2254 inquit

419 2257 613 2332 Deus,
666 2254 957 2317 interfecit
1000 2273 1204 2317 seruos
1242 2275 1383 2319 suos
1421 2256 1523 2335 qui
1562 2267 1968 2334 percusserant
2005 2276 2205 2336 regem
2246 2270 2474 2336 patrem
2514 2275 2714 2338 suum3
2755 2255 2906 2318 filios
2945 2261 3089 2318 vero
3131 2273 3336 2317 eorum

419 2353 542 2396 non
597 2335 793 2396 affecit
851 2345 1073 2414 morte,
1134 2337 1239 2398 sed
1298 2336 1438 2397 fecit
1478 2335 1629 2398 sicut
1670 2335 1951 2415 scriptum
1987 2350 2078 2397 est
2115 2337 2178 2398 in
2215 2339 2376 2416 lege,
2417 2335 2479 2397 in
2516 2337 2671 2398 libro
2710 2336 2926 2414 Mosis‚
2965 2336 3336 2415 praecepisse

418 2415 735 2494 Iehouam‚
776 2415 1066 2489 dicendo,
1109 2418 1201 2477 Ne
1242 2416 1572 2479 moriuntor
1610 2427 1805 2495 patres
1844 2437 1956 2510 pro
1996 2417 2162 2491 filiis,
2205 2417 2262 2478 ὅτ
2303 2415 2402 2495 filij
2442 2436 2519 2479 ne
2559 2414 2889 2480 moriuntor
2907 2436 3018 2496 pro
3039 2413 3332 2496 patribus:

421 2496 529 2557 sed
580 2496 829 2573 quisque
867 2507 1109 2575 propter
1142 2509 1459 2589 peccatum
1500 2515 1671 2558 suum
1712 2508 2060 2559 monuntor.

502 2578 629 2637 Iam
693 2576 769 2637 de
826 2578 966 2637 loco
1026 2584 1199 2637 tertio
1258 2576 1564 2639 videamus
1621 2576 1700 2637 ad
1756 2577 1935 2657 Legis
1991 2576 2418 2639 immutabilem
2469 2576 2948 2639 constitutionem
2989 2575 3330 2655 pertinente.

420 2654 691 2717 Diximus
733 2653 965 2717 tertium
1005 2662 1112 2715 τοῦ
1151 2658 1513 2733 ἀμπαβόλου
1550 2656 1613 2717 ἰιι
1650 2656 1880 2735 legibus
1918 2656 2322 2739 cognoscendi
2360 2658 2608 2719 modum
2647 2677 2807 2737 esse,
2846 2658 3027 2718 finem
3066 2667 3288 2717 earum.

499 2736 681 2795 Thes.
746 2746 869 2811 17³
916 2737 1071 2796 Nam
1130 2736 1284 2795 Fine
1339 2738 1670 2797 ordinatum
1730 2744 1817 2797 est
1872 2738 2302 2799 immutabiliter
2361 2738 2424 2797 in
2462 2739 2737 2799 humana·
2759 2740 2914 2815 lege,
2953 2738 3232 2815 quicquid
3263 2738 3342 2795 ad

422 2824 683 2875 sanctum
735 2817 1057 2893 iustumque
1082 2818 1271 2892 finem
1310 2818 1618 2876 secundam
1660 2818 1894 2877 eandem
1933 2825 2230 2879 aeternam
2268 2818 2554 2879 rationem
2567 2862 2584 2895 ,
2622 2820 2780 2880 velut
2805 2818 3146 2878 catholicam
3164 2834 3340 2892 regu·

423 2897 543 2954 lam
556 2938 576 2973 ,
620 2896 921 2955 contendit.
962 2894 1012 2956 si
1051 2894 1184 2955 finis
1217 2896 1423 2973 legum
1457 2897 1847 2957 humanarum
1886 2916 1949 2958 se
1995 2896 2054 2958 in
2095 2898 2253 2957 hunc
2293 2896 2542 2958 modum
2570 2895 2866 2978 habuerit,
2889 2916 2994 2957 eae
3013 2894 3338 2958 secundum

424 2976 603 3035 finem
644 2972 929 3035 dicendae
968 2985 1106 3035 sunt
1144 2974 1556 3037 immutabiles.
1614 2978 1684 3035 In
1724 2977 1843 3037 hoc
1884 2975 2058 3056 igitur
2096 2978 2215 3038 fine
2252 2976 2564 3055 dupliciter
2603 2976 2818 3037 modus
2854 2974 3035 3055 ipsius
3073 2974 3340 3037 conside·

422 3055 643 3113 raudus
695 3064 801 3115 est.
862 3055 1016 3114 Nam
1055 3053 1263 3114 Finem
1305 3054 1544 3132 quidem
1580 3054 1725 3133 legis
1763 3054 1826 3116 in
1866 3058 2061 3136 seipso
2101 3068 2370 3118 sanctum
2411 3057 2744 3135 iustumque
2785 3066 3020 3135 oportet
3059 3073 3220 3117 esse:
3279 3054 3340 3115 in

424 3134 611 3195 modo
674 3145 869 3195 autem
928 3144 1167 3211 oportet
1227 3135 1556 3196 secundum
1614 3136 1903 3197 rationem
1944 3146 2245 3198 aeternam
2285 3136 2446 3197 illam
2488 3155 2616 3198 esse
2657 3137 3061 3198 constitutum.
3131 3138 3340 3212 Itaque

422 3222 660 3273 sancnes
702 3224 791 3274 est
828 3213 987 3285 finis,
1040 3214 1119 3275 ad
1158 3211 1437 3292 pietatem
1481 3214 1808 3293 pertinens:
1870 3218 2060 3277 iustus
2099 3217 2302 3295 estad
2342 3214 2481 3277 iuris
2520 3218 2576 3277 &
2617 3214 2792 3294 aequi
2829 3215 2977 3278 boni
3014 3214 3342 3277 veritatem.

423 3292 543 3353 Sed
594 3290 733 3370 quia
770 3302 895 3354 tota
933 3292 1123 3354 sancti
1174 3296 1230 3355 δι
1269 3293 1403 3354 iusti
1443 3293 1594 3356 ratio
1634 3294 1861 3373 legibus
1900 3295 2171 3357 humanis
2210 3296 2641 3375 comprehensa
2677 3294 2964 3375 particula
2999 3306 3088 3357 est
3123 3293 3337 3355 tenuis-

422 3372 605 3449 sima,
662 3374 719 3434 δι
778 3372 945 3451 quasi
1002 3376 1215 3435 vmbra
1264 3384 1539 3435 aeternae
1578 3376 1819 3437 rationis
1850 3375 2034 3455 illius,
2093 3394 2272 3455 quam
2306 3376 2501 3455 primo
2541 3378 2680 3437 loco
2720 3376 3057 3455 posuimus3
3095 3375 3236 3437 ideo
3275 3371 3338 3433 in

424 3452 557 3531 ipso
616 3470 859 3531 quoque
920 3454 1118 3533 legum
1172 3453 1560 3515 humanarum
1600 3456 1717 3515 fine
1732 3502 1751 3534 ,
1812 3458 2210 3535 explorandus
2250 3464 2342 3517 est.
2378 3454 2820 3534 diligentissime
2859 3456 3105 3534 modus,
3143 3456 3339 3515 vtrum

424 3532 754 3593 secundum
814 3543 1114 3593 aeternam
1173 3532 1465 3595 rationem
1514 3534 1675 3595 illam
1729 3536 2063 3615 πάμμετρον
2115 3535 2249 3597 finis
2286 3536 2624 3615 propositus
2663 3536 2764 3613 sit,
2801 3554 3026 3598 necne:
3069 3534 3210 3613 quia
3247 3535 3344 3593 lex

422 3612 526 3672 illa
563 3622 803 3673 aeterna
841 3616 930 3689 (vt
968 3616 1105 3674 ante
1144 3613 1533 3690 ostendimus)
1571 3616 1773 3693 regula
1805 3624 1895 3675 est
1933 3616 2256 3694 catholica,
2310 3615 2374 3677 id
2414 3628 2533 3693 est,
2591 3616 2670 3677 ad
2704 3616 2908 3677 omnia
2945 3615 3244 3690 vniuerse,
3285 3614 3341 3673 δι

426 3690 553 3751 sine
593 3690 944 3770 exceptione
981 3690 1313 3770 pertinens:
1370 3694 1482 3754 abs
1522 3712 1639 3772 qua
1672 3692 1818 3755 nihil
1851 3712 1975 3754 non
2016 3705 2256 3773 oportet
2290 3694 2456 3757 omni
2496 3696 2714 3772 mod0,
2768 3708 3068 3775 tempore,
3105 3696 3161 3755 δι
3199 3694 3341 3753 loco

425 3776 515 3848 (vt
572 3770 653 3831 ita
703 3770 995 3848 dicamus)
1052 3771 1331 3851 regulari,
1392 3776 1449 3834 &
1489 3776 1650 3852 leges
1688 3791 1823 3835 suas
1865 3772 2230 3853 modumque
2267 3775 2537 3837 vniuerse
2577 3773 2874 3857 accipere,
2913 3786 2978 3837 vt
3018 3784 3257 3835 sanctae
3288 3774 3344 3833 &

426 3851 613 3911 iustae
652 3850 787 3912 sint.
826 3854 895 3912 In
935 3852 1097 3913 hunc
1137 3854 1383 3913 modum
1424 3853 1671 3915 omnino
1712 3872 1776 3915 se
1814 3854 2037 3915 haben-t
2075 3856 2236 3933 leges
2273 3858 2312 3915 a
2349 3857 2523 3917 Mose
2559 3854 2835 3917 Israelitis
2855 3857 3053 3918 datae:
3095 3869 3344 3931 quarum

422 3950 500 3991 ne
536 3950 689 4008 apex
731 3930 972 4009 quidem
1006 3933 1214 3994 vnicus
1254 3936 1293 3993 a
1350 3932 1504 3994 iusto
1552 3934 1668 3994 fine
1706 3934 1906 4011 legum
1945 3934 2008 3993 in
2047 3936 2326 3996 societate
2357 3936 2615 3996 humana
2634 3936 3007 3997 serendarum
3027 3930 3344 3995 aberrauit.

506 4011 651 4071 Hoc
694 4022 894 4071 autem
932 4010 994 4071 in
1034 4010 1104 4073 iis
1143 4010 1327 4091 ipsius
1366 4013 1686 4092 exemplis,
1724 4031 1877 4091 quae
1918 4017 2058 4075 ante
2095 4013 2427 4095 attulimus,
2467 4014 2682 4095 singuli
2719 4016 3036 4077 obseruare
3075 4023 3342 4093 possunt.

426 4089 617 4151 Verbi
675 4090 903 4169 gratia:
966 4092 1293 4170 Postquam
1351 4094 1517 4154 Deus
1563 4094 1625 4154 in
1687 4103 1996 4154 auctorem
2056 4094 2386 4175 apostasiae
2445 4093 2796 4157 sententiam
2858 4093 3020 4173 tulit,
3082 4092 3180 4154 hic
3219 4090 3350 4152 finis

426 4170 581 4229 illius
639 4170 983 4251 adducitur3
1034 4182 1099 4233 vt
1157 4171 1403 4233 audiant
1468 4192 1675 4234 omnes
1740 4175 2036 4235 Israelitae
2051 4219 2070 4243 ,
2130 4178 2188 4237 &
2242 4176 2518 4255 timeant,
2577 4193 2691 4236 nec
2728 4186 2974 4254 pergant
3011 4172 3116 4234 vlli
3153 4173 3348 4232 facere

428 4250 761 4311 secundum
801 4268 927 4310 rem
971 4252 1187 4311 malam
1230 4249 1398 4313 istam
1436 4251 1499 4313 in
1540 4252 1740 4313 medio
1780 4253 1885 4313 tui.
1924 4252 2104 4314 Deut.
2131 4273 2222 4331 13.
2250 4274 2339 4315 11.
2381 4256 2472 4315 Ex
2503 4272 2626 4335 quo
2646 4254 2907 4333 sequitur
2925 4250 3348 4331 suppliciorum

435 4330 613 4390 finem
657 4348 813 4394 esse:
858 4330 1073 4400 horum
1116 4330 1388 4411 quidem,
1427 4332 1861 4394 correctionem
1899 4333 1954 4392 δι
1996 4334 2474 4395 emendationem
2516 4336 2640 4397 eius
2665 4334 2768 4413 qui
2801 4352 2934 4395 reus
2955 4346 3070 4395 est:
3111 4332 3348 4471 inor-ugr

1870 4414 1947 4485 46
3177 4430 3278 4471 ver
3336 4454 3356 4487 ,
