3923 4875
3185 378 3301 440 337

472 540 566 602 De
606 551 815 602 natura
857 539 1230 601 functionum
1275 537 1558 621 diximus,
1594 539 1670 602 de
1712 540 1897 602 modo
1938 538 2262 603 videamus,
2300 540 2535 619 Duplex
2574 537 2750 618 igitur
2790 548 2879 600 est
2920 538 2979 599 in
3019 538 3111 600 his
3146 540 3307 601 func·

389 622 650 683 tionibus
683 622 1047 699 praestandis
1069 621 1320 682 modus:
1365 621 1699 684 communis
1736 639 1915 701 vnuS,
1955 624 2012 681 &
2052 616 2360 701 singularis
2379 622 2546 681 alter.
2585 622 2741 680 Nam
2774 619 2884 680 etsi
2920 620 3121 699 regula
3140 630 3306 681 natu-

391 721 490 763 rae
530 700 806 764 omnibus
844 703 993 777 ho(f.
1022 702 1483 779 1482)minibus,
1512 703 1713 781 regula
1743 702 1965 781 gratiae
1992 702 2271 763 omnibus
2285 700 2394 779 piis
2415 712 2504 761 απ
2522 699 2711 761 indita
2728 701 2808 761 ad
2826 700 3307 761 informationem

390 782 691 862 ipsorum3
750 792 947 843 tamen
1011 800 1116 843 eos
1151 786 1405 859 {constat
1451 781 1556 860 qui
1594 783 1928 845 functiones
1966 782 2235 861 publicas
2268 783 2493 842 obeunt
2524 778 2763 859 priuatis
2802 790 3119 841 antestare:
3180 791 3307 841 tum

391 861 531 938 quia
561 860 830 923 omnium
869 864 1102 942 legum,
1142 861 1308 939 quasi
1349 864 1584 942 regulae
1623 864 1928 941 publicae,
1968 883 2041 923 ac
2078 881 2203 923 non
2242 860 2505 940 priuatae
2547 861 2771 939 solum,
2812 861 3088 921 custodes
3121 864 3178 922 &
3206 860 3307 921 ad-

389 941 639 1003 ministri
677 951 838 1021 sunt3
879 952 1005 1003 tum
1045 942 1183 1021 quia
1224 961 1328 1003 sua
1365 941 1602 1004 accedit
1642 952 1977 1023 προεςῶσιν
2016 942 2293 1003 omnibus
2332 944 2413 1003 ad
2440 940 3027 1003 commendationem
3049 942 3305 1019 regulae,

391 1040 572 1099 quarn
611 1022 737 1083 aliis
776 1022 1194 1101 praestituunt,
1235 1022 1574 1084 auctoritas·
1613 1026 1814 1101 Atque
1854 1024 2002 1084 haec
2041 1023 2283 1101 quidem
2322 1021 2648 1083 secundum
2690 1030 2959 1081 naturam
2989 1019 3309 1081 functionis

391 1121 532 1164 suae
593 1100 932 1163 communia
972 1112 1107 1163 sunt
1143 1102 1373 1181 vtrique
1411 1103 1720 1164 hominum
1760 1102 1961 1181 generi
1976 1149 1995 1176 ,
2057 1102 2161 1181 qui
2200 1102 2262 1163 in
2300 1101 2509 1183 politia
2522 1147 2540 1183 ,
2599 1105 2656 1163 ὅτ
2692 1099 2963 1161 Ecclesia
2998 1109 3307 1179 praesunt:

389 1202 528 1243 nam
609 1182 666 1242 δι
727 1183 992 1261 regulam
1047 1180 1290 1262 publico
1351 1182 1632 1245 exhibent
1645 1230 1662 1263 ,
1721 1184 1778 1243 δι
1830 1183 2240 1244 auctoritatem
2308 1183 2648 1243 adiunctam
2708 1181 2947 1242 habent.
3026 1181 3169 1261 [Sua
3202 1190 3310 1241 est

389 1262 756 1355 Magistratui
811 1262 966 1323 iusta
1025 1264 1342 1325 auctoritas
1355 1308 1374 1343 ,
1431 1280 1538 1325 sua
1595 1262 1920 1325 ministerio
1933 1308 1950 1340 ,
2023 1262 2085 1323 in
2144 1262 2217 1324 iis
2269 1264 2447 1324 rebus
2506 1280 2654 1341 quas
2688 1260 2846 1343 [ante
2905 1260 3310 1339 circumscrip—

390 1359 590 1404 simus.

471 1421 590 1483 Sed
645 1432 844 1483 tamen
905 1422 1212 1503 singularis
1254 1433 1343 1484 est
1383 1423 1614 1501 Vtrique
1652 1420 1846 1484 ordini
1887 1422 2038 1483 ratio
2052 1469 2070 1503 ,
2129 1422 2464 1501 modusque
2503 1423 2560 1482 &
2605 1420 3006 1501 imponendae
3044 1421 3311 1499 regulae,

391 1504 447 1563 δι
485 1502 847 1563 auctoritatis
887 1503 1268 1565 exercendae.
1343 1505 1499 1564 Nam
1545 1506 1805 1583 regulam
1845 1504 2017 1581 ponit
2054 1502 2435 1581 Magistratus
2477 1502 2536 1562 in
2579 1503 2761 1563 rebus·
2793 1500 3066 1561 humanis
3107 1518 3275 1561 suam
3290 1544 3307 1577 ,

391 1581 469 1642 de
525 1599 634 1642 suo
648 1627 667 1661 ,
727 1584 784 1642 &
822 1583 1170 1645 auctoritate
1231 1600 1376 1663 sua3
1435 1586 1781 1662 Theologus
1840 1587 1983 1644 vero
2044 1586 2100 1645 δι
2148 1583 2313 1645 verbi
2353 1582 2694 1644 administer
2732 1580 2997 1659 quisquis
3036 1590 3156 1660 est,
3196 1598 3311 1641 nec

391 1678 557 1723 suam
572 1708 590 1742 ‚
632 1681 744 1723 nec
785 1664 863 1725 de
905 1681 1037 1741 suo,
1085 1683 1200 1725 nec
1239 1658 1587 1725 auctoritate
1627 1681 1734 1724 sua
1777 1664 1889 1723 fert
1927 1663 2159 1744 legem3
2200 1664 2306 1724 sed
2336 1662 2630 1741 diuinam,
2662 1662 2739 1723 de
2758 1663 2946 1723 verbo
2967 1661 3083 1721 Dei
3100 1658 3311 1741 ipsius3

391 1742 446 1801 δι
505 1743 854 1803 auctoritate
913 1743 1057 1823 Dei,
1115 1742 1282 1805 cuius
1343 1744 1630 1822 interpres
1691 1744 1884 1804 solum
1943 1762 2016 1803 ac
2072 1742 2321 1805 nuncius
2360 1744 2707 1821 appellatur.
2750 1742 3143 1820 Magistratus
3184 1739 3307 1800 vim

391 1824 629 1901 regulae
669 1825 726 1883 δι
766 1822 1131 1885 auctoritatis
1169 1842 1310 1885 suae
1352 1827 1630 1903 cogendo
1669 1826 1889 1884 firmat:
1930 1822 2031 1883 hic
2071 1825 2327 1885 affirmat
2378 1822 2691 1902 docendo,
2732 1822 2789 1881 δι
2828 1821 2950 1883 vim
2989 1828 3303 1900 cogentem

391 1901 453 1961 in
521 1904 702 1962 rebus
761 1902 939 1964 sacris
990 1923 1062 1963 ac
1103 1902 1319 1965 diuinis
1375 1903 1638 1965 vindicat
1698 1902 1810 1964 soli
1849 1905 2003 1964 Deo.
2065 1906 2236 1963 Haec
2274 1904 2335 1964 in
2376 1902 2587 1983 regulis
2626 1906 2682 1963 &
2724 1900 3071 1963 auctoritate
3109 1918 3311 1962 earum

392 1980 780 2060 dispeseenda
818 1986 992 2061 plane
1032 1994 1167 2044 sunt
1206 1983 1550 2063 singularia:
1613 2000 1765 2063 quae
1804 1982 1854 2043 si
1893 1982 2273 2063 Magistratus
2311 1982 2584 2063 negligit,
2638 1983 2961 2061 pessundat
2997 1981 3311 2042 hominum

391 2060 771 2123 societatem:
814 2062 904 2123 sin
945 2073 1182 2142 arrogat
1219 2065 1566 2143 Theologus
1603 2074 1706 2125 aut
1737 2062 2081 2125 administer
2120 2064 2371 2146 Christi,
2409 2062 2459 2125 is
2498 2066 2604 2125 aut
2644 2078 2849 2123 seruus
2884 2070 3170 2140 nequam,
3210 2069 3312 2120 aut

395 2141 620 2220 praedo
651 2143 714 2202 in
759 2162 940 2223 grege
982 2142 1229 2206 Domini
1269 2156 1449 2222 atque
1483 2155 1768 2221 tyrannus
1809 2153 1916 2203 est.
3012 2182 3017 2187 -

476 2222 885 2301 Quaecunque
924 2234 1122 2285 autem
1163 2223 1240 2285 de
1277 2234 1487 2285 natura
1524 2222 2043 2285 administrationis
2091 2224 2421 2303 vti-iusque,
2475 2227 2531 2284 &
2570 2222 2647 2284 de
2687 2223 2874 2283 modo
2915 2219 3194 2300 diximus„
3237 2239 3311 2281 eo

397 2301 654 2363 maxime
713 2305 1164 2382 confirmantur,
1225 2306 1393 2382 quod
1449 2306 1631 2364 finem
1671 2305 1891 2365 habent
1931 2306 2112 2381 quam
2146 2303 2625 2367 diuersissimum.
2685 2304 2793 2363 Est
2832 2302 2990 2363 enim
3031 2302 3163 2363 finis
3202 2300 3313 2361 iste

392 2382 762 2461 Magistratui
823 2383 1192 2464 propositus,
1249 2394 1314 2446 vt
1373 2384 1638 2446 societati
1685 2386 1982 2446 humanae
2030 2388 2087 2447 &
2128 2382 2434 2448 communi
2470 2386 2637 2446 bono
2676 2384 2949 2445 consulat
2986 2381 3313 2444 secundum

389 2461 698 2524 hominem
738 2463 798 2524 in
839 2466 1018 2526 rebus
1057 2464 1301 2526 terrenis
1339 2468 1402 2526 &¹
1432 2465 1893 2545 temporalibus3
1932 2466 2247 2545 Theologo
2286 2477 2484 2526 autem
2513 2465 2613 2526 ille
2626 2511 2645 2544 ,
2676 2473 2743 2524 vt
2774 2462 3040 2532 societati
3057 2463 3314 2542 piorum,

391 2559 572 2619 quam
629 2545 1116 2606 communionem
1176 2555 1516 2607 sanctorum
1577 2545 1859 2624 dicimus,
1923 2547 1981 2606 δι
2040 2545 2213 2608 saluti
2248 2547 2517 2609 consulat
2544 2544 2607 2605 in
2646 2546 2822 2605 rebus
2864 2543 3218 2604 caelestibus
3255 2543 3312 2601 δι

391 2622 644 2683 aeternis
702 2624 1028 2686 secundum
1068 2627 1282 2686 Deum.
1357 2625 1696 2690 Secundum
1743 2625 1908 2686 hunc
1949 2635 2265 2704 vtrumque
2302 2628 2483 2687 finem
2522 2624 2662 2685 inde
2700 2627 2739 2684 a
2771 2622 3066 2702 'principio
3104 2620 3213 2684 suit
3250 2622 3313 2682 in

395 2701 488 2762 his
531 2703 1133 2766 administrationibus
1173 2705 1420 2766 seorsim
1458 2716 1668 2767 natura
1705 2708 1762 2766 δι
1801 2705 1952 2766 ratio
1993 2705 2419 2785 sapientissime
2460 2708 2498 2765 a.
2536 2707 2672 2766 Deo
2710 2703 2993 2766 instituta.

473 2781 604 2842 Etsi
644 2783 704 2844 in
743 2784 834 2846 his
871 2785 1012 2863 ipsis
1050 2784 1627 2847 administrationum
1667 2785 1884 2846 finibus
1923 2785 2148 2864 aliquid
2186 2797 2277 2848 est
2308 2785 2569 2864 vtrisque
2603 2801 2956 2863 commune,
2992 2786 3048 2845 δι
3068 2783 3313 2861 diligen-

391 2872 480 2922 ter
538 2864 617 2923 ab
677 2864 956 2926 omnibus
1009 2865 1471 2928 obseruandum.
1551 2867 1708 2926 Nam
1767 2865 2147 2944 Magistratus
2206 2885 2315 2930 suo
2376 2866 2588 2928 ordine
2646 2862 2907 2943 politico,
2940 2865 3020 2924 ad
3068 2873 3311 2942 portum

393 2943 592 3004 salutis
665 2955 939 3006 aeternae
997 2945 1344 3007 societatem
1383 2965 1550 3008 suam
1588 2944 1987 3024 adspirantem
2027 2945 2221 3026 iuuat:
2281 2951 2338 3008 δι
2396 2945 2665 3007 Minister
2704 2942 3148 3017 Ecclesiastico,
3208 2961 3317 3020 per

395 3023 609 3084 fretum
650 3024 946 3086 societatis
983 3025 1307 3105 humanae,
1349 3045 1388 3088 o
1433 3031 1646 3104 emque
1686 3025 2067 3104 Magistratus
2105 3027 2279 3088 boni:
2318 3025 2695 3106 Magistratus
2734 3024 2797 3086 in
2836 3025 2953 3085 hac
2994 3023 3114 3085 vita
3130 3021 3313 3101 regit,

394 3101 664 3164 Minister
712 3125 817 3184 per
855 3107 1010 3166 hanc
1051 3107 1131 3166 ad
1167 3105 1329 3167 illam
1414 3105 1588 3185 irigit.
1668 3106 1832 3167 Hinc
1869 3107 1963 3185 fit,
2002 3116 2069 3167 vt
2097 3109 2413 3168 multarum
2452 3124 2637 3184 quoq.
2666 3104 2967 3165 actionum
3006 3103 3203 3181 aliqua
3242 3101 3316 3162 sit

394 3182 547 3244 inter
603 3185 716 3246 hos
775 3185 1014 3247 ordines
1073 3187 1540 3248 communicatio
1554 3233 1576 3266 ,
1633 3205 1758 3248 non
1818 3197 2019 3247 autem
2078 3191 2167 3263 (vt
2220 3188 2605 3267 ἀβδηρολόγοι
2643 3188 2700 3247 &
2738 3183 3039 3246 ambitiosi
3083 3185 3316 3263 putant)

394 3263 684 3325 confusio.
723 3264 889 3340 Quid
929 3265 1088 3327 enim
1127 3264 1464 3328 confusioni
1502 3286 1641 3329 cum
1681 3261 1925 3336 ordine?
1969 3265 2114 3344 quid
2155 3268 2276 3328 luci
2312 3281 2451 3328 cum
2490 3263 2783 3327 tenebris?
2822 3263 3109 3326 Ordinem
3130 3281 3313 3324 vnum

391 3344 578 3404 altero
611 3343 798 3406 iuuari
838 3349 978 3408 volo
993 3391 1012 3423 ,
1071 3365 1193 3408 non
1235 3345 1478 3424 perimi:
1542 3357 1858 3424 vtrumque
1896 3347 2119 3408 seruari
2133 3392 2152 3427 ,
2207 3365 2333 3409 non
2370 3345 2573 3424 perdi:
2634 3343 2816 3425 cupio
2855 3355 2920 3406 vt
2956 3361 3063 3406 sua
3101 3344 3315 3421 cuique
3412 3385 3415 3388 -

391 3433 633 3502 natura,
694 3443 834 3486 suus
897 3426 1142 3500 modus,
1205 3427 1261 3486 δι
1300 3427 1390 3487 sui
1426 3429 1572 3488 fines
1611 3429 1797 3504 con(f.
1826 3430 2161 3504 1484)stent
2201 3436 2412 3488 contra
2439 3425 2901 3505 imprudentiam
2941 3429 2998 3486 δι
3035 3421 3316 3503 improbi-

396 3511 580 3562 tatem
623 3503 932 3567 hominum
971 3510 1194 3567 temere
1232 3505 1294 3567 in
1333 3509 1456 3568 alto
1496 3507 1825 3568 ludentium
1845 3553 1864 3587 ,
1897 3518 2200 3585 tamquam
2235 3506 2287 3568 si
2324 3506 2388 3568 in
2426 3515 2605 3586 portu
2641 3515 2901 3584 agerent.

474 3584 616 3643 Hoc
675 3596 872 3647 autem
914 3603 1064 3665 opus
1105 3604 1425 3649 commune
1464 3598 1553 3649 est
1591 3587 1897 3648 Iuriscoss.
1936 3590 1993 3649 &
2031 3599 2334 3650 nostrum:
2394 3586 2630 3648 illorum
2644 3631 2662 3665 ,
2719 3596 2787 3648 vt
2835 3584 3035 3647 ordini
3072 3583 3316 3663 publico

395 3663 738 3744 consulant;
795 3677 1093 3744 nostrum,
1154 3677 1218 3727 vt
1277 3667 1699 3729 conscientiae:
1760 3685 2017 3747 quorum
2070 3679 2389 3746 vtrumque
2440 3666 2631 3745 agitur
2684 3665 2747 3727 in
2784 3667 2905 3728 hoc
2944 3675 3317 3744 argumento.

393 3741 683 3806 Curemus
722 3765 972 3824 aequam
1012 3746 1246 3824 vtrique
1286 3757 1546 3828 partem,
1589 3749 1645 3808 δι
1683 3746 1746 3808 in
1785 3766 2107 3811 commune
2120 3795 2139 3829 ,
2179 3747 2346 3828 quod
2375 3745 2619 3825 expedit
2637 3746 2945 3808 communi
2962 3747 3314 3806 adferamus.

395 3823 528 3914 Ego
543 3825 731 3914 ‘prior
773 3827 1029 3888 scribere
1067 3825 1321 3905 institui,
1358 3846 1482 3888 non
1521 3831 1674 3890 sorte
1714 3838 1954 3907 rogatus
1991 3829 2188 3910 prior3
2230 3829 2336 3890 sed
2374 3837 2574 3888 tamen
2614 3829 2653 3886 a
2682 3827 2859 3888 bonis
2879 3827 3055 3889 etiam
3076 3834 3316 3903 rogatus

393 3919 498 3978 qm
539 3905 651 3964 iuri
691 3907 836 3967 dant
868 3925 1136 3985 operam.
1175 3908 1468 3969 secundas
1503 3927 1718 3986 operas
1756 3911 1985 3987 (spero)
2021 3910 2408 3988 praestabunt
2432 3907 2545 3986 illi,
2584 3907 2641 3966 δι
2680 3907 2849 3985 quod
2887 3909 2926 3968 a
2944 3925 3042 3967 me
3063 3903 3318 3983 pressius

397 3981 624 4044 dictum
691 3997 780 4046 est
795 4033 812 4066 ,
874 3989 1028 4048 forte
1067 3985 1246 4047 etiam
1285 3986 1481 4049 minus
1520 3989 1916 4082 populariter:
1974 3989 2041 4050 id
2078 3989 2163 4050 illi
2201 4008 2339 4051 meo
2378 3988 2655 4065 exemplo
2694 3987 2937 4049 adducti
2976 3985 3229 4063 amplius
3260 3985 3317 4043 δι

397 4066 776 4153 commodius
815 4067 1222 4128 declarabunt.
1282 4067 1418 4145 Ego
1457 4087 1555 4129 me
1598 4069 1712 4131 illis
1752 4070 1952 4129 fauere
1991 4070 2048 4128 δι
2088 4071 2385 4132 fauturum
2424 4085 2555 4128 esse
2594 4069 2929 4146 pronuncio
2970 4087 3045 4129 ex
3082 4063 3284 4126 animo
3300 4110 3317 4143 ,

396 4157 499 4218 qui
561 4146 973 4208 commoditati
1030 4147 1305 4226 publicae
1364 4149 1426 4209 in
1484 4149 1597 4209 hac
1655 4165 1836 4210 causa
1885 4150 2139 4229 amplius
2193 4149 2538 4226 feliciusque
2596 4147 3035 4227 prospexerint,
3077 4145 3323 4206 adducti

395 4225 670 4300 exemplo
715 4227 771 4286 ὅτ
808 4225 995 4288 adiuti
1066 4226 1115 4287 si
1153 4227 1307 4289 forte
1323 4272 1341 4307 ,
1375 4230 1574 4307 opella
1613 4247 1764 4290 mea.
1807 4229 2018 4306 Neque
2060 4231 2219 4293 enim
2261 4227 2663 4311 praescribere
2699 4229 3007 4290 IuriscosS.
3046 4228 3103 4288 δι
3137 4224 3319 4304 magi·

396 4303 601 4363 stratui
639 4307 874 4388 cogit03
918 4271 1024 4368 sed
1063 4325 1259 4368 meam
1299 4308 1649 4370 sententiam
1688 4309 1752 4369 in
1786 4309 1902 4369 hac
1940 4311 2249 4374 communi
2269 4326 2451 4372 causa
2468 4308 2903 4386 postulantibus
2924 4305 3320 4388 perscribere:

395 4397 530 4443 suas
566 4387 980 4476 conclusiones
1019 4389 1076 4448 &
1114 4387 1640 4451 determinationes
1677 4387 1979 4468 politicas,
2020 4409 2175 4469 quae
2212 4391 2354 4454 iuris
2392 4387 2637 4449 humani
2674 4400 2841 4469 sunt,
2882 4390 3131 4451 intactas
3149 4385 3320 4446 relin-

1913 4487 1989 4546 43
3045 4467 3322 4546 quendo‚
