3923 4875
1347 369 1675 413 TnEsts
1738 367 2394 412 THEOLOGICAE.
3215 370 3326 430 127

490 549 588 606 30.
667 529 1007 590 Secundum
1040 530 1290 590 eandem
1330 529 1664 622 analogiam
1678 573 1697 609 ,
1742 529 2026 607 quoniam
2065 528 2336 590 videmus
2376 549 2450 590 ex
2480 527 2601 588 vita
2605 528 3031 616 Angelorum,
3051 547 3326 590 emanare

408 621 691 686 tanquam
739 631 813 671 ex
861 613 1027 670 sonte
1078 609 1377 688 duplicem
1430 610 1871 703 operationem,
1913 627 2166 686 quarum
2208 628 2324 670 vna
2363 617 2564 668 manet
2602 603 2660 665 in
2703 617 3018 699 operante,
3057 619 3122 669 vt
3159 609 3324 670 intel-

408 692 619 768 ligere,
672 694 729 750 δι
776 691 929 750 velle
942 736 959 769 ,
1002 691 1213 769 altera,
1255 692 1526 769 procedit
1566 690 1627 750 in
1661 690 2010 751 exteriorem
2051 691 2358 750 effectum.
2402 690 2480 750 de
2518 689 2653 746 Deo
2693 687 2951 764 primum
2989 692 3326 750 intellectum

412 773 491 830 ἐπ’
528 773 743 832 volunt
746 780 875 830 rtem
915 771 1340 831 affirmabimus
1355 817 1373 850 ,
1413 781 1621 849 postea
1658 769 1981 848 potentiam
1996 816 2014 849 ,
2057 788 2207 848 quae
2247 769 2682 846 consideratur,
2725 777 2789 827 vt
2817 768 3168 846 principium
3188 789 3328 848 ope·

410 849 683 927 rationis»,
722 851 783 910 in
824 851 1099 910 effectum
1138 851 1490 911 exteriorem
1532 851 1923 928 procedentis,

489 948 589 1007 31.
668 931 815 990 Esse
874 931 933 990 in
996 933 1131 991 Deo
1185 930 1659 1009 intelligentiam,
1711 932 1863 992 ordo
1918 947 2113 990 rerum
2153 929 2646 1020 sapientissimus,
2685 927 2788 1005 qui
2825 931 2863 986 a
2901 937 3114 990 natura
3149 931 3325 990 bruta

408 1029 540 1071 esse
596 1029 721 1069 non
779 1019 1005 1087 potest,
1065 1010 1203 1070 satis
1264 1011 1651 1072 demonstrat.
1706 1008 2060 1088 Simplicitas
2099 1011 2248 1102 Dei,
2288 1026 2406 1087 qua
2445 1009 2665 1069 scimus
2706 1027 2835 1068 esse
2875 1017 3072 1068 actum
3113 1026 3324 1102 purum

408 1089 935 1168 simplicissimum,
976 1095 1031 1150 &
1071 1110 1180 1169 per
1220 1109 1593 1169 consequens
1632 1100 1927 1150 remotum
1967 1092 2046 1150 ab
2086 1089 2251 1150 omni
2291 1089 2562 1168 materia,
2603 1090 2798 1148 Deum
2831 1107 2960 1148 esse
3003 1089 3325 1168 intelligen-

407 1181 530 1231 tem
584 1171 795 1248 docet,
846 1173 985 1229 cum
1024 1190 1136 1248 pro
1178 1181 1345 1231 certo
1386 1181 1623 1232 constet
1660 1191 1733 1232 ex
1771 1181 2009 1262 natura,
2050 1187 2172 1246 quo
2213 1169 2401 1249 magis
2441 1179 2576 1229 sunt
2615 1171 2843 1228 formae
2881 1167 3327 1248 immaterialeS,

410 1269 486 1310 eo
548 1249 733 1328 magis
792 1269 921 1310 esse
979 1249 1387 1329 intelligentes.
1450 1251 1749 1329 Scriptura
1808 1249 1986 1311 etiam
2045 1253 2276 1329 Deum,
2325 1249 2682 1327 sapientem,
2730 1247 3046 1328 scientem,
3099 1251 3325 1311 fontem

406 1329 723 1422 sapientiae
761 1340 963 1407 vocat,
1007 1333 1181 1391 Rom.
1228 1334 1317 1390 16.
1366 1349 1457 1406 17.
1526 1352 1575 1392 1.
1620 1332 1779 1391 Sam.
1825 1353 1879 1390 2.
1921 1349 1981 1406 3.
2020 1334 2124 1391 Ps.
2165 1332 2264 1407 36.
2312 1351 2402 1390 10.
2443 1331 2500 1388 δι
2539 1293 2861 1388 altitudinis
2901 1296 3182 1391 scientiae
3211 1331 3328 1390 Dei

408 1409 695 1470 meminit.
734 1412 907 1470 Rom.
959 1430 1050 1470 11.
1093 1430 1193 1503 33.

487 1510 581 1565 32.
664 1490 859 1549 Huius
911 1490 1188 1550 scientiae
1242 1490 1388 1568 Dei,
1430 1490 1699 1582 quamuis
1740 1491 1992 1567 qualitas
2035 1510 2156 1550 non
2199 1489 2304 1566 sit,
2345 1489 2452 1550 sed
2491 1488 2618 1566 ipsa
2658 1487 2772 1548 Dei
2815 1489 3070 1550 essentia
3107 1510 3226 1549 vna
3264 1489 3326 1548 in

404 1589 497 1645 se,
552 1573 609 1630 &
646 1569 1045 1649 indiuisibilis,
1086 1571 1386 1652 duplicem
1426 1572 1735 1631 statuimus
1774 1572 2054 1646 modum,
2095 1569 2446 1630 infirmitatis
2485 1580 2724 1629 nostrae
2763 1571 3056 1629 leuandae
3095 1587 3322 1630 caussa.

406 1653 575 1709 Vnus
628 1660 746 1728 est,
805 1667 927 1727 quo
980 1653 1142 1710 Deus
1178 1653 1357 1711 habet
1394 1650 1483 1710 sui
1522 1653 1830 1742 aequalem
1870 1650 2176 1729 notitiam,
2217 1651 2328 1710 scit
2369 1650 2697 1725 adaequate
2739 1650 2901 1726 quod
2943 1660 3053 1710 est:
3097 1655 3152 1710 &
3201 1661 3320 1728 est,

403 1731 571 1806 quod
612 1729 721 1788 scit
758 1749 886 1790 esse
928 1749 1022 1789 se:
1064 1730 1233 1790 nouit
1271 1731 1528 1809 seipsum
1570 1751 1676 1808 per
1714 1732 1990 1808 seipsum.
2039 1751 2090 1792 1.
2136 1733 2373 1792 00722.
2421 1750 2512 1789 11.

488 1829 583 1886 33.
664 1812 831 1870 Alter
888 1819 1007 1887 est,
1062 1828 1218 1889 quo,
1274 1831 1393 1871 vno
1442 1821 1613 1889 actu,
1652 1830 1778 1871 non
1820 1811 2186 1888 successiue,
2227 1819 2567 1888 aeternum,
2607 1829 2730 1869 non
2773 1809 2835 1869 in
2875 1819 3178 1888 tempore,
3217 1830 3324 1888 per

406 1888 717 1950 essentiam
780 1907 979 1964 suam,
1028 1909 1152 1951 non
1204 1910 1309 1968 per
1348 1891 1752 1968 receptionem
1792 1891 2122 1968 specierum
2159 1855 2652 1968 intelligibilium,
2691 1889 3160 1966 immutabiliter,
3199 1909 3324 1950 non

406 1969 849 2061 contingenter,
892 1987 1045 2047 quae
1086 1982 1249 2050 sunt,
1288 1975 1344 2031 δε
1383 1989 1536 2048 quae
1574 1973 1771 2031 adhuc
1810 1990 1931 2030 non
1975 1981 2138 2050 sunt,
2178 1971 2284 2030 sed
2327 1973 2518 2030 futura
2557 1980 2724 2048 sunt,
2763 1971 2874 2029 scit
2913 1969 3158 2030 scientia
3190 1971 3328 2030 visi-

408 2051 578 2126 onis»,
637 2049 699 2108 id
756 2059 847 2110 est
902 2049 1066 2110 videt
1114 2061 1393 2128 tanquam
1434 2051 1548 2110 sibi
1586 2050 1934 2143 praesentia.
1991 2068 2144 2128 quae
2187 2052 2364 2110 etiam
2403 2069 2528 2109 non
2571 2060 2740 2121 sunt,
2779 2069 2890 2111 nec
2929 2052 3124 2110 futura
3162 2060 3328 2130 sunt,

408 2130 605 2207 nouit,
656 2140 947 2206 quatenus
998 2130 1108 2190 scit
1146 2148 1557 2207 quaecumque
1597 2131 1723 2208 ipse
1763 2133 1957 2191 facere
1998 2141 2221 2208 potest,
2261 2133 2316 2189 &
2357 2148 2510 2204 quae
2549 2133 2586 2187 a
2627 2130 2937 2210 creaturiS,
2978 2131 3158 2208 ipsius
3197 2150 3326 2208 per-

408 2209 622 2300 missu,
662 2209 787 2270 fieri
824 2220 1102 2287 possunt:
1144 2211 1346 2270 omnia
1381 2213 1575 2282 bona,
1616 2219 1846 2290 γνωςῶς
1887 2212 1981 2270 καὶ
2022 2217 2381 2289 τερατικῶς,
2425 2207 2628 2269 omnia
2669 2211 2822 2268 mala
2867 2227 3018 2286 quae
3049 2215 3086 2268 a
3107 2222 3329 2270 creatu·

408 2288 487 2348 ris
546 2291 720 2367 fiunt,
783 2299 1014 2369 γνωςῶς
1064 2293 1319 2351 tantum:
1364 2292 1637 2350 ordinem
1678 2303 1801 2348 tam
1846 2293 2141 2350 bonorum
2179 2293 2361 2366 quam
2401 2290 2690 2348 malorum
2733 2289 2814 2348 ad
2844 2291 3074 2350 bonum
3113 2293 3326 2368 finem,

406 2368 803 2449 §remquam-nc.
866 2371 1049 2445 Quod
1100 2381 1293 2431 autem
1345 2380 1671 2449 cognoscat
1708 2379 1831 2428 tam
1872 2371 2063 2449 bona,
2103 2373 2282 2447 quam
2325 2371 2512 2447 mala,
2551 2368 2690 2429 satis
2730 2379 2893 2446 patet
2929 2389 3004 2430 ex
3045 2389 3117 2430 eo
3131 2371 3325 2462 quod

410 2460 499 2508 est
557 2450 880 2509 vniuersale
934 2450 1287 2528 principium
1342 2450 1537 2512 omnis
1586 2460 1775 2520 ortuS‚
1830 2454 1885 2509 δι
1922 2460 2121 2529 actus,
2161 2455 2280 2527 qua
2320 2453 2514 2509 bonus
2555 2458 2668 2509 est:
2711 2450 3006 2510 Dominus
3045 2450 3324 2511 vniuersi-

410 2528 578 2619 tatiS,
633 2529 695 2587 in
754 2546 873 2606 qua
929 2530 979 2589 si
1036 2536 1175 2591 vere
1233 2532 1555 2611 Dominus,
1596 2529 1742 2589 nihil
1780 2531 1845 2589 fit
1882 2530 2071 2590 inscio
2103 2495 2262 2608 ipso·
2323 2530 2506 2605 Quod
2545 2529 2847 2607 Scriptura
2884 2530 3064 2590 etiam
3104 2529 3326 2607 innuit,

412 2607 610 2669 multis
649 2608 709 2669 in
747 2608 915 2669 locis,
982 2631 1034 2670 1.
1074 2614 1261 2671 Prou.
1312 2628 1401 2688 15.
1444 2630 1501 2687 3.
1538 2578 1735 2670 ’Heba
1778 2628 1834 2682 4.
1883 2631 1974 2687 13.
2073 2665 2082 2677 ,

492 2708 589 2779 34.
669 2688 971 2763 Quoniam
1010 2694 1183 2769 vero,
1222 2711 1422 2752 verum
1454 2702 1544 2751 est
1572 2690 1873 2751 obiectum
1910 2691 2240 2751 intellectus
2278 2688 2616 2782 proprium,
2637 2692 2692 2749 δι
2711 2690 2874 2749 Deus
2893 2699 2984 2749 est
3001 2688 3328 2750 intellectus

413 2769 515 2844 qui
554 2768 946 2846 adaequatum
985 2771 1319 2850 obiectum,
1360 2772 1667 2832 ventatem
1706 2788 1835 2829 esse
1875 2770 1952 2831 de
1992 2789 2241 2832 numero
2281 2770 2696 2832 attributorum
2714 2770 2830 2830 Dei
2851 2768 3139 2847 sequitur,
3160 2771 3328 2846 quod

411 2848 591 2907 etiam
648 2848 948 2926 Scriptura
1004 2851 1371 2911 demonstrat
1384 2896 1402 2930 ,
1461 2851 1701 2928 quando
1752 2852 1979 2928 Deum,
2021 2854 2219 2911 Deum
2258 2850 2516 2912 veritatis
2556 2852 2848 2927 appellat,
2886 2852 2990 2909 Ps.
3033 2869 3127 2925 31.
3170 2852 3227 2908 6.
3270 2853 3326 2909 δι

412 2926 683 2987 Christus
721 2948 785 2989 se
822 2928 885 2988 in
922 2948 995 2989 ea
1025 2930 1331 2991 veritatem
1368 2941 1565 2991 vocat.
1606 2932 1741 2990 Iob.
1791 2949 1882 3003 14.
1932 2896 2022 2989 r'6.

494 3022 591 3085 35.
672 3011 984 3069 Hactenus
1024 3010 1102 3071 de
1140 3010 1461 3090 intellectu,
1502 3011 1765 3102 sequitur
1800 3012 2072 3071 voluntas
2109 3028 2262 3087 quae
2302 3011 2378 3072 de
2419 3012 2554 3071 Deo
2591 3007 2916 3089 praedicari
2957 3008 3165 3088 debet,
3187 3011 3324 3071 cum

410 3088 777 3149 intellectum
834 3087 889 3148 ei
946 3089 1355 3170 tribuerimuS,
1412 3100 1479 3151 vt
1536 3090 1695 3151 enim
1754 3110 1847 3149 res
1886 3091 2182 3151 naturales
2220 3092 2444 3152 habent
2484 3090 2932 3151 inclinationem
2972 3092 3326 3181 naturalem,

410 3168 739 3229 animantes
776 3168 1119 3229 instinctum
1158 3188 1260 3232 seu
1298 3170 1625 3262 appetitum
1664 3170 2011 3250 animalem,
2053 3184 2174 3249 quo
2215 3180 2504 3248 quaerunt
2543 3172 2770 3231 bonum
2811 3186 3015 3249 suum,
3055 3172 3110 3229 δι
3151 3170 3214 3229 in
3253 3189 3328 3229 eo

412 3248 657 3309 inuento
715 3248 1125 3325 acquiescunt,
1186 3251 1267 3311 ita
1323 3270 1417 3312 res
1476 3248 1867 3328 intelligentes
1881 3295 1899 3327 ,
1957 3252 2262 3312 voluntate
2319 3269 2438 3329 qua
2497 3252 2706 3313 volunt
2759 3250 2973 3328 libere,
3013 3250 3177 3327 quod
3216 3250 3328 3311 sibi

412 3330 641 3389 bonum
681 3339 917 3409 putant,
958 3330 1259 3407 praeditae
1300 3341 1452 3391 sunt.
1514 3332 1727 3391 Sacrae
1766 3330 1969 3391 literae
2007 3331 2168 3408 ipsae
2210 3331 2287 3391 de
2317 3333 2450 3393 Deo
2481 3330 2744 3391 similiter
2765 3332 3130 3391 voluntatem
3151 3348 3328 3391 enun-

412 3408 573 3469 ciant
608 3408 880 3469 infiniter.
921 3411 1147 3471 Psalm.
1198 3432 1223 3470 ι
1238 3432 1262 3470 ι
1272 3428 1325 3488 5.
1372 3430 1429 3487 3.
1468 3414 1638 3470 Rom.
1664 3432 1741 3501 9.
1790 3430 1879 3487 ι9.

496 3492 590 3565 36.
672 3488 867 3549 Huius
918 3491 1235 3551 voluntatis
1286 3492 1401 3551 Dei
1440 3494 1529 3569 (vt
1568 3488 1813 3550 fecimus
1853 3488 2156 3565 scientiae)
2197 3490 2547 3551 infirmitatis
2583 3500 2822 3551 nostrae
2862 3507 3100 3567 caussa,
3143 3490 3330 3567 dupli-

413 3587 548 3629 cem
585 3568 893 3629 statuimus
931 3572 1196 3631 modum.
1240 3573 1410 3630 Vnus
1448 3569 1567 3647 (cui
1604 3570 1927 3648 respondet
1966 3569 2164 3647 aliquo
2205 3572 2426 3651 mod0,
2466 3573 2740 3632 voluntas
2779 3570 3057 3631 naturalis
3095 3581 3332 3631 nostrae

414 3666 535 3726 qua
570 3652 845 3709 volumus
882 3668 1009 3711 esse
1048 3653 1103 3710 &
1142 3651 1366 3727 viuere)
1404 3668 1524 3728 quo
1565 3669 1694 3711 sese
1732 3653 1883 3727 vult,
1924 3651 2228 3711 voluntate
2267 3653 2668 3732 aequiparata,
2700 3652 2865 3728 quod
2881 3651 3008 3711 vult
3024 3662 3326 3711 aeternum

416 3732 473 3788 δι
514 3728 951 3789 immutabiliter
992 3749 1055 3789 se
1095 3750 1255 3810 esse,
1296 3732 1351 3789 δι
1392 3733 1517 3791 vult
1556 3730 1997 3790 immutabiliter
2036 3733 2092 3790 δι
2131 3741 2436 3793 aeternum
2475 3753 2540 3794 se
2579 3752 2706 3793 esse
2721 3778 2739 3811 ,
2778 3731 2945 3823 quod
2983 3740 3088 3791 est.

334 3810 344 3821 '
498 3825 592 3884 3.7
674 3810 843 3868 Alter
882 3818 1002 3887 est,
1042 3810 1163 3885 (cui
1198 3776 1516 3889 respondet
1552 3813 1826 3870 voluntas
1866 3822 2102 3888 nostra,
2143 3812 2210 3869 ἔκ
2250 3817 2657 3891 προαιρήσεος)
2701 3829 2823 3889 quo
2843 3810 2956 3871 alia
2974 3814 3012 3869 a
3043 3830 3106 3871 se
3127 3809 3330 3872 omnia

415 3892 543 3948 vult
559 3900 801 3967 propter
840 3908 935 3967 se,
975 3890 1397 3967 sapientissime
1437 3894 1493 3951 δι
1524 3890 1850 3969 liberrime,
1872 3893 2035 3952 bona
2053 3892 2296 3967 quidem
2315 3894 2587 3969 efficere,
2609 3893 2764 3951 mala
2782 3890 3147 3970 permittere,
3168 3894 3330 3951 bona

414 3971 471 4029 δι
510 3972 667 4029 mala
703 3970 782 4029 ad
824 3970 1001 4029 finem
1036 3972 1266 4031 bonum
1280 4016 1296 4047 ,
1322 3971 1591 4062 gloriam
1630 3987 1831 4049 suam,
1872 3975 1927 4031 &
1961 3987 2205 4030 suorum
2234 3972 2482 4031 salutem
2501 3972 2861 4049 perducere,
2881 3989 3004 4030 non
3023 3974 3150 4030 vult
3169 3972 3328 4032 enim

412 4049 754 4126 permittere
789 4052 945 4109 mala
982 4051 1175 4129 Deus,
1226 4050 1339 4110 nisi
1376 4061 1664 4128 quatenus
1704 4069 1777 4110 ex
1816 4050 1986 4110 malis
2025 4070 2088 4111 se
2125 4052 2356 4111 bonum
2397 4052 2606 4113 elicere
2643 4069 2821 4129 posse
2862 4052 2970 4110 scit
3009 4054 3064 4110 &
3104 4052 3248 4112 vult.

494 4132 589 4204 38.
672 4130 765 4188 Ex
802 4148 877 4189 eo
916 4130 1085 4209 quod
1124 4131 1310 4191 modo
1348 4130 1647 4209 vidimuS,
1679 4132 1928 4210 scilicet,
1969 4134 2167 4190 Deum
2206 4149 2331 4190 non
2369 4133 2520 4191 velle
2562 4130 2907 4209 permittere
2947 4132 3196 4208 malum,
3219 4129 3331 4191 nisi

408 4210 557 4269 boni
616 4209 872 4289 ratione,
924 4219 1087 4287 patet
1139 4209 1439 4270 obiectum
1493 4176 1810 4271 voltintatis
1850 4177 2090 4271 diiiinae
2127 4230 2256 4271 esse
2296 4211 2555 4288 bonum,
2595 4212 2652 4270 δι
2693 4210 2954 4289 sequitur
2992 4210 3330 4271 bonitatem

413 4290 550 4348 Deo
597 4288 836 4350 attribui
873 4290 1122 4351 debere:
1164 4292 1305 4369 quia
1341 4294 1535 4370 Deus,
1574 4300 1664 4349 est
1703 4290 2020 4351 voluntatis
2059 4306 2198 4351 suae
2237 4292 2532 4369 perfectae
2571 4291 2966 4369 adaequatum
2988 4291 3292 4353 obiectum
3305 4336 3324 4369 ,

416 4369 583 4445 quod
622 4372 679 4429 δι
716 4368 833 4430 alio
870 4380 1219 4449 argumento
1254 4380 1465 4432 natura
1501 4372 1843 4451 confirmat,
1882 4372 2136 4451 docenS,
2175 4374 2300 4431 Ens
2340 4374 2397 4431 δι
2435 4373 2664 4433 bonum
2703 4371 3014 4451 connecti,
3055 4375 3112 4432 δι
3131 4370 3327 4447 Scrip-

3201 4462 3332 4511 tura
