3923 4875
488 0 606 19 LIV!
610 0 768 20 unlu-

560 39 839 100 Officium
897 53 1093 101 autem
1155 41 1214 100 in
1269 60 1543 102 sermone
1601 42 1892 120 positum,
1952 42 2118 134 quod
2180 44 2469 120 Propheta
2524 42 2780 120 spondet
2821 41 2911 102 his
2959 39 3284 101 iustissimis
3326 42 3402 103 de

486 118 703 196 causis,
765 121 997 181 duabus
1058 121 1117 181 in
1177 122 1352 182 rebus
1406 122 1664 198 positum
1724 134 1844 199 est,
1906 122 2183 182 nimirum
2224 122 2284 182 in
2328 121 2537 200 Specie
2563 121 2797 198 officij,
2839 125 2895 183 δι
2932 122 3402 182 circumstantiis,

484 199 755 277 Speciem
794 199 973 277 officij
1017 203 1312 296 Propheta
1352 202 1608 280 spondet
1650 204 1786 262 cum
1829 203 2013 262 dicit:
2057 204 2334 280 Eloquar
2351 212 2548 279 pacem
2569 201 3400 279 tabi.Circumstantias,c1‘1m

482 279 671 358 addit,
713 301 864 339 nunc
902 283 993 341 vel
1035 303 1183 359 eam,
1225 281 1396 342 vnica
1437 300 1587 342 voce
1630 282 1976 373 designauit.
2017 283 2256 359 Species
2295 280 2508 358 officij'
2492 301 2551 342 ιιι
2575 283 2909 359 eloquenda
2931 302 3076 359 pace
3098 282 3402 343 Ecclesiae

484 360 673 451 posita
740 362 861 420 duo
924 364 1189 422 membra
1250 360 1543 423 continet.
1596 381 1707 456 pro
1749 360 1976 422 ratione
2015 362 2388 423 obiectorum
2431 362 2558 422 siue
2596 380 3010 440 personarum,
3052 363 3211 439 apud
3253 380 3402 440 quas

484 440 595 499 ista
656 458 727 498 ex
789 442 991 502 officio
1052 460 1161 502 suo
1204 444 1563 520 eloquuntur
1600 443 1704 520 piJ'.
1745 443 1844 502 Ad
1886 461 2068 501 vnum
2111 442 2405 519 pertinent
2445 442 2777 517 orationeS,
2819 445 2874 502 δι
2914 460 3153 519 preces
3193 442 3403 519 gratia·

483 524 732 596 rumque
775 521 1071 598 actioneS,
1113 522 1327 600 quibus
1369 523 1565 581 Deum
1610 521 1915 582 Ecclesiae
1956 532 2134 599 caput
2167 524 2535 613 appellamus
2557 523 2634 581 de
2655 541 2802 600 pace
2823 522 3012 582 illius:
3055 522 3133 581 ad
3155 525 3405 582 alterum

481 599 1053 661 communicationes
1100 622 1238 661 cum
1282 601 1584 664 Ecclesiae
1626 602 1933 680 membriS,
1971 619 2105 662 cum
2123 601 2357 681 amicis,
2400 605 2609 662 &curn
2633 602 2899 663 Ecclesia
2918 603 3207 662 Vniuersa.
3250 604 3404 662 Nam

482 678 605 740 siue
651 681 726 739 ad
768 682 966 741 Deum
1011 681 1425 774 respiciamuS,
1474 701 1687 773 pacem
1729 692 1967 759 oportet
2009 683 2230 759 spirent
2273 648 2453 742 an’imi
2493 683 2715 760 nostri,
2755 687 2810 743 δι
2851 701 2961 759 pro
3003 702 3074 742 ea
3114 682 3407 759 suspirent

482 779 685 819 coram
727 761 991 821 Domino
1034 764 1166 822 Deo
1209 761 1567 842 pacis3s1ue
1606 762 1683 822 ad
1723 762 1998 823 homines
2038 761 2139 839 qui
2181 780 2292 822 nos
2331 761 2741 839 circumstant
2784 765 2994 823 oculos
3036 766 3090 823 δι
3132 762 3405 853 cogitati-

481 857 659 900 onem
711 852 1161 918 conuertamuS,
1201 843 1448 921 proferri
1488 846 1525 902 a
1564 841 1740 903 nobis
1782 842 1859 901 ad
1901 860 2110 920 pacem
2153 852 2389 919 oportet
2428 841 2659 934 omnia3
2698 853 2761 902 vt
2801 843 2901 920 qui
2924 841 3023 918 filij
3051 843 3232 903 simus
3251 841 3404 902 illius

481 920 583 996 qui
616 922 780 980 Deus
822 932 908 981 est
948 923 1149 1002 pacis3
1190 924 1412 984 alumni
1432 921 1761 998 Ecclesiae,
1803 940 1958 999 quae
1979 921 2192 982 domus
2215 934 2303 983 est
2322 922 2516 1001 pacis3
2558 924 2941 1015 membraque
2965 922 3117 982 illius
3136 923 3404 1000 corporis

480 1000 647 1075 quod
705 1000 972 1061 Christus
1029 1003 1279 1064 redemit
1338 1003 1649 1064 conciliata
1710 1020 1845 1061 cum
1891 1003 2025 1063 Deo
2067 1021 2248 1080 pace,
2289 1005 2344 1063 δι
2384 1002 2702 1063 constituta
2742 1002 2893 1063 inter
2931 1021 3043 1062 nos
3085 1002 3141 1063 in
3185 1003 3404 1063 vnitate

481 1078 745 1173 Spiritus.
789 1083 987 1158 Atque
1029 1083 1176 1144 haec
1214 1083 1455 1161 quidem
1497 1083 1698 1144 omnia
1736 1081 1854 1142 iam
1896 1085 2033 1142 ante
2072 1082 2252 1142 fusilis
2294 1093 2432 1142 sunt
2469 1082 2792 1174 explicata.
2837 1083 2954 1143 Sed
2994 1101 3066 1143 ea
3108 1084 3404 1160 Propheta

482 1159 592 1218 sibi
633 1158 743 1237 ipsi
783 1162 1133 1222 nominatim
1174 1162 1525 1242 applicauit,
1565 1173 1629 1222 vt
1668 1172 1900 1223 nostras
1940 1162 2308 1240 singulorum
2354 1161 2744 1222 conscientias
2781 1172 3159 1241 permoneret
3193 1163 3404 1223 excita·

481 1245 714 1330 retque3
756 1243 833 1300 ad
874 1239 1031 1301 idem
1072 1245 1333 1304 officium
1376 1243 1436 1303 in
1477 1243 1720 1304 veritate
1760 1243 1824 1319 (f.
1876 1247 2014 1318 742)
2057 1242 2112 1301 &
2153 1242 2439 1302 charitate
2479 1245 2916 1321 praestandum.
2957 1242 3119 1319 quod
3142 1243 3406 1303 officium

479 1318 527 1377 si
588 1331 707 1379 tam
770 1320 1081 1400 diligenter
1136 1324 1397 1401 plerique
1439 1342 1648 1384 omnes
1688 1324 2050 1401 coleremuS,
2092 1326 2269 1414 quam
2305 1322 2620 1414 diligenter
2658 1323 2850 1382 studia
2891 1325 2944 1384 &
2988 1342 3172 1401 opera
3213 1323 3407 1384 carnis

480 1399 761 1478 colimus,
803 1419 957 1477 quae
999 1405 1324 1480 Apostolus
1361 1404 1439 1464 ad
1486 1406 1727 1465 Galatas
1768 1402 2031 1463 scribens
2072 1402 2344 1480 exprimit
2388 1401 2819 1493 copiosissime·
2864 1423 2995 1481 cap.
3040 1420 3094 1481 5.
3136 1422 3286 1463 vers.
3318 1423 3406 1480 19.

485 1499 574 1536 21.
640 1480 857 1541 iamdiu
920 1485 1190 1559 profecto
1230 1482 1501 1544 extinctis
1546 1481 1864 1543 mortiferis
1918 1483 2239 1543 seminibus
2294 1483 2543 1542 Satanae
2583 1481 2930 1543 suauissima
2968 1503 3115 1562 pace
3153 1483 3405 1561 amplias

482 1561 822 1620 frueremur.

558 1640 676 1700 Sed
713 1641 857 1718 quid
897 1639 1009 1701 sibi
1050 1644 1177 1702 vult
1220 1642 1318 1703 illa
1357 1641 1642 1721 temporis
1680 1640 2152 1718 circumstantia,
2194 1644 2332 1702 cum
2355 1643 2652 1719 Propheta
2673 1642 2818 1702 dicit
2837 1646 2891 1703 δι
2916 1642 3184 1703 Ecclesia
3203 1641 3402 1702 verbis

478 1718 664 1788 illius,
728 1740 791 1780 se
850 1724 1089 1781 iamiam
1151 1720 1388 1801 eloqui?
1448 1721 1712 1799 Respicit
1770 1721 2014 1798 quidem
2076 1722 2151 1782 ad
2201 1723 2553 1800 singularem
2597 1723 2756 1782 illam
2810 1724 3181 1784 occasionem
3223 1738 3404 1800 quam

478 1798 769 1878 principio
830 1802 1046 1862 Psalmi
1106 1801 1669 1880 demonstrauimus,
1729 1802 1893 1879 quod
1955 1803 2120 1863 Deus
2160 1805 2360 1862 locum
2402 1802 2766 1894 designasset
2814 1803 3192 1864 habitationis
3231 1820 3404 1881 suae,

477 1881 532 1938 δι
593 1898 731 1940 arca
790 1880 850 1940 in
911 1900 1049 1942 eum
1104 1894 1255 1944 esset
1314 1883 1662 1960 importata,
1716 1901 1789 1941 ac
1831 1883 2024 1942 cultus
2066 1882 2400 1942 institutus.
2437 1884 2542 1942 sed
2583 1882 2761 1942 etiam
2801 1882 3091 1975 spectauit
3131 1883 3400 1958 vlterius,

477 1977 695 2037 nempe
745 1961 1006 2022 ostendit
1060 1982 1124 2024 se
1164 1964 1315 2024 velle
1356 1962 1698 2041 praedicare
1738 1979 2074 2021 sermonem
2117 1963 2314 2039 paciS,
2355 1963 2410 2021 δι
2451 1961 2668 2023 instare
2709 1963 3058 2042 tempestiue
3100 1965 3155 2024 &
3197 1963 3405 2023 intem-

472 2040 730 2118 pestiue,
771 2042 1030 2118 adioque
1070 2043 1232 2105 illico
1274 2042 1401 2104 sine
1441 2060 1612 2103 mora
1642 2052 1742 2101 aut
1763 2041 2148 2103 cunctatione
2169 2043 2326 2102 vlla
2308 2060 2367 2102 ιιι
2391 2060 2464 2101 eo
2490 2052 2696 2103 sancto
2722 2062 2904 2120 opere
2927 2063 3056 2104 sese
3084 2061 3404 2121 occupare.

478 2139 508 2177 2
553 2119 709 2180 Tim.
751 2141 806 2195 4.
854 2142 907 2182 ιι.
950 2124 1175 2184 Notum
1216 2134 1305 2185 est
1344 2122 1487 2183 illud
1527 2121 1763 2200 Christi,
1785 2121 2108 2201 neminem,
2150 2123 2251 2200 qui
2272 2140 2453 2182 manu
2474 2140 2579 2182 sua
2596 2123 2842 2184 admota
2863 2135 3058 2184 aratro
3080 2122 3405 2201 respexerit

475 2199 552 2258 ad
614 2219 683 2260 ea
723 2219 875 2279 quae
916 2208 1076 2263 retro
1116 2216 1279 2284 sunt,
1322 2201 1660 2282 oppositum
1703 2220 1829 2263 esse
1868 2204 1946 2262 ad
1987 2220 2234 2281 regnum
2275 2203 2406 2262 Dei.
2469 2204 2618 2263 Luc.
2674 2222 2731 2280 9.
2772 2205 2871 2265 62.
2913 2214 3120 2263 notum
3162 2206 3217 2264 δι
3256 2202 3402 2264 illud

477 2281 784 2370 Apostoli,
845 2284 1088 2359 quando
1148 2285 1370 2363 placuit
1427 2286 1561 2344 Deo
1616 2292 1880 2361 retegere
1921 2283 2105 2342 filium
2146 2300 2316 2342 suum
2358 2281 2417 2342 in
2460 2281 2625 2360 ipso,
2667 2295 2729 2343 vt
2769 2282 3198 2376 euangelizaret
3236 2282 3401 2343 illum

476 2359 626 2420 inter
687 2372 919 2439 gentes,
982 2382 1102 2424 non
1168 2365 1362 2425 statim
1429 2365 1731 2443 praeterea
1790 2362 2112 2422 contulisse
2172 2380 2313 2422 cum
2356 2380 2536 2422 carne
2578 2363 2633 2422 δι
2675 2363 2976 2443 sanguine.
3027 2365 3161 2424 Gal.
3212 2365 3400 2423 1.16.

474 2441 698 2501 Notum
761 2446 815 2503 δι
877 2443 1024 2504 illud
1085 2448 1322 2538 elegans
1384 2444 1663 2538 Cypriani
1706 2443 1966 2521 dictum,
2007 2445 2144 2503 cum
2187 2443 2447 2519 Aspacio
2494 2445 2744 2504 Paterno
2785 2445 3126 2521 proconsuli
3166 2443 3405 2505 Africae

476 2521 726 2581 tentanti
771 2522 997 2617 ipsum,
1040 2544 1145 2604 spe
1183 2524 1340 2586 vitae
1382 2525 1505 2586 seni
1544 2527 1734 2601 sacta,
1775 2524 2167 2614 responderet
2207 2524 2264 2583 in
2310 2526 2488 2584 rebus
2526 2523 2744 2584 sanctis
2783 2543 2906 2585 non
2949 2544 3077 2586 esse
3117 2524 3405 2585 delibera-

473 2599 715 2661 tionem.
762 2604 903 2663 Hoc
946 2604 1123 2683 igitur
1162 2605 1490 2667 institutum
1532 2621 1701 2666 suurn
1745 2602 1889 2663 citra
1932 2605 2110 2662 vllam
2146 2604 2586 2663 cunctationem
2608 2605 3246 2683 deliberationemque,
3265 2604 3406 2665 inde

474 2681 551 2740 ab
613 2681 718 2742 illo
762 2682 890 2761 ipso
934 2696 1240 2747 momento
1282 2687 1360 2746 ad
1403 2686 1672 2745 vltimurn
1711 2701 1897 2760 vsque
1938 2682 2240 2761 spiritum,
2280 2686 2589 2761 profitetur
2633 2685 2883 2745 Psaltes:
2924 2686 3302 2761 ostenditque
3342 2703 3407 2745 se

473 2762 659 2837 (quod
722 2763 1009 2842 praecipit
1051 2767 1404 2844 Apostolus)
1445 2764 1841 2827 indesinenter
1881 2775 2181 2824 oraturum
2225 2782 2353 2824 esse
2394 2783 2504 2842 pro
2547 2783 2695 2841 pace
2735 2765 3039 2826 Ecclesiae
3078 2766 3309 2840 Deum,
3349 2766 3406 2825 δι

471 2840 870 2904 indesinenter
904 2863 1042 2905 cum
1086 2848 1360 2908 fratribus
1396 2857 1577 2924 atque
1614 2843 1819 2904 amicis
1858 2844 1935 2904 de
1978 2863 2126 2921 pace
2168 2844 2472 2904 Ecclesiae
2511 2862 2812 2905 sermones
2833 2845 3188 2923 habitururn,
3209 2862 3406 2922 neque

474 2939 779 2997 passurum
828 2943 933 3002 se,
975 2935 1038 2985 vt
1077 2929 1171 2986 vel
1215 2928 1291 2988 ad
1337 2936 1707 2987 momentum
1748 2922 2074 3003 abripiatur
2111 2924 2190 2984 ab
2231 2923 2346 2985 isto
2387 2922 2755 2984 sanctissimo
2794 2924 2997 2985 officio
3042 2943 3247 2985 coram
3269 2926 3403 2985 Deo

472 2970 933 3082 hominibusque
977 3008 1408 3098 persequenda

556 3083 866 3144 Hactenus
913 3087 990 3145 de
1040 3087 1331 3148 sermonis
1370 3087 1447 3147 ad
1489 3105 1699 3166 pacem
1741 3083 1969 3143 officiis
2014 3082 2291 3159 Sequitur
2320 3083 2485 3143 ahter
2504 3085 2699 3157 locus,
2743 3085 2820 3144 de
2861 3084 3072 3145 officiis
3091 3084 3169 3144 ad
3190 3103 3401 3162 pacem

474 3178 655 3238 opere
717 3165 1117 3244 praestandiS,
1180 3166 1283 3245 qui
1332 3169 1499 3228 locus
1539 3167 1689 3226 duas
1730 3163 2117 3224 consimiliter
2155 3164 2337 3223 habet
2375 3175 2609 3241 partes:
2651 3183 2861 3242 vnam,
2906 3166 2981 3224 de
3021 3181 3198 3224 causa
3237 3164 3404 3226 istius

474 3242 692 3321 officij3
733 3245 1009 3320 alteram,
1052 3247 1129 3306 de
1172 3246 1499 3308 substantia
1540 3246 1597 3307 &
1638 3243 1833 3323 specie
1875 3243 2047 3304 illius.
2089 3244 2345 3303 Causam
2390 3246 2684 3321 Propheta
2715 3245 2997 3321 expressit
3037 3244 3128 3304 his
3175 3245 3403 3325 verbis3

461 3330 717 3401 propter
778 3326 1004 3383 domum
1068 3328 1326 3388 Iehouae
1386 3328 1513 3386 Dee
1549 3328 1783 3386 nostri:
1824 3324 2102 3384 Officium
2147 3323 2290 3394 illis,
2320 3326 2668 3403 procurabo
2708 3326 2868 3401 quod
2901 3326 3109 3384 bonum
3151 3333 3238 3385 est
3273 3327 3402 3403 tibi,

473 3403 571 3460 vel
624 3406 926 3480 exquiram
981 3408 1187 3465 bonum
1229 3416 1411 3467 tuum.
1452 3405 1718 3485 Respicit
1760 3415 1956 3463 autem
2000 3403 2239 3481 proprie
2282 3405 2431 3464 haec
2471 3404 2727 3463 narratio
2767 3421 2980 3463 causae
3018 3405 3096 3464 ad
3137 3405 3405 3483 proposi-

472 3480 696 3541 tionem
741 3482 899 3544 illam
943 3484 1227 3566 primam,
1269 3506 1389 3565 qua
1425 3504 1563 3547 vsus
1602 3497 1690 3547 est
1735 3485 2034 3561 Propheta
2075 3484 2132 3542 in
2174 3482 2501 3561 principi0,
2541 3483 2744 3544 dicens
2783 3485 3018 3562 piorum
3057 3486 3402 3547 coeuntium

477 3560 694 3651 verbis3
741 3564 1006 3626 Domum
1046 3568 1305 3629 Iehouae
1345 3568 1651 3629 adeamus:
1697 3582 1818 3643 quo
1860 3583 1934 3623 ex
1973 3566 2114 3623 loco
2142 3562 2415 3641 depromi
2438 3564 2609 3623 facile
2629 3576 2824 3641 potest
2842 3566 3058 3625 horum
3079 3565 3400 3626 verborum

475 3638 898 3719 interpretatio,
961 3647 1058 3706 Ad
1118 3665 1446 3727 summam,
1519 3663 1755 3707 causam
1816 3642 2063 3704 instituti
2126 3644 2214 3702 sui
2272 3644 2544 3704 vniuerse
2588 3645 2897 3736 Propheta
2957 3645 3126 3723 ponit
3167 3648 3394 3705 domum

482 3722 741 3781 Iehouae
801 3726 927 3785 Det
982 3731 1210 3788 nostri:
1271 3728 1485 3806 quibus
1545 3727 1735 3787 verbis
1795 3722 2053 3783 ostendit
2095 3743 2159 3784 se
2200 3724 2276 3783 ad
2307 3725 2425 3783 hoc
2466 3724 2794 3784 institutum
2835 3725 3185 3785 adlaborare
3223 3743 3401 3787 causa

3063 3806 3398 3892 Ecclesiae,
