3923 4875
1363 353 1689 399 russas
1747 349 2398 396 ‘rnnonoercat-
3238 351 3346 416 135

435 509 720 590 hominis,
769 509 909 589 quia
946 529 1070 573 11011
1110 524 1201 574 est
1237 513 1489 574 volentis
1530 531 1643 573 nec
1682 509 1988 572 currentis
2027 513 2200 570 Rom.
2241 529 2298 587 9.
2347 513 2437 572 16.
2497 511 2636 568 Νο11
2675 509 2822 568 fides
2864 511 3166 590 praeuisa,
3204 511 3344 588 quia

436 591 609 652 electi
660 607 865 652 sumus
924 603 989 652 vt
1040 593 1379 666 credamus,
1435 592 1493 652 &
1544 589 1840 652 credimus
1878 590 2019 667 quia
2056 588 2228 650 electi
2267 606 2496 666 sumus,
2537 596 2666 648 Act.
2715 607 2803 664 13.
2847 593 2944 662 48.
3003 593 3142 651 Non
3185 593 3346 652 bona

436 687 619 748 opera
657 669 957 750 praeuisa,
995 670 1135 749 quia
1174 671 1237 732 id
1276 672 1603 750 Apostolus
1640 673 1915 748 expresse
1945 679 2154 747 negat,
2193 669 2368 728 Rom.
2388 688 2446 746 9.
2480 688 2566 728 12.
2604 668 2699 727 De
2719 668 2878 727 finali
2897 668 3073 729 causa
3093 669 3346 732 dirn'mus

436 766 643 829 supra,
685 751 743 810 81
780 749 978 811 adhuc
1018 770 1153 812 eam
1190 751 1251 811 in
1292 751 1634 812 definitione
1673 747 1867 828 posita
1903 749 2089 809 verba
2128 747 2228 822 (ad
2257 748 2517 821 laudem)
2537 746 2758 826 gloriae
2778 747 3102 810 luculenter
3119 759 3343 811 notant.

521 845 612 906 25.
690 827 965 890 Materia
1012 829 1335 892 Electionis
1388 830 1547 892 circa
1582 847 1763 908 quam
1776 875 1795 906 ,
1834 825 2074 906 propria
2113 828 2171 887 81
2207 827 2566 906 adaequata,
2610 836 2749 887 sunt
2787 845 2996 888 omnes
3035 830 3092 887 &
3131 827 3346 908 singuli

438 907 643 986 electi,
702 910 759 969 81
811 909 1017 986 pauci,
1068 909 1273 970 habita
1310 909 1537 973 ratione
1576 911 1917 971 innumerae
1958 907 2350 985 reproborum
2391 905 2803 980 multitudinis,
2844 909 3068 970 Matth.
3113 928 3206 968 20.
3255 914 3345 970 16.

436 989 591 1124 gano
630 987 901 1066 designat
940 991 1263 1067 Apostolus
1298 989 1554 1051 dicendo
1568 1036 1586 1067 ,
1626 1008 1757 1050 nos.
1800 991 2022 1048 Forma
2063 986 2304 1065 propria
2341 997 2430 1048 est
2470 987 2747 1048 discretio
2788 988 2844 1046 8(
2884 987 3212 1066 designatio
3253 995 3342 1055 ele

477 1071 747 1127 ιοθεσὶαν
786 1067 851 1127 ὃν
978 1072 1111 1148 ις’ᾇο.

519 1145 611 1204 26.
690 1069 977 1207 Addidi?
996 1151 1322 1227 Apostolus
1372 1150 1436 1209 ὄν
1476 1152 1680 1229 Χριςῶ
1695 1195 1712 1223 ,
1754 1157 1816 1206 ν1
1856 1146 1980 1207 duo
2018 1146 2290 1224 doceret,
2327 1145 2604 1207 nimirum
2647 1147 2702 1205 &
2744 1145 2980 1206 vinculo
3021 1165 3174 1224 opus
3214 1167 3344 1208 esse

437 1233 718 1301 tanquam
756 1225 1134 1307 intermedie,
1176 1247 1297 1306 quo
1337 1231 1501 1290 Deus
1539 1232 1762 1289 electos
1804 1225 1916 1288 sibi
1956 1225 2335 1304 adiungeret,
2375 1226 2477 1304 qui
2517 1225 2576 1286 in
2617 1245 2713 1302 se,
2754 1227 2811 1285 81
2844 1243 2922 1286 ex
2953 1245 3018 1288 se
3039 1228 3346 1293 ὑιοθοσιας

432 1299 745 1382 incapaces
784 1317 981 1368 erant:
1024 1309 1079 1367 &
1117 1307 1417 1369 Christum
1460 1310 1835 1386 &niveo-mov
1870 1305 2048 1366 fuisse
2088 1306 2390 1366 vinculum
2429 1304 2601 1380 illud,
2643 1323 2764 1382 quo
2807 1305 2946 1365 vnio
2987 1306 3174 1366 nostri
3207 1323 3344 1365 cum

438 1381 571 1443 Deo
613 1385 767 1444 sacta
807 1397 913 1446 est.
954 1387 1102 1448 haec
1140 1389 1217 1448 de
1256 1387 1615 1450 definitionis
1652 1384 1892 1462 analysi.
1953 1389 2082 1446 Iam
2123 1385 2402 1445 adiuncta
2439 1385 2745 1446 videamus
2783 1388 2840 1445 81
2881 1387 3106 1447 effecta.

523 1479 618 1536 27.
699 1465 838 1524 Duo
897 1478 1033 1527 sunt
1079 1467 1357 1529 adiuncta
1392 1466 1723 1546 praecipua.
1766 1464 2058 1543 primum,
2109 1466 2272 1543 qued
2313 1464 2388 1525 sit
2426 1465 2694 1543 gratuita.
2759 1485 2812 1525 2.
2855 1466 3012 1543 quod
3054 1467 3128 1526 sit
3167 1475 3346 1525 certa.

436 1557 567 1603 esse
601 1543 915 1620 gratuitam
954 1565 1029 1607 ex
1064 1547 1417 1626 supradictis
1455 1557 1648 1625 patet:
1690 1547 1766 1605 de
1806 1544 2155 1606 certitudine
2195 1557 2458 1623 superest
2497 1544 2836 1604 dicendum.

367 1639 373 1646 ·
522 1625 613 1681 28.
694 1625 1063 1686 Electionem
1104 1639 1327 1688 certam
1368 1647 1494 1690 esse
1534 1625 1749 1688 dicitur
1786 1625 2124 1704 dupliciter,
2167 1626 2260 1685 vel
2299 1627 2356 1684 in
2398 1644 2494 1702 se,
2536 1626 2630 1685 vel
2669 1624 2726 1683 in
2769 1623 2962 1684 nobis.
3005 1625 3242 1684 Certam
3281 1624 3343 1684 in

441 1715 505 1762 se
544 1703 601 1762 &
639 1701 1097 1784 immutabilem,
1135 1708 1272 1768 cum
1314 1727 1389 1768 ex
1428 1708 1592 1781 Deo,
1633 1704 1974 1765 immediate
2013 1705 2324 1783 procedat,
2364 1723 2543 1765 nemo
2580 1702 2854 1782 negabit,
2893 1703 3006 1763 nisi
3025 1703 3127 1782 qui
3146 1706 3342 1763 Deum

440 1782 783 1844 mutabilem
820 1785 1041 1863 fingere
1081 1785 1251 1864 velit,
1292 1797 1503 1848 contra
1542 1785 1891 1864 Scripturas.
1929 1787 2200 1846 Malaca.
2243 1805 2298 1861 3.
2341 1787 2400 1845 6.
2439 1785 2567 1844 Iac.
2617 1805 2664 1844 1.
2715 1803 2805 1858 17.
2845 1785 2902 1844 &
2925 1801 3161 1844 sensum
3183 1803 3343 1843 com-

441 1877 683 1940 munem
741 1859 1059 1926 dictantem
1118 1866 1291 1927 nobis
1350 1865 1755 1928 aeternitatem
1816 1864 2145 1942 simplicem
2205 1883 2326 1924 non
2389 1881 2518 1924 esse
2583 1863 2837 1942 tempori
2889 1875 2990 1924 aut
3041 1863 3349 1924 mutationi

440 1941 795 2019 obnoxiam,
834 1963 949 2005 nec
988 1963 1115 2006 esse
1152 1965 1343 2024 posse.
1384 1949 1450 2022 (f.
1496 1947 1691 2022 1619.)

524 2039 618 2098 29.
700 2021 877 2083 Certa
932 2023 1106 2102 igitur
1166 2036 1254 2088 est
1292 2027 1505 2088 electio
1544 2026 1603 2084 δι
1642 2023 2053 2095 immutabilis,
2092 2035 2366 2101 respectu
2405 2042 2646 2084 caussae
2684 2041 2857 2099 suae,
2899 2025 2956 2084 &
2996 2042 3102 2100 per
3140 2041 3350 2084 conse·

440 2115 629 2176 quens
686 2102 1011 2164 electorum
1072 2122 1350 2167 numerus
1409 2116 1635 2181 certus,
1697 2115 1821 2162 tum
1863 2120 2179 2164 numerans
2219 2107 2307 2180 (vt
2345 2121 2482 2163 cum
2523 2103 2904 2164 Scholasticis
2945 2106 3180 2180 loquar)
3223 2114 3348 2163 tum

446 2191 803 2244 numeratus.

521 2277 617 2336 30.
698 2263 791 2322 De
852 2275 1198 2325 numerante
1257 2265 1367 2326 etsi
1422 2282 1546 2326 11011
1608 2263 1931 2324 debeamus
1991 2260 2337 2339 (curiositati
2397 2273 2634 2323 nostrae
2674 2262 2918 2322 nimium
2958 2261 3352 2342 indulgentes)

443 2354 801 2418 magnopere
840 2361 970 2403 esse
1006 2339 1271 2422 solliciti,
1310 2362 1490 2404 nemo
1529 2352 1619 2404 est
1657 2353 1853 2403 tamen
1894 2342 1996 2418 qui
2031 2361 2158 2402 11011
2199 2352 2462 2402 teneatur
2501 2343 2743 2403 credere
2782 2354 3006 2402 certum
3037 2345 3092 2402 &
3113 2344 3348 2403 firmum

442 2437 601 2498 esse,
640 2421 697 2480 &
736 2415 849 2501 ita,
890 2433 953 2483 vt
992 2443 1105 2485 nec
1144 2423 1374 2503 augeri,
1416 2422 1630 2502 minui,
1668 2433 1771 2484 aut
1811 2421 2026 2483 mutari
2065 2421 2270 2500 possit.

528 2520 629 2579 31.
706 2500 798 2563 De
836 2514 1179 2582 numerate,
1218 2504 1283 2565 id
1322 2513 1439 2582 est,
1480 2502 1584 2581 qui
1621 2502 1740 2563 sint
1777 2501 1815 2578 ij
1854 2520 2064 2563 omnes
2104 2518 2258 2580 quos
2295 2504 2460 2562 Deus
2499 2501 2690 2581 eligit,
2733 2512 2859 2564 tum
2897 2502 3014 2562 Dei
3045 2505 3346 2579 voluntas,

440 2592 571 2643 tum
618 2586 823 2642 nostra
874 2581 1227 2661 incapacitas
1280 2584 1430 2645 scire
1482 2602 1604 2644 non
1658 2582 1892 2661 patitur.
1954 2582 2322 2659 Scripturae,
2385 2599 2536 2658 quae
2577 2593 2804 2642 tantum
2846 2582 3161 2643 voluntatis
3201 2582 3348 2659 Dei,

446 2670 731 2739 quantum
772 2662 849 2722 ad
891 2674 1155 2723 nostram
1194 2666 1441 2725 salutem
1482 2672 1571 2723 est
1611 2662 1781 2737 satis,
1824 2662 2158 2743 continent3
2199 2663 2420 2723 docent
2457 2663 2683 2739 solum,
2719 2662 2802 2722 ita
2839 2664 3006 2721 firme
3046 2664 3102 2722 81
3141 2660 3350 2721 111111111-

446 2737 703 2803 tabiliter
750 2743 973 2803 electos
1024 2762 1153 2804 esse
1202 2743 1503 2821 quicumq.
1543 2740 1715 2803 electi
1754 2753 1891 2803 sunt
1904 2786 1923 2822 ,
1965 2753 2028 2802 vt
2064 2740 2430 2820 impossibile
2467 2740 2542 2801 sit
2581 2740 2709 2802 fieri
2749 2760 2854 2803 eos
2893 2744 3210 2819 reproboS,
3249 2753 3352 2801 aut

446 2830 681 2897 contra,
722 2823 1011 2900 reprobos
1052 2822 1177 2883 fieri
1214 2826 1455 2885 electos.

524 2918 623 2977 32.
703 2894 797 2960 De
834 2917 1084 2963 numero
1122 2914 1433 2964 numerato
1474 2902 1588 2963 isto
1629 2903 1953 2962 electorum
1994 2920 2056 2961 se
2095 2920 2224 2961 esse
2266 2917 2474 2961 omnes
2515 2911 2810 2978 quotquot
2849 2911 2986 2960 sunt
3019 2900 3079 2960 in
3121 2900 3346 2961 mundo

444 2977 749 3057 homines,
802 2981 1047 3043 credere
1099 2983 1323 3043 debent
1374 3003 1448 3043 ex
1496 2980 1612 3043 Dei
1664 2982 1978 3041 mandato:
2033 2979 2210 3041 etiam
2261 2979 2312 3041 si
2363 2980 2476 3041 soli
2514 2980 2686 3041 electi
2726 2980 2881 3040 hanc
2918 2980 3196 3041 fiduciam
3230 2979 3346 3042 sibi

442 3059 743 3139 applicare
782 3060 1040 3141 possint,
1082 3063 1138 3121 &
1178 3080 1383 3123 reuera
1420 3062 1748 3141 applicent,
1786 3062 1842 3121 &
1882 3058 1943 3120 in
1985 3061 2097 3121 hac
2137 3059 2353 3120 fiducia
2391 3059 2786 3138 acquiescant.
2827 3062 2884 3120 N
2887 3078 2966 3120 on
3008 3059 3165 3121 enim
3187 3072 3348 3121 certa

446 3142 639 3199 solum
692 3150 783 3199 est
830 3142 887 3201 &
940 3142 1106 3220 Deo,
1160 3143 1216 3201 &
1262 3141 1325 3201 in
1378 3162 1441 3202 se
1494 3140 1743 3218 0100110,
1791 3140 1897 3201 sed
1950 3143 2008 3202 &
2057 3138 2262 3201 electis
2311 3142 2478 3201 Deus
2523 3158 2636 3219 pro
2676 3156 2782 3199 sua
2821 3138 3087 3201 bonitate
3124 3152 3345 3201 certam

444 3218 639 3279 reddit
678 3218 1025 3281 testimoniis
1064 3221 1555 3283 luculentissimis.

524 3316 620 3375 33.
704 3299 875 3374 Quae
924 3310 1090 3380 sunt,
1131 3302 1324 3379 primo
1340 3348 1355 3375 ,
1408 3303 1813 3363 Testimonium
1854 3302 1955 3377 Sp.
1996 3299 2227 3375 Sancti,
2267 3299 2344 3361 de
2383 3317 2504 3378 quo
2545 3302 2754 3361 Paulus
2797 3299 3013 3361 diserte
3053 3300 3114 3359 in
3155 3300 3345 3377 Epist.

443 3378 521 3437 ad
582 3381 761 3439 Rom.
809 3390 936 3457 cap.
978 3384 1015 3440 8
1054 3402 1179 3443 ver.
1226 3402 1317 3456 14.
1358 3384 1414 3442 &
1454 3380 1863 3460 sequentibus,
1902 3378 2005 3441 vbi
2044 3379 2130 3441 sic
2169 3378 2504 3457 concludit,
2545 3380 2802 3457 Spiritus
2841 3381 2903 3439 S.
2946 3387 3192 3441 testatur
3229 3382 3346 3441 vna

446 3476 571 3516 cum
611 3460 829 3537 spe‘rItu
867 3469 1066 3521 nostro
1080 3506 1099 3533 ,
1139 3482 1243 3521 nos
1282 3482 1403 3522 esse
1425 3465 1597 3540 filtbs
1636 3462 1773 3522 Dei.
1816 3460 1987 3521 Idem
2028 3459 2278 3519 habetur
2315 3459 2394 3519 ad
2433 3460 2674 3519 Galatas
2713 3469 2838 3537 cap.
2881 3479 2938 3533 4.
2957 3480 3078 3521 ver.
3102 3461 3160 3520 6.
3199 3461 3349 3518 Tale

448 3537 524 3597 de
576 3536 863 3599 electione
912 3540 1369 3622 Testimonium,
1418 3541 1619 3603 electis
1672 3539 1814 3601 solis
1860 3538 2168 3619 proprium
2184 3584 2203 3615 ,
2255 3537 2524 3615 reprobis
2574 3538 3164 3621 incommunicabile,
3213 3539 3346 3596 Iob.

454 3636 541 3690 14.
591 3635 644 3692 7.
684 3616 1080 3757 inssgbitamm
1132 3624 1187 3682 8(
1227 3632 1453 3683 certum
1493 3631 1608 3699 est,
1650 3620 1964 3681 immotum
2003 3620 2286 3681 aduersus
2327 3637 2536 3679 omnes
2575 3619 2958 3680 afflictionum
2999 3622 3054 3679 &
3076 3618 3346 3679 tentatio·

447 3714 591 3757 num
632 3713 735 3757 mo
824 3744 837 3757 .

527 3796 625 3853 34.
706 3777 1131 3840 Promissiones
1192 3780 1587 3859 Euangelicae
1601 3824 1619 3857 ,
1678 3778 1805 3840 siue
1862 3778 2086 3856 nudae,
2121 3776 2244 3839 siue
2284 3777 2676 3839 sacramentis
2714 3778 2982 3856 vestitae,
3019 3777 3348 3837 secundum

448 3856 719 3917 obtinent
777 3858 977 3919 locum
995 3904 1013 3937 ,
1070 3859 1349 3920 omnibus
1406 3860 1648 3937 quidem
1708 3859 1768 3919 in
1828 3857 2134 3919 communi
2171 3856 2540 3936 propositae,
2581 3860 2688 3919 sed
2729 3874 2881 3936 quae
2919 3856 3234 3918 efficaciter
3273 3857 3351 3916 ad

448 3938 609 3997 solos
656 3938 879 3997 electos
925 3938 1249 4017 pertinent,
1303 3957 1451 4017 quas
1498 3938 1611 4001 soli
1663 3937 1835 3999 electi
1886 3936 2000 3998 sibi
2050 3956 2188 3997 vera
2226 3938 2280 3995 ὅτ
2318 3937 2456 3998 viua
2494 3938 2614 3999 fide
2651 3936 3060 4016 appropriant,
3101 3952 3348 4014 quarum

446 4016 703 4076 fructum
740 4016 855 4078 soli
891 4016 1248 4097 percipiunt,
1288 4022 1345 4079 &
1383 4019 1597 4096 quibus
1636 4017 1747 4079 sibi
1784 4015 2176 4096 appropriatis
2189 4062 2206 4095 ,
2247 4017 2322 4077 de
2361 4017 2468 4077 sua
2509 4018 2799 4079 electione
2835 4016 2980 4077 certi
3017 4016 3350 4077 indubitato

446 4096 627 4175 fiunt,
666 4098 722 4157 &
761 4114 881 4156 non
924 4109 1171 4175 possunt
1209 4118 1335 4159 non
1376 4118 1506 4159 esse
1546 4097 1707 4159 certi.

527 4192 621 4252 35.
704 4174 939 4255 Tertio,
980 4176 1285 4239 electionis
1324 4177 1503 4257 ipsius
1543 4180 1785 4257 effecta,
1825 4194 1978 4255 quae
2017 4174 2160 4235 nihil
2180 4175 2342 4236 aliud
2359 4186 2521 4253 sunt,
2556 4180 2736 4253 quam
2757 4174 3058 4238 electionis
3077 4187 3348 4237 aeternae

442 4255 747 4333 executi0,
806 4255 867 4315 in
920 4267 1211 4333 tempore·
1256 4260 1361 4319 sed
1404 4269 1719 4335 antequam
1758 4258 1837 4317 de
1876 4255 2065 4316 modo
2104 4273 2226 4331 quo
2267 4274 2376 4316 nos
2415 4267 2614 4317 certos
2654 4256 2906 4317 reddunt
2941 4258 3016 4317 de
3056 4255 3348 4317 electione

442 4334 629 4395 nostri
668 4336 747 4395 ab
784 4346 1025 4396 aeterno
1066 4340 1159 4397 sac
1236 4382 1254 4416 ,
1296 4337 1595 4416 dicamus,
1636 4354 1788 4414 quae
1829 4338 1883 4396 &
1922 4346 2072 4413 quot
2111 4344 2276 4415 sunt,
2316 4346 2404 4397 est
2445 4335 2781 4397 videndum.
3007 4420 3043 4475 6
3123 4416 3226 4475 Eff

2967 4436 3002 4491 3
3051 4462 3063 4475 .
3218 4428 3348 4475 ecla
