3923 4875
1438 343 1769 390 Tntsts
1830 342 2486 388 Tutotoorcan.
3291 344 3396 404 191

568 521 659 585 ις.
738 507 939 584 Atque
975 502 1055 564 ita
1094 513 1261 566 vetus
1302 503 1513 566 foedus
1553 503 1661 565 fuit
1699 504 1851 565 ordo
1890 503 2045 565 inter
2082 505 2400 584 Iehouam,
2443 505 2848 584 populumque
2887 503 3271 566 Israeliticum
3285 551 3304 584 ,
3346 507 3402 564 δι

485 604 590 647 eos
628 585 731 664 qui
770 603 901 647 sese
936 584 1211 646 Israelitis
1252 582 1667 664 adsociabant,
1708 593 1873 646 ortus
1913 605 1988 646 ex
2025 595 2229 646 mutua
2265 583 2679 647 huiuscemodi
2716 584 2968 645 duarum
3008 584 3238 646 illarum
3275 604 3404 664 par-

484 665 631 727 tium
670 663 1063 746 obligatione3
1100 675 1166 726 vt
1203 665 1429 726 Iehoua
1469 682 1575 742 per
1614 666 1829 726 Mosen
1867 682 2006 725 cum
2045 664 2276 726 solenni
2317 675 2618 726 taurorum
2659 667 2716 725 δι
2756 665 3074 726 vitulorum
3107 663 3405 744 sanguinis

488 744 829 825 profusione
872 755 1179 806 testaretur
1218 743 1495 806 Israelitis
1536 765 1598 806 se
1637 756 1855 806 terram
1896 746 2180 806 Chenaan
2213 745 2517 826 daturum,
2557 752 2736 822 seque
2776 744 2916 822 ipsis
2952 745 3013 806 in
3040 747 3237 806 Deum
3258 747 3406 806 futu-

488 843 647 887 rum:
703 835 883 904 vtque
924 826 1219 888 Israelitae
1258 825 1669 904 promitterent
1706 845 1772 887 se
1808 836 2142 886 seruaturos
2180 826 2379 886 omnia
2419 845 2489 886 ea
2533 842 2686 901 quae
2725 825 2943 904 scripta
2981 837 3116 886 sunt
3155 825 3215 884 in
3251 825 3405 886 libro

488 905 697 985 LegiS,
750 911 933 982 seque
984 907 1118 966 Deo
1160 905 1219 967 in
1268 907 1557 998 populum
1598 907 1857 984 futuros;
1898 905 2080 983 idque
2117 906 2532 982 profiterentur
2573 904 3039 967 Circumcisione
3055 952 3072 984 ,
3109 923 3210 966 esu
3251 905 3410 983 Agni

487 985 815 1064 paschalis,
872 1003 985 1046 nec
1044 1003 1169 1046 non
1227 985 1601 1047 vrctimarum
1654 984 2042 1064 mactatione3
2083 985 2160 1046 ad
2197 985 2316 1046 hoc
2358 995 2420 1045 vt
2459 995 2612 1046 esset
2651 996 2845 1047 certus
2885 987 3167 1064 populus,
3207 989 3244 1044 a
3286 1002 3408 1062 quo

487 1068 653 1128 Deus
711 1065 819 1130 rite
878 1067 1171 1127 coleretur
1184 1111 1201 1144 ,
1260 1065 1356 1127 cui
1409 1067 1573 1126 Deus
1624 1063 1929 1144 insigniter
1980 1063 2388 1145 benediceret,
2432 1068 2487 1126 δι
2528 1084 2602 1126 ex
2641 1083 2760 1144 quo
2800 1067 3048 1128 Messias
3087 1065 3408 1145 promissus

490 1156 897 1226 expectaretur
910 1192 931 1224 ,
968 1156 1149 1224 vtque
1188 1155 1338 1208 esset
1377 1146 1587 1206 vmbra
1624 1145 1846 1207 aeterni
1885 1145 2144 1210 foederis
2159 1190 2178 1225 ,
2219 1149 2274 1207 δε
2313 1145 2695 1224 paedagogus
2735 1147 2814 1207 ad
2854 1146 3174 1207 Christum.

576 1229 665 1288 16.
745 1227 829 1286 Vt
878 1244 1021 1306 ergo
1061 1228 1188 1286 Lex
1225 1224 1341 1287 Dei
1380 1235 1623 1286 eatenus
1666 1235 1753 1288 est
1795 1227 2113 1305 abrogata,
2153 1236 2442 1304 quatenus
2481 1225 2588 1286 fuit
2627 1227 2874 1287 fundata
2911 1245 3086 1304 super
3126 1225 3411 1287 Sacerdo-

492 1305 639 1367 tium
696 1305 1061 1384 Leuiticum,
1121 1307 1305 1374 Hebr.
1362 1322 1415 1380 7.
1465 1325 1558 1366 11.
1603 1326 1693 1365 12.
1748 1305 1829 1366 ita
1877 1307 2056 1366 etiam
2100 1315 2267 1367 vetus
2307 1307 2552 1384 foedus,
2603 1325 2725 1384 quo
2766 1307 2844 1368 ad
2883 1309 3120 1368 vmbras
3160 1308 3215 1366 ὅτ
3256 1324 3410 1366 cere-

491 1385 719 1448 monias
756 1385 1046 1448 abolitum
1089 1395 1212 1447 est:
1252 1385 1396 1447 alias
1433 1383 1497 1445 in
1538 1385 1865 1446 substantia
1903 1385 2064 1447 idem
2104 1396 2194 1447 est
2233 1403 2370 1447 cum
2409 1404 2572 1448 nouo
2617 1390 2673 1447 δι
2717 1397 2958 1448 aeterno
2995 1388 3253 1449 foedere.

578 1484 667 1542 1⁷·
749 1466 909 1527 Noui
966 1469 1023 1527 δι
1074 1465 1298 1526 aeterni
1343 1465 1599 1527 foederis
1628 1485 1819 1542 genus
1859 1475 1947 1526 est
1990 1465 2200 1527 foedus
2242 1484 2345 1528 seu
2385 1477 2626 1545 pactum
2642 1512 2661 1548 ,
2699 1468 2764 1528 id
2805 1477 2921 1548 est,
2963 1469 3115 1528 ordo
3156 1484 3262 1528 seu
3299 1485 3414 1526 res-

492 1557 699 1626 pectus
712 1591 731 1625 ,
774 1545 901 1606 siue
940 1546 1151 1606 relatio
1190 1547 1506 1624 quaedam.

580 1629 673 1688 18.
753 1625 1077 1686 Subiectum
1120 1643 1225 1686 seu
1264 1624 1567 1687 materiale
1606 1623 1779 1684 huius
1819 1624 2073 1687 foederis
2113 1636 2249 1687 sunt
2262 1673 2280 1706 ,
2322 1628 2514 1708 Deus,
2555 1630 2612 1689 δι
2653 1647 2861 1689 omnes
2901 1629 3146 1690 Gentes,

580 1725 671 1784 19.
757 1707 1069 1768 Oorrelata
1106 1717 1273 1784 sunt,
1312 1708 1477 1767 Deus
1491 1750 1510 1783 ,
1550 1707 1607 1766 δι
1648 1706 1902 1784 populus
1940 1704 2327 1768 Christianus.

532 1866 545 1878 ·
580 1807 673 1926 ζει).
721 1863 734 1876 ·
754 1787 1215 1848 Fimdamentum
1255 1803 1359 1847 seu
1396 1803 1613 1847 causae
1653 1785 1976 1848 efficientes
2015 1796 2150 1847 sunt
2193 1787 2378 1849 duum
2416 1805 2729 1870 generum3
2769 1787 3108 1850 vniuersalis
3124 1833 3143 1867 ,
3177 1790 3273 1850 vel
3291 1807 3419 1866 par-

498 1877 587 1928 tic
650 1884 786 1926 ans,

584 1965 679 2006 21.
758 1943 1121 2007 Vniuersalis
1162 1955 1252 2008 est
1287 1949 1451 2008 Deus
1467 1991 1485 2025 ,
1524 1963 1628 2006 seu
1668 1943 1937 2008 diuinum
1979 1947 2416 2026 beneplacitum
2430 1993 2448 2026 ,
2489 1949 2544 2007 δι
2585 1947 2702 2009 Dei
2741 1948 3164 2010 misericordia.

584 2045 677 2087 22.
756 2024 1129 2088 Particularis
1169 2044 1348 2087 causa
1386 2025 1649 2087 efficiens
1688 2025 1957 2104 proxima
1997 2036 2086 2088 est
2125 2027 2386 2088 solennis
2427 2038 2630 2089 mutua
2669 2029 2986 2109 obligati03
3027 2030 3144 2091 Dei
3181 2027 3421 2108 promit-

498 2106 675 2168 tentis
716 2124 781 2166 se
823 2107 950 2166 fore
989 2106 1220 2166 homini
1262 2105 1321 2166 in
1363 2109 1627 2184 Patrem,
1668 2107 1724 2166 δι
1760 2105 2021 2167 hominis
2059 2106 2458 2186 promittentis
2497 2126 2562 2169 se
2603 2109 2735 2170 sore
2772 2111 2906 2170 Deo
2947 2110 3009 2169 in
3049 2109 3284 2170 Filium.

581 2205 674 2263 23.
754 2183 1087 2247 Solennitas
1146 2202 1298 2264 quae
1358 2185 1420 2247 in
1479 2187 1594 2246 hac
1655 2193 1859 2246 mutua
1912 2185 2277 2266 obligatione
2329 2187 2672 2267 adhibetur,
2712 2188 2828 2250 alia
2866 2200 2954 2250 est
2994 2193 3030 2250 a
3070 2201 3236 2268 parte
3278 2188 3426 2268 Dei,

496 2264 609 2326 alia
650 2274 740 2326 est
777 2267 815 2325 a
852 2275 1022 2342 parte
1061 2265 1389 2328 hominum.

581 2365 677 2419 24.
756 2349 814 2404 A
854 2355 1025 2422 parte
1063 2345 1177 2406 Dei
1217 2356 1307 2408 est
1345 2346 1688 2424 mysterium
1725 2346 1871 2406 illud
1886 2391 1903 2426 ,
1944 2347 2111 2424 quod
2151 2349 2315 2408 Deus
2349 2366 2459 2409 suo
2490 2347 2775 2428 sanguine
2795 2349 3044 2410 redemit
3060 2351 3391 2411 Ecclesiam
3407 2395 3424 2427 ,

499 2425 627 2503 ipsa
677 2424 921 2503 inquam
970 2425 1267 2505 sanguinis
1323 2425 1451 2505 Filij
1493 2425 1609 2488 Dei
1646 2425 1933 2505 profusio.
1974 2428 2152 2490 Vnde
2190 2427 2316 2507 ipse
2357 2429 2624 2491 Christus
2665 2428 2809 2491 dicit
2847 2431 2924 2492 de
2964 2433 3183 2509 poculo
3218 2450 3423 2493 conse-

505 2516 671 2566 crato
685 2551 704 2587 ,
752 2508 880 2565 Hic
918 2509 1070 2565 calix
1107 2515 1196 2566 est
1230 2526 1442 2567 nouum
1480 2510 1635 2567 illud
1655 2507 1875 2585 foedus
1913 2511 1976 2567 in
2015 2528 2138 2569 meo
2175 2513 2462 2587 sanguine
2475 2556 2493 2589 ,
2532 2513 2693 2587 quod
2707 2522 2837 2590 pro
2875 2516 3029 2573 vobis
3068 2514 3424 2593 effunditur,

503 2586 566 2646 id
604 2595 696 2646 est
732 2586 881 2647 illud
918 2586 1131 2647 foedus
1170 2586 1336 2663 quod
1374 2605 1481 2664 per
1524 2588 1581 2647 &
1629 2587 1692 2648 in
1729 2605 1866 2648 meo
1908 2589 2193 2667 sanguine
2232 2600 2472 2668 pactum
2504 2594 2560 2651 δι
2593 2590 2884 2653 sancitum
2904 2602 3020 2671 est,
3040 2594 3184 2652 Luc.
3211 2612 3301 2651 22.
3331 2612 3422 2653 20.

583 2680 678 2743 25.
755 2666 1087 2727 Solennitas
1140 2668 1219 2727 ab
1265 2666 1607 2729 hominibus
1660 2666 1819 2729 iussu
1866 2667 1983 2728 Dei
2023 2667 2138 2729 alia
2178 2670 2492 2732 adhibetur
2530 2671 2591 2731 in
2629 2669 2956 2733 initiatione
2970 2718 2988 2750 ,
3027 2673 3140 2733 alia
3179 2672 3242 2732 in
3283 2691 3422 2733 con·
3454 2731 3458 2735 ,

498 2743 825 2806 tinuatione
865 2745 1039 2806 huius
1079 2746 1357 2807 foederis,

586 2828 679 2886 26.
761 2824 1109 2887 Initiationis
1147 2838 1581 2889 sacramentum
1620 2836 1708 2888 est
1746 2827 2108 2908 Baptismus,
2149 2831 2392 2907 quando
2434 2833 2618 2892 homo
2655 2832 2714 2892 in
2747 2831 2992 2894 nomine
3020 2832 3206 2894 Patris
3221 2878 3239 2914 ,
3259 2831 3390 2909 Filij
3408 2878 3426 2912 ,

499 2905 557 3043 ξι
584 2904 851 2997 ‘Spiritus-
883 2905 1085 3047 {affiti
1104 2906 1278 2998 ’aqua
1317 2906 1534 2968 tinctus
1574 2925 1799 2968 nomen
1838 2925 2012 2968 suum
2055 2908 2158 2969 dat
2199 2910 2469 2992 Christo,
2505 2915 2561 2972 δι
2597 2914 2664 2973 fit
2703 2931 2852 2973 vnus
2885 2933 2958 2975 ex
2992 2914 3428 2975 confoederatis

540 3000 671 3046 mus
708 3002 856 3046 noui
918 3004 957 3047 o
1034 3005 1167 3047 enS.

545 3144 559 3157 ι
585 3083 680 3141 27.
761 3064 1238 3127 Continuationis
1277 3077 1711 3128 sacramentum
1750 3078 1841 3129 est
1879 3068 2088 3129 Coena
2125 3070 2400 3151 Domini,
2441 3072 2686 3149 quando
2726 3072 3138 3135 confoederati
3176 3093 3331 3152 pane
3371 3076 3428 3134 &

502 3146 1057 3285 vmlofficonsecratis
1097 3149 1393 3227 fruuntur,
1432 3165 1544 3227 pro
1584 3156 1750 3225 grata
1788 3148 1845 3207 δε
1884 3158 2088 3211 sancta
2125 3151 2411 3212 memoria
2450 3151 2656 3213 mortis
2697 3153 2945 3233 Christi,
2986 3156 3199 3216 foedus
3239 3156 3428 3215 hocce

502 3234 593 3285 sta
698 3236 869 3286 entis.

586 3308 678 3364 28.
757 3305 929 3381 Quae
966 3308 1186 3367 habent
1224 3307 1517 3369 rationem
1555 3326 1770 3369 causae
1811 3309 2001 3369 finalis
2033 3309 2434 3387 exprimuntur
2454 3332 2574 3373 vno
2599 3313 2841 3374 nomine
2865 3322 3167 3382 κοινωνίας
3190 3324 3429 3376 nostrae

506 3402 661 3475 cti-m·
696 3384 933 3447 Christo
988 3388 1044 3445 δι
1094 3388 1229 3447 Deo
1280 3390 1451 3448 Patre
1490 3406 1595 3466 per
1636 3387 1917 3467 Spiritum
1958 3390 2263 3451 Sanctum.
2304 3394 2502 3469 Atque
2542 3394 2662 3454 hue
2703 3396 2958 3471 pertinet
2995 3398 3062 3471 (f.
3110 3397 3306 3471 1668.)
3345 3414 3432 3456 re-

507 3483 705 3526 missio
764 3476 1147 3544 peccatorum
1208 3469 1423 3544 salusq.
1476 3478 1710 3547 nostra,
1766 3470 1821 3528 δι
1875 3469 2200 3531 declaratio
2241 3489 2507 3533 summae
2545 3473 2827 3535 bonitatis
2842 3519 2860 3554 ,
2901 3474 3340 3536 misericordiae
3379 3478 3436 3535 δι

505 3544 754 3605 iustitiae
794 3546 1030 3608 diuinae
1069 3546 1131 3606 in
1172 3548 1359 3608 salute
1398 3557 1619 3607 nostra.

589 3645 682 3715 2⁰9.
732 3628 869 3717 ,Est
930 3645 1075 3718 ergo
1128 3643 1354 3688 nouum
1407 3627 1615 3688 foedus
1656 3626 1949 3690 eiusmodi
1989 3641 2230 3707 pactum
2268 3633 2435 3709 quod
2473 3643 2706 3693 constat
2747 3654 2820 3693 ex
2861 3644 3065 3693 mutua
3105 3636 3162 3693 δε
3197 3633 3432 3694 solenni

507 3706 868 3782 obligatione
907 3708 1023 3767 Dei
1063 3707 1119 3765 δι
1158 3707 1497 3769 hominum:
1539 3708 1655 3767 Dei
1695 3706 1936 3785 quidem
1977 3708 2374 3787 promittentis
2403 3732 2508 3791 per
2543 3720 2796 3781 mortem
2832 3712 2932 3789 filij
2957 3714 3047 3772 sui
3067 3713 3432 3775 dilectissimi

507 3784 819 3862 gratuitam
858 3785 1267 3847 remissionem
1308 3797 1688 3864 peccatorum
1728 3789 1783 3845 &
1824 3787 2005 3849 vitam
2046 3801 2364 3851 aeternam.
2408 3793 2688 3853 Hominis
2725 3798 2870 3853 vero
2892 3794 3226 3871 pollicentis
3254 3794 3432 3854 fidem

509 3866 563 3953 ἃς.
602 3865 1001 3927 obedientiam
1038 3866 1101 3926 in
1142 3866 1445 3944 Baptismo
1484 3868 1542 3926 &
1580 3868 1787 3928 Coena
1831 3870 2103 3930 Domini:
2148 3882 2210 3929 vt
2251 3872 2590 3933 hominibus
2629 3872 2728 3931 hic
2769 3877 2823 3933 δι
2859 3874 2918 3932 in
2951 3884 3258 3933 aeternum
3279 3876 3432 3933 bene

509 3953 609 4023 stt,
649 3948 705 4005 &
744 3962 975 4005 summa
1012 3948 1125 4007 Dei
1166 3948 1431 4025 bonitas,
1470 3947 1871 4007 misericordia
1912 3953 1968 4009 δι
2005 3949 2222 4009 iustitia
2260 3956 2297 4010 a
2340 3952 2537 4013 multis
2577 3956 2882 4013 aeternum
2925 3953 3390 4030 depraedicetur.

1802 4231 2169 4241 —————--

2978 4450 3232 4510 XXVII.
3311 4452 3370 4508 D
3389 4452 3444 4511 E
