3923 4875
594 345 671 402 68
1600 361 1700 404 nn
1760 363 1980 406 vana
2033 357 2572 404 razonoan.

595 517 779 596 signis
819 518 1261 597 comparatione
1298 521 1489 598 potuit
1527 522 1861 583 successiue
1900 521 2365 583 ratiocinationis
2399 539 2583 599 opera
2611 539 2976 598 componere
2992 567 3009 598 ,
3048 519 3319 582 diuidere
3335 564 3352 599 ,
3377 538 3516 580 con-

602 598 874 678 cludere,
913 601 969 659 &
1008 600 1398 660 determinare
1413 647 1431 679 ,
1470 601 1649 662 etiam
1690 603 2018 664 secundum
2057 613 2326 664 naturam
2342 649 2359 682 ,
2400 599 2684 678 quicquid
2723 602 3000 662 facultate
3041 598 3196 662 illius
3237 600 3300 661 in
3343 601 3519 661 rebus

606 677 821 740 diuinis
858 689 1242 756 assequutura
1281 691 1489 741 natura
1528 681 1663 763 fuit3
1704 683 1959 762 denique
1993 681 2298 744 scientiam
2319 680 2578 759 aliquam
2598 698 2797 742 rerum
2817 680 3152 741 diuinarum
3172 699 3522 760 comparare

598 760 928 819 secundum
966 758 1231 852 integrae
1270 771 1514 822 naturae
1550 764 1818 826 modum.
1862 764 1971 825 sed
2006 782 2182 842 supra
2212 773 2484 824 naturam
2517 781 2646 823 non
2677 759 2872 838 potuit
2897 763 3318 822 transcendere
3335 807 3353 838 ,
3387 759 3524 836 quia

596 855 734 900 suus
798 839 906 900 fuit
970 841 1025 898 δι
1065 841 1375 918 smgularis
1414 842 1631 903 modus
1669 844 2048 904 facultatibus
2087 843 2330 922 singulis
2371 841 2584 920 ipsius3
2623 851 2789 902 extra
2828 859 3004 920 quem
3045 841 3294 902 modum
3335 843 3523 902 fuerat

592 918 835 995 quidem
886 931 1315 982 assurrectums
1364 923 1595 1004 Adam3
1636 924 1741 985 sed
1782 923 2239 1002 supernaturalis
2277 923 2499 1002 gratiae
2537 919 2829 982 beneficio
2843 967 2862 1000 ,
2905 940 3029 981 non
3068 930 3269 981 autem
3307 920 3522 982 virtute

589 1008 836 1058 naturae
895 1017 1054 1060 suae.
1114 1003 1269 1062 Nam
1330 1013 1496 1062 erant
1545 1002 1773 1082 integra
1812 1007 1869 1064 &
1906 1003 2252 1082 incorrupta
2291 1003 2352 1064 in
2391 1002 2496 1063 illo
2537 1001 2771 1080 omnia3
2813 1000 2920 1062 sed
2957 1012 3242 1063 contenta
3279 1013 3524 1062 naturae

594 1077 841 1157 finibuS,
881 1098 1005 1139 non
1044 1099 1221 1158 supra
1259 1092 1529 1142 naturam
1564 1083 1891 1162 euagantia.
1936 1087 2120 1144 Erant
2152 1083 2329 1162 igitur
2345 1081 2638 1162 principia
2658 1081 2718 1141 in
2738 1080 2872 1159 ipso
2893 1081 3268 1142 communia:
3292 1081 3524 1142 sienim

591 1157 907 1237 singularia
945 1159 1221 1240 fuissent,
1258 1180 1383 1222 non
1423 1163 1664 1224 fuissent
1704 1163 2026 1242 principia,
2061 1164 2166 1224 sed
2210 1163 2626 1224 conclusiones
2662 1164 2719 1222 δι
2739 1159 3266 1222 determinationes
3286 1160 3530 1222 rationis

526 1271 529 1274 ⁴
586 1239 664 1298 ad
705 1258 906 1298 veram
946 1239 1275 1318 iustamque
1315 1241 1620 1302 scientiam
1662 1243 2026 1321 pertinentis,
2065 1245 2252 1304 Erant
2289 1243 2501 1304 eadem
2543 1242 2604 1302 in
2639 1241 2772 1320 ipso
2793 1243 3078 1302 obscura:
3120 1241 3170 1302 si
3203 1241 3366 1302 enim
3385 1241 3521 1302 fuis·

592 1329 725 1378 sent
763 1321 923 1378 clara
963 1323 1019 1381 &
1059 1321 1355 1382 euidentia
1393 1323 1596 1402 plane,
1637 1343 1763 1384 non
1800 1322 1919 1384 iam
1957 1322 2247 1402 principia
2279 1323 2524 1384 fuissent
2543 1323 2766 1413 solum,
2789 1331 2893 1381 aut
2925 1321 3101 1382 etiam
3125 1321 3336 1382 merito
3357 1321 3512 1383 dice-

593 1409 824 1480 rentur3
884 1400 992 1460 sed
1054 1400 1249 1461 media
1306 1418 1548 1479 quoque
1606 1403 1914 1464 infuissent
1954 1403 2041 1464 ei:
2105 1405 2276 1480 Quae
2327 1402 2524 1464 media
2562 1404 2802 1482 propne
2840 1420 2966 1462 non
3005 1403 3086 1462 ad
3125 1401 3488 1462 intellectum
3504 1448 3523 1480 ,

596 1481 758 1538 velut
816 1478 1241 1559 principiorum
1302 1483 1505 1542 sedem
1546 1493 1925 1563 perpetuam,
1969 1485 2076 1545 sed
2112 1484 2193 1544 ad
2233 1483 2525 1544 rationem
2563 1498 2859 1544 consensu
2899 1481 3167 1543 omnium
3207 1481 3521 1559 pertinent.

608 1560 793 1618 Erant
828 1559 1083 1636 denique
1125 1561 1336 1622 eadem
1379 1561 1727 1640 imperfecta
1741 1608 1759 1642 ,
1798 1583 1923 1624 non
1963 1562 2328 1642 perfectione
2364 1563 2602 1642 vitiosa,
2642 1571 2744 1622 aut
2781 1562 3038 1639 imper(f.
3068 1582 3134 1640 13
3143 1561 3523 1639 94.)fectione

606 1647 849 1699 naturae
889 1642 1053 1714 (nam
1092 1641 1601 1718 imperfectionem
1639 1653 1882 1704 naturae
1922 1665 1997 1707 ex
2035 1643 2336 1705 creatione
2369 1643 2700 1718 obtinebat)
2723 1642 2828 1702 sed
2847 1640 3298 1720 imperfectione
3317 1660 3522 1703 secun-

606 1718 749 1777 dum
784 1718 927 1795 quid
959 1725 1049 1795 (vt
1076 1728 1318 1797 vocant)
1347 1720 1409 1781 id
1441 1731 1556 1802 est,
1590 1728 1935 1802 comparate
1963 1725 2042 1784 ad
2072 1723 2234 1785 illam
2269 1722 2558 1785 infinitam
2579 1721 3014 1801 perfectionem
3035 1722 3178 1802 Dei,
3207 1727 3522 1800 rerumque

605 1797 969 1858 diuinarum:
1030 1800 1107 1860 ad
1155 1818 1336 1877 quam
1376 1802 1801 1878 perfectionem
1838 1807 2004 1865 nulla
2044 1823 2137 1866 res
2176 1815 2376 1865 creata
2414 1813 2610 1882 potest
2645 1803 2706 1864 vi
2743 1812 2984 1863 naturae
3022 1820 3163 1864 suae
3201 1802 3521 1882 attingere,

603 1895 784 1954 quam
838 1881 1001 1939 nulla
1047 1899 1153 1958 per
1205 1900 1270 1941 se
1316 1885 1845 1961 comprehendere.
1907 1887 2082 1946 Haec
2131 1895 2326 1946 autem
2381 1880 2670 1963 principia
2707 1886 2764 1942 δι
2805 1882 2972 1960 quasi
3009 1882 3237 1943 semina
3274 1882 3334 1942 in
3374 1900 3521 1942 aruo

602 1957 930 2017 intellectus
970 1960 1212 2020 humani
1252 1961 1550 2042 deposita,
1590 1963 1709 2025 coli
1751 1968 1806 2026 δε
1846 1965 2048 2043 augeri
2091 1965 2356 2043 oportuit
2391 1963 2684 2040 similiter,
2724 1972 2966 2024 naturae
3008 1982 3192 2040 opera
3223 1960 3524 2040 principiis

601 2038 941 2098 accedente.
980 2041 1240 2101 Naturae
1278 2047 1423 2102 vero
1462 2043 1732 2122 operaria
1770 2055 1859 2106 est
1898 2045 2048 2106 ratio
2089 2044 2151 2105 in
2194 2043 2437 2107 homine
2468 2044 2548 2105 ad
2566 2042 2885 2121 imaginem
2905 2041 3021 2103 Dei
3043 2041 3320 2122 condit03
3355 2041 3522 2102 cuius

596 2115 842 2176 rationis
903 2121 1130 2181 cultura
1188 2123 1440 2198 prouehi
1498 2124 1788 2203 principia
1846 2125 1946 2186 illa
2004 2125 2299 2204 oportuit,
2359 2128 2398 2184 a
2447 2123 2874 2186 communitate
2913 2121 3179 2200 ipsorum
3221 2123 3299 2182 ad
3339 2141 3522 2199 opera

598 2193 940 2276 singularia,
981 2202 1061 2260 ab
1102 2201 1458 2264 obscuritate
1497 2203 1559 2264 in
1600 2207 1824 2285 lucem,
1864 2208 1943 2266 ab
1983 2205 2433 2283 imperfectione
2471 2203 2534 2264 in
2571 2203 2832 2281 aliquam
2871 2202 3292 2282 perfectionem
3313 2219 3519 2262 secun-

598 2274 743 2334 dum
800 2279 1080 2340 naturalis
1137 2283 1433 2344 facultatis
1482 2287 1760 2346 modum:
1798 2296 1864 2346 vt
1902 2288 2295 2346 conficeretur
2339 2305 2412 2346 ex
2449 2283 2876 2362 principiorum
2915 2281 3140 2343 semine
3181 2286 3237 2343 &
3276 2281 3519 2342 rationis

596 2355 825 2447 cultura
862 2355 923 2417 in
964 2370 1163 2422 mente
1202 2362 1457 2424 hominis
1498 2363 1761 2427 scientia.
1820 2365 1986 2442 Quid
2025 2361 2209 2445 ergo?
2247 2363 2566 2426 scientiane
2603 2363 2799 2443 potuit
2835 2380 3032 2424 rerum
3070 2361 3403 2423 diuinarum
3457 2361 3516 2422 in

593 2435 836 2498 homme
889 2439 1120 2519 integro
1160 2444 1366 2521 perfici
1407 2444 1498 2505 his
1535 2456 1779 2507 naturae
1816 2449 1978 2508 velut
2015 2442 2452 2508 instrumentis?
2491 2445 2734 2506 minime
2771 2449 2937 2505 vero.
2997 2445 3156 2504 Nam
3197 2442 3348 2504 ratio
3391 2443 3518 2521 ipsa

592 2534 717 2576 non
756 2519 949 2596 potuit
988 2540 1111 2582 non
1150 2524 1421 2584 laborare
1467 2544 1542 2585 ex
1581 2526 1938 2587 obscuritate
1979 2529 2036 2587 &
2076 2526 2555 2605 imperfectione,
2595 2528 2734 2586 cum
2775 2523 3083 2586 materiam
3123 2544 3248 2584 non
3279 2524 3519 2584 aliunde

594 2598 774 2673 quam
819 2618 894 2659 ex
932 2600 1235 2681 principiis
1275 2605 1354 2666 ad
1394 2604 1702 2667 scientiam
1741 2606 2104 2685 gignendam
2142 2606 2442 2668 habuerit:
2488 2604 2978 2683 quandoquidem
3020 2604 3082 2663 in
3109 2602 3412 2682 principiis
3432 2605 3518 2678 (vt

593 2678 948 2741 recentiores
1007 2682 1353 2761 Philosophi
1408 2685 1575 2763 loqui
1635 2688 1851 2762 solent)
1898 2687 2102 2747 omnia
2141 2686 2340 2748 insunt
2377 2685 2591 2747 virtute
2631 2684 3054 2763 communiter,
3099 2701 3252 2761 quae
3292 2684 3520 2744 ratione

590 2757 647 2815 δε
688 2758 935 2820 scientia
974 2762 1284 2824 hominum
1326 2767 1913 2843 comprehenduntur
1946 2766 2336 2845 singulariter.
2373 2768 2466 2827 Ex
2499 2783 2620 2843 quo
2653 2764 2718 2826 id
2749 2763 3034 2826 continuo
3071 2762 3363 2843 sequitur,
3397 2782 3520 2823 non

594 2837 889 2928 potuisse,
948 2860 1026 2901 ne
1085 2842 1147 2903 in
1202 2853 1413 2904 natura
1472 2846 1715 2923 quidem
1780 2846 2041 2908 hominis
2101 2847 2360 2926 integra,
2420 2845 2743 2926 rationem,
2801 2844 2880 2905 ad
2931 2844 3184 2921 amplius
3225 2846 3518 2904 humanae

591 2918 869 3007 scientiae
932 2921 1225 3001 fastigium
1284 2928 1635 3000 ascendere,
1698 2930 1880 3005 quarn
1940 2939 2343 3006 superstruere
2389 2936 2595 3005 posset
2634 2923 2962 3004 principiis,
3003 2928 3059 2985 &
3101 2942 3176 2983 ex
3215 2922 3518 3001 principiis

592 2996 791 3073 ipsius.
851 3000 968 3061 His
1026 3003 1261 3083 positis,
1320 3008 1482 3065 recte
1543 3008 1955 3070 concludimus
1971 3054 1989 3087 ,
2049 3008 2226 3069 etiam
2283 3006 2346 3068 in
2405 3008 2535 3085 ipsa
2583 3016 2793 3066 natura
2831 3003 3089 3066 hominis
3126 3001 3358 3082 integra
3393 3022 3516 3063 non

589 3076 853 3167 potuisse
911 3082 1305 3163 Theologiam
1359 3088 1682 3162 perfectam
1726 3106 1855 3148 esse
1872 3135 1889 3168 ,
1928 3090 2257 3149 secundum
2296 3087 2722 3166 perfectionem
2762 3095 3004 3147 naturae
3043 3086 3340 3143 humanae
3381 3082 3514 3143 sim-

587 3155 848 3235 pliciter3
890 3161 996 3220 sed
1034 3182 1165 3222 eam
1206 3164 1599 3245 Theologiam
1637 3168 1825 3246 gratia
1861 3168 2290 3248 supernaturali
2330 3167 2444 3229 Dei
2484 3166 2662 3228 fuisse
2702 3165 3120 3243 perficiendam
3136 3209 3155 3242 ,
3192 3166 3287 3224 vel
3317 3162 3514 3241 potius

587 3237 948 3311 perfectione
1004 3240 1268 3320 ingressa
1327 3244 1389 3304 in
1447 3248 1651 3307 locum
1712 3246 1893 3327 ipsius
1953 3248 2122 3326 quasi
2181 3249 2568 3322 abolendam3
2617 3256 2681 3306 vt
2716 3244 3050 3323 Theologia
3089 3242 3513 3321 supernaturali

586 3314 772 3375 homo
812 3319 1205 3397 locupletatus
1242 3338 1646 3401 permaneret,
1686 3332 1742 3387 δι
1782 3329 2212 3408 supernaturali
2250 3329 2462 3389 virtute
2503 3328 2583 3387 ad
2621 3328 2860 3387 beatam
2903 3326 3066 3385 illam
3099 3323 3509 3385 conditionem

585 3396 1076 3460 transmitteretur
1114 3422 1222 3480 per
1264 3403 1542 3485 gratiam,
1584 3406 1643 3467 in
1687 3407 1854 3469 cuius
1896 3428 2066 3487 spem
2109 3408 2307 3469 viuam
2349 3406 2596 3487 regeniti
2634 3423 2835 3468 sumus
2875 3410 2912 3465 a
2954 3404 3242 3465 Domino,
3289 3424 3315 3463 1
3341 3407 3506 3463 Petr.

592 3495 617 3532 1
646 3496 661 3535 :
704 3496 760 3552 3.
804 3480 1013 3557 Neque
1045 3494 1136 3541 est
1164 3500 1271 3542 cur
1304 3484 1547 3545 miretur
1576 3486 1923 3569 quisquam,
1958 3489 2124 3566 quod
2159 3489 2554 3568 Tbeologiam
2585 3488 2913 3547 naturalem
2943 3484 3305 3546 abolendam
3325 3482 3504 3544 fuisse

582 3559 1011 3646 supernaturali
1049 3560 1318 3623 dicimuS.
1358 3566 1513 3625 Nam
1552 3563 1634 3627 ita
1673 3586 1786 3628 nos
1826 3569 2010 3629 docet
2051 3571 2379 3647 Apostolus
2420 3568 2742 3632 dicendum
2785 3586 2939 3644 esse,
2977 3582 3161 3641 quum
3202 3564 3280 3624 de
3305 3565 3500 3623 Theo-

580 3636 741 3712 logia
778 3639 893 3699 hac
932 3652 1162 3719 nostra,
1202 3646 1258 3703 &
1298 3642 1397 3703 illa
1438 3648 1628 3705 sutura
1667 3645 1730 3707 in
1770 3647 1955 3708 coelis
1985 3648 2272 3726 loquitur:
2315 3650 2419 3708 Ea:
2435 3657 2620 3726 parte
2648 3651 2795 3707 enim
2825 3648 3248 3721 cognoscimus,
3279 3641 3499 3720 inquit,

583 3716 660 3772 (θ’
698 3736 770 3775 6ae
792 3728 978 3797 parte
1006 3724 1427 3798 prophetamus
1448 3746 1471 3783 .·
1508 3745 1683 3802 quum
1725 3736 1912 3787 autem
1950 3732 2178 3789 venerit
2203 3730 2518 3807 perfectio,
2559 3737 2694 3787 tunc
2727 3729 2888 3805 quod
2916 3746 2986 3784 eoe
2999 3734 3176 3803 parte
3207 3732 3295 3783 est
3315 3725 3502 3782 abole-

579 3796 770 3888 bitus,
807 3801 931 3860 5⁷⁶5·
978 3822 1003 3859 1
1050 3802 1316 3864 Corinth·
1357 3823 1425 3879 Ι3
1452 3826 1465 3863 ²
1506 3826 1562 3883 9.
1615 3808 1725 3865 Illa
1760 3808 2124 3887 ἑπεισαγωγή
2156 3811 2384 3870 formae
2416 3827 2540 3869 non
2574 3808 2758 3869 modo
2789 3804 3054 3883 alterius„
3087 3805 3289 3864 verum
3320 3803 3497 3862 etiam

574 3875 813 3938 alterius
871 3880 1101 3957 generis
1162 3884 1218 3941 δι
1264 3884 1705 3961 perfectissimi,
1760 3886 1916 3947 hanc
1969 3890 2221 3949 formam
2262 3886 2629 3967 The'ologiae
2667 3896 2906 3948 nostrae
2947 3883 3112 3962 quasi
3147 3884 3500 3960 absorptura

577 3964 697 4029 est,
736 3958 792 4015 δι
830 3958 1197 4022 vindicatura
1239 3962 1300 4023 in
1338 3966 1765 4041 perfectionem
1803 3966 1978 4028 illius,

652 4036 853 4113 Atque
892 4040 1041 4101 haec
1081 4044 1157 4102 de
1198 4044 1541 4106 conditione
1581 4046 1951 4125 Theologiae
1994 4046 2275 4108 naturalis
2319 4048 2382 4107 in
2418 4058 2632 4108 natura
2668 4045 2927 4108 hominis
2961 4042 3304 4121 incorrupta
3325 4042 3494 4103 satis:

574 4112 651 4171 de
716 4117 1061 4181 conditione
1118 4122 1301 4201 illiuS,
1362 4145 1435 4185 ex
1494 4142 1618 4203 quo
1674 4126 1990 4187 vitiositate
2021 4138 2301 4205 corrupta
2339 4137 2431 4188 est
2469 4138 2677 4188 natura
2717 4126 3056 4201 videamus,
3106 4126 3282 4189 Thes.
3323 4140 3495 4183 xv111.

570 4196 890 4270 Postquam
932 4203 1069 4259 vcro
1111 4212 1333 4262 natura
1373 4206 1515 4264 haec
1556 4215 1839 4287 corrupta
1864 4210 2006 4283 suit
2015 4252 2032 4285 ,
2053 4210 2158 4267 illa
2177 4210 2400 4286 quidem
2421 4209 2552 4285 ipsa
2568 4209 2862 4285 principia
2879 4209 2941 4264 in
2960 4206 3497 4281 singulis-perman·

573 4283 807 4353 serunt,
849 4284 1202 4361 communia,
1243 4284 1520 4364 obscura,
1560 4295 1734 4365 atque
1776 4286 2157 4364 imperfecta.-
2195 4290 2305 4347 scd
2337 4289 2399 4347 in
2429 4307 2550 4347 sese
2576 4288 3016 4365 corruptis-sima
3031 4327 3049 4361 ,
3081 4288 3232 4343 mter
3269 4303 3332 4342 se
3366 4303 3494 4341 con-

571 4354 999 4437 turbatissima,
1042 4368 1321 4437 tan-equam
1362 4367 1587 4425 rudera
1627 4374 1878 4427 naturae
1916 4374 2154 4427 nostrae
2193 4369 2502 4429 vitiositate
2541 4376 2768 4429 nostra.
2810 4366 2950 4425 Non
2991 4373 3081 4424 est
3122 4362 3222 4424 hic
3262 4360 3492 4451 consilij

3274 4451 3460 4501 nostri
3475 4486 3494 4519 ,
