3923 4875
1528 0 2319 26 nnnnnnnnnnnnnn
3267 0 3382 42 4⁹3

470 139 725 218 exempli
766 159 969 216 causa,
1008 140 1195 202 ciuilis
1235 140 1480 202 scientia
1522 141 1757 204 militari
1796 153 2078 220 praestat,
2119 141 2256 220 quia
2295 141 2500 202 militia
2539 143 2618 202 ad
2657 143 2886 202 bonum
2927 142 3178 202 ciuitatis
3223 144 3384 203 ordi-

472 230 613 280 nata
650 231 757 281 est.
798 222 971 281 Haec
1010 220 1210 281 omnia
1248 220 1296 282 si
1336 221 1399 280 in
1440 221 1715 283 doctrina
1752 241 1919 284 sacra
1959 221 2234 300 religiose
2275 223 2710 300 expendamus,
2751 225 2807 282 &
2845 241 2918 281 ea
2959 223 3087 298 ipsa
3106 239 3285 298 quam
3311 241 3385 282 ex

472 297 565 358 his
602 301 841 377 psalmis
880 302 1038 377 (Deo
1080 301 1283 376 dante)
1325 319 1528 364 sumus
1568 302 1934 381 percepturi3
1976 305 2139 363 Deus
2179 304 2340 362 bone
2355 345 2372 378 ,
2413 311 2694 378 quantam
2735 301 3082 380 dignitatem
3122 301 3386 362 maiesta-

470 385 709 456 temque
748 381 1043 442 cernimus
1082 381 1159 442 ab
1201 381 1365 442 omni
1404 392 1571 460 parte
1611 381 2158 460 circumfulgentem
2198 400 2310 442 nos
2351 385 2407 442 &
2440 381 2652 442 diuinis
2672 380 2786 442 illis
2807 381 2985 442 radiis
3007 381 3064 442 in
3092 381 3386 442 mentibus

470 460 875 522 collustrante!
918 463 975 520 N
978 481 1073 520 am
1114 461 1161 520 si
1204 463 1283 521 ad
1322 480 1515 523 rerum
1556 461 2119 541 contemplationem
2158 461 2482 540 respexeris
2497 505 2515 540 ,
2556 461 2707 522 haec
2741 461 3017 539 scientia,
3058 462 3206 520 haec
3241 463 3384 522 doc-

470 537 623 600 trina
662 550 752 600 est
788 539 983 618 primo
1025 541 1081 600 δι
1121 539 1519 619 principaliter
1562 543 1639 604 de
1678 541 1748 603 iis
1796 544 2006 618 rebus„
2047 560 2200 620 quae
2241 559 2346 602 sua
2387 540 2694 602 altitudine
2714 542 2769 601 δι
2789 541 3177 620 amplitudine
3198 552 3384 603 trans-

476 619 763 681 scendunt
802 619 1089 681 rationem
1128 621 1329 700 (supra
1364 641 1573 684 omnes
1612 625 1813 684 caelos
1854 633 2094 684 euectae
2135 623 2328 700 sunt,)
2369 625 2424 683 &
2464 619 2744 682 diuinitus
2784 625 2818 682 e
2857 623 3024 681 caelo
3066 640 3158 681 res
3179 639 3386 682 omnes

474 699 838 776 perfundunt
886 717 993 761 sua
1044 703 1177 760 luce
1233 719 1387 778 quae
1424 704 1502 763 ad
1543 701 2054 781 participationem
2097 702 2358 762 eiusdem
2397 700 2692 780 dignitatis
2734 701 2972 762 caelesti
3008 699 3194 778 gratia
3234 700 3385 761 ordi-

474 790 647 840 natae
696 791 851 842 sunt.
902 779 1005 840 Sin
1060 781 1137 841 ad
1177 781 1353 842 finem
1395 781 1577 860 ipsius
1613 783 1875 842 animum
1916 785 1971 843 δι
2013 781 2431 860 cogitationem
2472 791 2734 842 nostram
2775 791 3222 858 conuertamuS,
3264 799 3386 841 non

477 876 614 920 eum
654 859 833 920 finem
874 859 1132 938 proponi
1172 859 1515 938 simpliciter
1553 861 2123 935 animadvertemus,
2165 860 2267 938 qui
2301 866 2340 922 a
2379 871 2589 922 natura
2630 863 2805 922 rebus
2847 859 3056 922 creatis
3078 859 3352 922 omnibus
3370 905 3388 937 ,
3421 889 3426 897 ·

476 949 577 999 aut
615 939 791 1000 etiam
833 940 1096 1001 humano
1137 941 1337 1018 generi
1378 943 1717 1020 propositus
1756 953 1871 1016 est,
1906 943 2014 1002 sed
2033 943 2110 1003 ad
2131 940 2562 1021 cognitionem,
2583 943 2958 1016 fructumque
2979 939 3386 1001 suauissimum

472 1037 585 1080 nos
624 1019 871 1096 perduci
910 1019 1065 1080 illius
1104 1019 1235 1080 finis
1276 1020 1496 1097 vltimi,
1538 1021 1615 1082 ad
1654 1041 1833 1100 quem
1877 1041 2086 1084 omnes
2125 1020 2222 1098 alij
2258 1023 2404 1083 fines
2439 1019 3212 1082 scientiarum&actionum
3253 1030 3392 1080 sunt

474 1097 745 1160 ordinati.
810 1101 1006 1160 Deum
1070 1099 1229 1160 enim
1288 1110 1354 1160 vt
1392 1103 1573 1162 finem
1612 1103 1813 1164 statuit
1862 1105 1918 1162 δι
1971 1119 2353 1162 communem
2393 1102 2738 1181 terminum,
2779 1103 2917 1161 cum
2960 1102 3134 1162 rebus
3177 1099 3387 1160 creatis

474 1178 747 1256 caeteris,
789 1190 913 1240 tum
958 1179 1298 1242 hominibus
1340 1179 1707 1260 singulariter
1746 1181 2135 1242 destinatum:
2177 1200 2371 1259 neque
2413 1182 2532 1241 hoc
2575 1183 2798 1256 solum,
2838 1181 2943 1242 sed
2983 1181 3162 1240 finem
3201 1179 3391 1240 cuius·

479 1277 595 1335 que
654 1259 959 1337 proprium
1020 1261 1079 1320 in
1140 1259 1247 1320 illo
1302 1262 1605 1322 communi
1645 1260 1897 1323 termino
1940 1264 2186 1340 reuelat,
2235 1263 2400 1338 qu0d
2451 1261 2512 1320 in
2566 1279 2642 1322 eo
2685 1262 3056 1338 apprehenso
3095 1270 3392 1320 aeternam

478 1340 725 1399 salutem
766 1342 821 1400 &
860 1339 1287 1400 beatitudinem
1328 1341 1511 1402 simus
1551 1341 1851 1420 adepturi:
1894 1341 2150 1420 denique
2170 1387 2187 1414 ,
2223 1361 2298 1402 ne
2334 1340 2642 1420 quisquam
2665 1343 2936 1402 aberrare
2955 1339 3175 1418 possit,
3197 1338 3394 1401 media

478 1417 707 1497 singula
742 1419 819 1478 ad
858 1419 1037 1480 finem
1078 1419 1242 1480 illum
1286 1420 1635 1499 pertinentia
1673 1424 1729 1483 &
1770 1421 2103 1483 necessario
2145 1439 2278 1482 cum
2322 1440 2396 1482 eo
2437 1420 2756 1482 coniuncta
2795 1420 3056 1480 declarat
3091 1420 3387 1498 sapientis-

480 1497 645 1558 sime.
688 1497 901 1576 quibus
940 1501 1117 1561 rebus
1158 1499 1302 1577 quid
1345 1499 1615 1580 dignius,
1656 1503 1751 1562 vel
1790 1502 2099 1580 augustius
2140 1501 2388 1579 cogitari
2428 1497 2663 1578 potest?

556 1578 751 1638 Venio
792 1579 871 1638 ad
911 1579 1343 1641 certitudinem.
1385 1581 1791 1659 Quaecunque
1830 1582 1891 1642 in
1930 1581 2270 1642 hominibus
2313 1581 2588 1642 scientiae
2629 1579 2754 1640 fieri
2784 1581 2978 1640 solent
2997 1577 3267 1658 plurimi,
3287 1597 3393 1640 eae

478 1656 887 1719 certitudinem
929 1677 1095 1720 suam
1128 1679 1202 1720 ex
1247 1660 1549 1739 principiis
1590 1664 1645 1723 δι
1682 1662 1891 1723 mediis
1926 1661 2285 1740 cognitionis
2307 1659 2582 1721 dicuntur
2601 1661 2842 1720 habere.
2881 1659 3173 1737 Principia
3192 1676 3392 1720 earum

478 1738 763 1798 naturalia
811 1751 947 1800 sunt
996 1738 1243 1802 immota
1280 1744 1337 1802 &
1379 1740 1721 1802 immediata
1758 1761 1865 1820 per
1907 1741 2028 1802 vim
2068 1742 2368 1818 quandam
2407 1752 2652 1801 naturae
2687 1740 2748 1799 in
2786 1741 3048 1800 humano
3087 1739 3388 1800 intellectu

478 1815 845 1896 ingenerata:
906 1836 1160 1896 quorum
1220 1821 1335 1880 alia
1384 1823 1463 1882 ab
1512 1821 1651 1899 ipsis
1705 1821 1996 1897 scientiis,
2043 1821 2158 1882 alia
2199 1823 2276 1882 ab
2315 1819 2442 1880 aliis
2486 1819 2759 1897 depromi
2797 1821 2988 1880 solent
3027 1830 3310 1896 tanquam
3350 1823 3389 1879 a

476 1897 893 1974 superioribus
956 1899 1117 1960 Huic
1176 1900 1487 1962 doctrinae
1548 1902 1759 1964 merito
1819 1901 2152 1963 vindicatur
2205 1900 2400 1961 omnis
2439 1899 2820 1960 excellentiae
2859 1899 3180 1977 perfectio:
3243 1915 3395 1976 quae

480 1977 818 2040 immediate
860 1997 983 2038 non
1018 1983 1055 2038 a
1093 1992 1298 2042 natura
1313 2025 1331 2060 ,
1374 1982 1481 2042 sed
1519 1985 1557 2042 a
1597 1984 1758 2043 Deo:
1800 2001 1912 2042 nec
1945 2002 2053 2060 per
2085 1990 2355 2042 naturam
2369 2025 2388 2058 ,
2429 1981 2534 2040 sed
2577 1999 2684 2058 per
2723 1978 3142 2040 reuelationem
3173 1976 3394 2056 gratiae

480 2057 767 2136 principia
808 2075 913 2118 sua
952 2058 1180 2120 obtinet
1222 2071 1413 2138 certa,
1452 2060 1731 2140 immota,
1772 2065 1827 2123 &
1866 2061 2222 2122 immediata.
2287 2061 2470 2136 Quod
2519 2059 2568 2120 si
2600 2076 2751 2137 quae
2783 2059 3082 2120 interdum
3121 2063 3158 2118 a
3185 2069 3394 2118 natura

478 2137 534 2197 δι
574 2137 803 2198 ratione
844 2139 1100 2199 humana
1140 2139 1416 2214 adhibet,
1471 2161 1543 2202 ea
1581 2161 1705 2202 non
1745 2153 2026 2220 tanquam
2083 2145 2287 2202 mutuo
2327 2151 2428 2201 aut
2471 2139 2741 2217 precario
2778 2142 2816 2200 a
2855 2137 3252 2216 superioribus
3291 2137 3396 2198 sed

478 2233 589 2278 suo
629 2217 753 2279 iure
796 2229 1077 2296 tanquam
1116 2222 1194 2280 ab
1240 2221 1613 2283 inferioribus
1652 2223 1708 2281 δι
1750 2221 2164 2282 ancillantibus
2192 2219 2472 2281 assumit:
2513 2237 2634 2280 non
2657 2237 2778 2296 quo
2799 2219 3130 2297 perficiatur
3151 2218 3230 2277 ab
3249 2217 3361 2278 illis
3377 2263 3394 2292 ,

480 2297 587 2358 sed
634 2315 757 2374 quo
798 2297 1065 2376 perficiat
1102 2299 1259 2378 illas,
1320 2303 1374 2361 δι
1416 2301 1475 2360 in
1519 2319 1627 2362 vsu
1673 2301 1990 2363 iustissimo
2039 2301 2298 2379 singulas
2348 2311 2617 2378 occupet.
2701 2301 2852 2360 Nam
2897 2317 3002 2358 cur
3040 2315 3164 2360 non
3203 2307 3398 2358 vtatur

478 2378 593 2437 hac
634 2376 729 2437 via
768 2379 1061 2440 Dominus
1102 2381 1157 2440 δι
1200 2391 1464 2443 seruator
1502 2377 1741 2443 noster?
1780 2381 1947 2443 cuius
1986 2380 2320 2443 doctrinam
2361 2398 2485 2442 non
2525 2390 2766 2459 propter
2787 2380 3083 2441 defectum
3103 2379 3199 2439 vel
3218 2376 3398 2437 insuf-

482 2456 797 2519 ficientiam
838 2464 925 2535 (vt
964 2458 1045 2519 ita
1082 2461 1417 2538 loquamur)
1458 2460 1637 2539 ipsius
1653 2506 1668 2535 ‚
1710 2464 1816 2524 sed
1866 2475 2107 2541 propter
2146 2463 2442 2522 defectum
2482 2460 2812 2521 intellectus
2849 2458 3067 2537 nostri,
3131 2459 3208 2519 ad
3247 2476 3399 2535 quos

482 2538 629 2598 haec
668 2540 935 2599 salutaris
972 2540 1245 2601 doctrina
1283 2540 1564 2617 pertinet,
1632 2542 1723 2603 his
1771 2541 2124 2603 adiumentis
2172 2540 2376 2602 instrui
2418 2541 2716 2617 oportuit:
2777 2549 2840 2599 vt
2880 2559 2954 2601 ex
2992 2538 3060 2599 iis
3098 2556 3252 2615 quae
3295 2557 3399 2615 per

480 2620 804 2679 naturalem
866 2618 1183 2690 rationem,
1248 2621 1408 2681 velut
1460 2621 1839 2683 scientiarum
1890 2622 2159 2683 omnium
2208 2622 2598 2681 humanarum
2639 2630 2926 2697 matrem,
2990 2620 3400 2693 innotescunt,

480 2696 707 2759 facilius
766 2697 845 2759 ad
906 2718 976 2759 ea
1034 2700 1413 2778 percipienda
1472 2700 1857 2763 deueniamus
1908 2713 2090 2779 atque
2139 2702 2537 2777 deducamur,
2597 2698 2811 2777 quibus
2849 2701 3108 2759 humana
3147 2697 3298 2757 ratio
3341 2700 3398 2758 δε

482 2787 691 2837 natura
742 2788 870 2839 tota
918 2790 1242 2857 superatur.
1314 2780 1519 2842 Media
1552 2787 1696 2843 vero
1736 2782 1815 2843 ad
1854 2781 2269 2843 certitudinem
2311 2778 2617 2841 doctrinae
2659 2779 2832 2839 huius
2875 2777 3223 2857 pertinentia
3262 2793 3399 2837 cum

483 2854 575 2917 his
636 2854 937 2936 principiis
997 2860 1172 2938 plane
1232 2860 1626 2923 consentiunt.
1704 2864 1849 2923 Illae
1888 2862 2048 2923 enim
2089 2860 2366 2923 scientiae
2405 2859 2622 2938 quibus
2657 2856 2929 2921 homines
2967 2859 3366 2919 intumescunt
3382 2902 3401 2936 ,

484 2936 895 2997 certitudinem
930 2958 1097 2999 suam
1128 2941 1351 3001 habent
1384 2962 1457 3001 ex
1490 2941 1591 3001 illo
1622 2942 1871 3003 naturali
1905 2941 2148 3004 rationis
2179 2942 2472 3001 humanae
2502 2938 2724 3000 lumine
2739 2982 2758 3015 ,
2783 2956 2934 3015 quae
2957 2948 3156 3017 potest
3173 2956 3400 2998 errare:

483 3027 663 3094 prout
702 3029 947 3079 euentus
988 3018 1047 3079 in
1084 3020 1425 3081 hominibus
1464 3020 1707 3100 singulis
1750 3024 1881 3099 plus
1921 3020 2060 3083 satis
2097 3020 2375 3083 ostendit.
2434 3022 2604 3080 Haec
2644 3023 2787 3080 vero
2841 3017 3087 3081 scientia
3133 3022 3221 3094 (vt
3263 3034 3401 3078 cum

483 3096 785 3175 Propheta
815 3100 1051 3177 loquar)
1098 3100 1573 3161 excellentiarum
1589 3147 1607 3177 ,
1661 3103 1986 3181 perfectam
2047 3101 2324 3163 diuinitus
2383 3101 2564 3161 habet
2618 3098 3028 3159 certitudinem
3070 3116 3144 3157 ex
3183 3094 3404 3157 lumine

485 3178 939 3266 supernaturalis
978 3178 1257 3241 scientiae
1293 3184 1349 3241 δι
1389 3180 1657 3256 diuinae,
1720 3200 1873 3259 quae
1912 3200 2027 3241 nec
2064 3180 2194 3259 ipsa
2233 3199 2427 3241 errare
2469 3188 2694 3257 potest,
2755 3197 2868 3239 nec
2909 3181 2986 3239 ab
3026 3178 3149 3239 vllo
3191 3176 3406 3237 erroris

486 3256 691 3333 spiritu
729 3257 1111 3319 circumduci.
1152 3259 1271 3321 Sed
1310 3259 1453 3337 quid
1496 3261 1695 3323 multis
1736 3261 2190 3340 probationibus
2229 3259 2465 3321 aliunde
2485 3258 2692 3320 accitis
2715 3276 2865 3337 opus
2887 3255 3013 3319 est?
3051 3256 3404 3317 Doctrinam

488 3336 965 3399 excellentiarum
1006 3341 1268 3418 appellat
1304 3341 1490 3401 Deus:
1539 3340 1669 3417 quis
1708 3340 1937 3402 dubitet
1977 3360 2108 3401 eam
2149 3341 2232 3403 ita
2267 3360 2395 3401 esse
2437 3350 2499 3399 vt
2539 3340 2796 3417 appellat
2826 3334 3027 3399 Deus?
3067 3338 3232 3398 Deus
3251 3336 3408 3397 hanc

486 3434 615 3477 esse
668 3416 811 3478 dicit
862 3416 1207 3497 sapientiam
1249 3430 1514 3480 nostram
1555 3423 1609 3481 δι
1652 3420 2030 3500 prudentiam
2067 3432 2203 3483 ante
2243 3421 2454 3481 oculos
2495 3420 2851 3497 populorum
2868 3463 2885 3495 ,
2924 3435 3110 3495 vsque
3149 3416 3304 3478 adeo
3345 3424 3408 3475 vt

488 3494 582 3557 isti
620 3496 925 3559 audientes
966 3498 1196 3589 dicant,
1236 3501 1497 3560 Tantum
1537 3519 1681 3577 gens
1718 3499 1829 3561 ista
1868 3500 2124 3561 maxima
2165 3502 2422 3579 populus
2463 3498 2695 3577 sapiens
2733 3509 2820 3559 est
2861 3501 2916 3559 δι
2957 3498 3242 3574 prudens:
3278 3494 3410 3587 quis

488 3577 857 3639 contradicat
900 3580 1035 3639 Deo
1074 3574 1365 3640 veritatis?
1404 3581 1513 3640 Est
1552 3577 1729 3659 igitur
1766 3582 2090 3659 excellens,
2130 3579 2252 3641 imo
2291 3576 2810 3657 excellentissima,
2851 3578 2973 3638 imo
3015 3574 3180 3639 omni
3215 3594 3408 3638 omnis

490 3657 867 3719 excellentiae
926 3658 1287 3737 perfectione
1340 3659 1813 3721 absolutissima:
1868 3678 2024 3738 quae
2079 3660 2282 3721 omnia
2329 3658 2632 3720 locutione
2687 3659 2962 3719 Hebraea
3013 3656 3412 3735 designantur.

490 3736 647 3796 Cirm
688 3748 885 3799 autem
924 3741 1073 3799 haec
1111 3738 1341 3817 singula
1380 3740 1679 3801 eiusmodi
1718 3740 1865 3813 sint,
1904 3751 1970 3801 vt
2013 3740 2350 3819 hominem,
2390 3740 2484 3801 vel
2523 3748 2732 3799 natura
2769 3748 2944 3815 teste,
2977 3739 3055 3798 ad
3074 3736 3246 3798 huius
3267 3737 3408 3796 doc·

488 3814 677 3877 trinae
724 3837 961 3879 amores
1016 3818 1389 3879 incredibiles
1437 3820 1695 3880 debeant
1736 3819 2017 3881 excitare:
2061 3821 2098 3881 ὁ
2141 3819 2416 3881 miserum
2455 3817 2788 3889 hominem,
2829 3818 2931 3895 qui
2967 3817 3094 3879 aliis
3133 3817 3194 3877 in
3234 3818 3410 3876 rebus

492 3896 772 3958 omnibus
824 3900 993 3959 facile
1046 3899 1209 3976 cupit
1266 3900 1578 3977 excellere,
1620 3912 2027 3979 praeterquam
2069 3900 2128 3959 in
2169 3899 2239 3961 iis
2279 3917 2431 3976 quae
2470 3918 2670 3959 veram
2713 3896 3148 3974 excellentiam,
3189 3907 3410 3955 certam

494 3976 849 4055 plenamque
894 3980 1029 4039 Deo
1070 3990 1217 4040 teste
1269 3980 1323 4037 δι
1364 3989 1606 4041 auctore
1646 3978 1940 4041 obtinent!

3213 4054 3410 4115 Huius
