3923 4875
1404 328 1504 370 113
1565 328 1788 371 VERA
1853 327 2379 373 rnaonoom.
3256 332 3327 392 53

429 497 522 568 (vt
560 492 641 551 ita
681 491 970 567 dicamus)
1010 508 1113 551 seu
1135 508 1404 582 corpore
1449 488 1678 565 integro
1717 498 2119 565 permanente.
2158 490 2311 547 Nam
2348 507 2532 565 penes
2570 490 2764 549 Deum
2803 489 3014 567 (inquit
3051 492 3184 552 Iob.
3206 502 3334 565 cap.

435 592 503 630 12
568 570 812 661 ⁷1·13,·)
873 581 963 631 est
1023 569 1340 648 sapientia,
1399 570 1456 627 &
1511 568 1826 646 fortitude,
1869 568 2023 628 illius
2064 577 2150 628 est
2188 566 2497 627 consilium
2536 569 2593 627 81
2636 567 3033 646 intelligentia.
3092 572 3187 631 De
3226 572 3341 632 hac

428 669 571 729 ergo
615 649 844 710 infinita
881 650 938 709 &
975 648 1312 711 admirabili
1355 646 1642 738 sapientia
1678 647 1794 707 Dei
1807 690 1826 724 ,
1863 647 2012 723 quid
2048 649 2227 725 porro
2268 645 2479 707 dicturi
2518 644 2756 707 sumus?
2793 665 2932 708 cum
2961 658 3098 709 ante
3126 648 3337 711 dixeri-

427 750 557 789 mus
595 749 715 790 vno
757 731 976 807 verbo,
1016 730 1172 789 hanc
1209 747 1334 789 non
1371 726 1752 818 peruestigari
1790 730 1827 785 a
1864 725 2072 803 301115,
2112 725 2217 787 sed
2256 726 2453 817 potius
2490 726 2746 788 adorari.
2800 726 3101 804 Quicquid
3140 729 3336 791 dicere

427 811 502 869 de
564 828 634 869 ea
693 826 1036 900 possumus,
1088 827 1230 886 prae
1285 826 1356 869 ea
1393 806 1540 868 311111
1578 816 1698 867 est:
1739 805 2025 883 quicquid
2066 804 2165 866 illa
2204 816 2324 883 est,
2364 805 2654 865 infinitum
2693 816 2813 885 est,
2853 808 3018 884 quod
3058 806 3177 869 dici
3214 827 3335 869 non

426 898 652 967 potest3
693 889 754 947 in
795 908 858 949 se
897 887 1274 967 admirabile,
1315 888 1371 946 &
1411 884 1848 978 suspiciendum
1888 888 1926 945 a
1964 884 2138 946 nobis
2176 884 2489 963 Religione
2527 902 2786 947 51113133.
2828 903 2949 964 (1110
2988 896 3337 965 argumento

425 968 670 1045 Sapiens
708 977 950 1029 testatur
987 968 1280 1029 honorem
1320 967 1434 1027 Dei
1472 965 1535 1026 in
1575 984 1648 1025 eo
1687 963 1947 1043 positum
1989 982 2147 1056 esse,
2188 964 2351 1056 quod
2382 966 2713 1027 abscondat
2731 986 2889 1043 1613,
2916 966 2973 1025 81
2994 966 3335 1027 tenuitatem

425 1058 688 1107 nostram
729 1066 804 1107 eo
845 1046 978 1123 ipso
1005 1058 1368 1139 argumento
1410 1056 1681 1107 testatam
1723 1044 1924 1105 faciat·
1911 1090 1928 1125 ,
1968 1044 2106 1121 quia
2146 1042 2438 1122 gratiosus
2478 1056 2645 1124 pater
2684 1064 2815 1107 eam
2856 1010 3053 1138 liberis
3089 1047 3335 1107 abscon-

425 1128 626 1188 dendo
687 1126 942 1186 consulit
1001 1124 1368 1187 imbecilitati
1403 1136 1660 1185 nostrae.
1719 1126 1974 1186 Proueb.
2018 1141 2110 1203 25.
2153 1146 2208 1185 2.
2269 1125 2647 1216 Quapropter
2684 1135 2881 1203 raptus
2919 1124 2980 1184 13
3018 1126 3335 1218 sapientiae

423 1204 593 1267 huius
651 1204 1108 1267 admirationem
1167 1206 1524 1297 Apostolus,
1573 1205 1940 1265 exclamabat
1980 1202 2521 1266 vehementissime·
2562 1204 2601 1265 ὃ
2639 1204 3099 1283 profunditatem
3139 1204 3328 1266 diuiti-

423 1303 586 1345 arum
627 1284 980 1376 sapientiae,
1021 1287 1078 1345 &
1118 1284 1474 1376 cognitionis
1515 1287 1610 1344 vel
1649 1282 1930 1345 scientiae
1969 1282 2084 1344 Dei
2124 1284 2296 1345 Rom.
2316 1300 2378 1344 11.
2400 1303 2497 1361 33.
2519 1286 2577 1345 81
2597 1302 2707 1345 305
2725 1301 2961 1375 quoque
2989 1285 3330 1361 πιοηθεηες

421 1364 522 1425 1116
559 1366 809 1443 gradum
850 1362 1128 1425 sistimus.
1169 1384 1308 1425 nam
1349 1363 1488 1442 quia
1526 1364 1774 1439 abyssus
1813 1362 1913 1423 illa
1966 1374 2055 1423 est
2096 1362 2443 1441 sapientiae,
2483 1373 2739 1455 praestat
2776 1364 2894 1424 iam
2932 1363 3013 1424 ad
3050 1364 3209 1424 riuos
3226 1382 3334 1442 per

421 1464 554 1505 eam
611 1444 1086 1505 communicatos
1101 1489 1118 1522 ,
1180 1445 1236 1504 &
1297 1464 1370 1504 ex
1413 1462 1484 1503 ea
1521 1444 1880 1521 profluentes
1919 1441 2260 1523 veniamus;
2300 1462 2378 1505 ne
2416 1442 2757 1505 tenuitatem
2795 1453 3058 1504 nostram
3072 1486 3091 1521 ,
3132 1442 3181 1503 si
3218 1462 3331 1503 nos

421 1524 632 1584 demus
671 1522 734 1583 in
773 1522 932 1585 istud
969 1526 1216 1602 pelagus
1230 1568 1250 1603 ,
1289 1522 1620 1602 amplitudo
1661 1522 1786 1583 eius
1825 1523 2162 1584 absorbeat.

1629 1970 1680 2030 C
1701 1972 1757 2029 A
1776 1972 1826 2029 P
1841 1970 1900 2028 V
1920 1970 1977 2029 T
2034 1971 2111 2029 V.

1163 2148 1328 2223 Quid
1359 2148 1438 2205 sit
1482 2148 1801 2223 Theologia
1842 2147 2085 2213 ἔκτυπος
2100 2190 2119 2225 ,
2157 2146 2213 2205 &
2253 2147 2577 2223 quotuplex.

497 2319 813 2381 Primariae
868 2320 1022 2382 illius
1079 2321 1475 2401 Theologiae,
1535 2338 1713 2399 quam
1773 2320 2035 2399 adorari,
2072 2339 2199 2382 non
2236 2319 2571 2421 inuestigari
2610 2322 2649 2379 a
2689 2319 2864 2381 nobis
2904 2333 3053 2397 opus
3092 2330 3212 2393 est,
3253 2332 3317 2382 vt

419 2409 554 2461 ante
582 2399 874 2492 diximuS,
916 2404 1108 2464 foetus
1146 2411 1234 2465 est
1271 2401 1620 2464 secundaria
1657 2402 1756 2463 illa
1793 2400 2157 2494 Τ116010313,
2193 2418 2373 2479 quam
2416 2401 2664 2462 ἔκτυπον
2701 2400 3091 2478 appellamus,
3134 2400 3315 2462 Cuius

418 2480 762 2542 latissimum
801 2480 1277 2560 vberrimumque
1317 2498 1614 2560 campum
1607 2526 1624 2560 ,
1665 2500 1842 2561 quam
1869 2481 2212 2542 breuissime
2230 2481 2356 2542 fieri
2374 2479 2619 2558 poterit,
2646 2478 3021 2540 circumdatis
3041 2480 3317 2541 cancellis

418 2559 592 2621 certis
649 2560 1044 2622 decurremus
1106 2561 1302 2623 Huius
1360 2561 1762 2623 definitionem
1818 2563 2139 2623 commode
2198 2561 2284 2622 516
2334 2560 2488 2621 tradi
2524 2577 2702 2636 posse
2740 2558 3095 2636 iudicamus,
3144 2562 3315 2621 Thes.

416 2656 544 2701 vm.
611 2641 930 2716 Theologia
991 2643 1234 2708 ἓκιυπος
1291 2643 1411 2701 st‘rce
1466 2643 1798 2719 simpliciter
1839 2643 1934 2717 (vt
1967 2643 2200 2718 vocant)
2238 2643 2361 2702 siue
2397 2640 2703 2700 secundum
2741 2640 2892 2716 quid
2920 2641 3283 2700 considerata
3297 2685 3316 2718 ,

418 2727 506 2779 est
557 2722 838 2792 sapientia
880 2721 1222 2781 diuinarum
1262 2739 1460 2780 rerum
1501 2723 1541 2778 ὰ
1577 2722 1711 2780 Deo
1750 2740 1825 2781 ex
1861 2723 2172 2799 archetypo
2210 2722 2392 2812 ipsius
2428 2718 2761 2794 informata
2792 2727 2905 2796 per
2942 2721 3317 2779 communica-

417 2800 624 2858 tionem
692 2799 941 2860 Gratiae
998 2800 1088 2860 acl
1128 2802 1392 2875 gloriam
1451 2801 1654 2876 epsius.
1711 2802 1868 2862 Nam
1926 2801 2041 2860 1136
2078 2797 2419 2860 definitione
2460 2815 2596 2859 cum
2634 2798 2992 2860 antecedens
3030 2815 3217 2876 genus
3258 2799 3315 2858 &

417 2877 772 2957 differentia,
823 2889 948 2940 tum
990 2895 1201 2969 causae
1235 2879 1398 2958 ipsae
1438 2891 1813 2972 exponuntur
1853 2880 1932 2971 ad
1969 2879 2181 2940 iustam
2221 2877 2703 2940 constitutionem
2744 2877 3107 2969 Theologiae
3142 2877 3317 2956 perti-

418 2968 640 3018 nentes,
703 2959 908 3020 Genus
949 2956 1109 3018 enim
1150 2971 1239 3020 est
1276 2961 1590 3036 saptentia,
1627 2975 1746 3036 qua
1783 2958 2073 3038 principia
2112 2957 2313 3019 omnia
2348 2975 2487 3019 cum
2524 2956 2840 3036 naturalia,
2876 2969 3007 3018 tum
3047 2975 3317 3036 superna-

415 3035 652 3114 turalia,
716 3038 772 3096 &
828 3033 1340 3100 ratiocinationem
1398 3037 1588 3116 ipsam
1646 3049 2107 3116 componentem
2164 3045 2339 3116 atque
2376 3036 2773 3115 diuidentem,
2812 3037 2869 3096 81
2906 3037 3319 3100 conclusiones

415 3081 1048 3208 determinationesque
1089 3118 1302 3179 exinde
1337 3119 1762 3196 procedenteS,
1801 3119 1858 3178 &
1897 3135 2101 3180 earum
2136 3135 2329 3178 rerum
2370 3116 2637 3177 omnium
2676 3083 3011 3196 scientiam,
3052 3117 3108 3176 &
3148 3135 3317 3209 vsum

414 3195 636 3257 iudicio
697 3217 769 3257 ac
819 3197 1191 3268 ordinatione
1230 3207 1619 3276 temperatum
1659 3201 1776 3258 vna
1813 3197 2281 3289 complectimur.
2339 3195 2684 3258 Differentia
2723 3213 2961 3275 quoque
3001 3198 3056 3256 81
3096 3197 3317 3276 51166165

415 3275 570 3354 eius,
627 3296 828 3337 rerum
887 3279 1225 3338 diuinarum
1264 3277 1658 3358 appellatione
1671 3321 1692 3356 ,
1733 3287 1795 3338 vt
1835 3288 2002 3356 ante,
2040 3274 2429 3338 constituitur.
2488 3279 2715 3337 Rerum
2752 3287 2947 3337 autem
2987 3275 3315 3338 diuinarum

414 3355 810 3433 appellatione
849 3366 978 3416 tum
1014 3357 1342 3419 Veritatem
1379 3375 1588 3419 eorum
1627 3374 1780 3435 quae
1819 3368 1955 3418 sunt
1992 3367 2169 3434 atque
2207 3355 2447 3417 scienda
2484 3365 2649 3434 sunt,
2686 3366 2811 3417 tum
2831 3355 2919 3416 ius
2939 3373 3146 3417 eorum
3164 3374 3317 3448 quae

414 3435 688 3496 facienda
727 3437 782 3495 &
821 3435 1101 3528 fugienda
1141 3447 1279 3498 sunt
1317 3436 1788 3515 complectimur.
1827 3438 1981 3499 Cum
2022 3435 2181 3498 enim
2216 3435 2462 3496 56163113
2500 3438 2649 3496 11366
2676 3435 2954 3497 0133111115
2975 3436 3235 3496 numeris
3254 3434 3313 3496 in

413 3533 476 3576 se
537 3517 802 3592 perfecta
860 3515 964 3595 sit3
1004 3517 1085 3575 ad
1123 3516 1341 3579 iustam
1379 3527 1578 3578 autem
1617 3517 2047 3594 perfectionem
2084 3515 2529 3594 bonitatemque
2566 3514 2737 3577 huius
2777 3514 3012 3576 diuinae
3046 3514 3313 3594 imaginis

414 3605 729 3687 vtrumque
769 3595 844 3656 sit
882 3613 1068 3674 011115,
1107 3598 1272 3674 quod
1313 3615 1544 3676 verum,
1585 3597 1640 3657 81
1681 3598 1848 3672 quod
1883 3597 2129 3658 iustum:
2174 3595 2419 3688 omnino
2458 3595 2521 3656 in
2558 3596 2673 3656 hac
2700 3594 2981 3686 sapientia
3002 3604 3313 3672 vti-umque

415 3673 588 3735 statui
626 3675 925 3767 oportuit,
957 3677 1025 3735 τὸ
1066 3679 1448 3768 θεωρητικὸν,
1494 3677 1588 3736 καὶ
1625 3677 1694 3736 τὸ
1730 3677 2069 3756 πρακτικὸν,
2090 3694 2271 3736 vnum
2292 3676 2352 3736 in
2374 3673 2497 3736 veri
2516 3674 3048 3766 contemplatione,
3068 3678 3312 3736 alterum

414 3753 476 3812 13
515 3753 758 3816 scientia
795 3755 930 3816 iusti
968 3756 1023 3814 &
1062 3755 1260 3815 iniusti
1296 3756 1424 3816 vtili
1459 3755 1718 3834 positum
1733 3800 1751 3835 ,
1802 3774 1952 3833 quae
1992 3756 2137 3816 nihil
2175 3757 2392 3817 habeat
2430 3772 2566 3816 cum
2607 3757 2755 3816 falso
2797 3755 2853 3814 &
2892 3753 3109 3815 iniusto
3150 3773 3310 3814 com-

414 3850 591 3894 mune
607 3879 625 3914 ‚
684 3844 785 3895 aut
841 3837 1062 3896 habere
1115 3834 1316 3912 possit.
1377 3839 1573 3913 Atque
1611 3837 1718 3895 has
1757 3835 1998 3912 quidem
2036 3855 2129 3896 res
2167 3853 2375 3896 omnes
2389 3879 2406 3910 ,
2446 3844 2622 3912 prout
2662 3834 2721 3894 in
2761 3833 3092 3925 Theologia
3130 3833 3309 3910 expli·

410 3923 650 3990 cantur,
709 3913 936 3974 diuinas
995 3933 1122 3975 esse
1177 3915 1584 4005 agnoscimuS,
1643 3934 1768 3975 non
1825 3917 2019 3976 solum
2077 3915 2314 3976 obiecto
2375 3917 2433 3974 &
2493 3913 2677 3974 modo
2692 3959 2710 3991 ,
2772 3912 2986 3991 quibus
3023 3911 3086 3973 in
3131 3914 3311 3973 rebus

411 3991 687 4054 scientiae
725 3995 1036 4054 hominum
1073 3993 1567 4071 contemplatiuae
1603 3993 1877 4056 videntur
1912 4014 2145 4076 repere3
2182 4012 2391 4056 verum
2432 3991 2607 4054 etiam
2646 3994 2764 4052 fine
2801 3994 2859 4052 &
2890 4009 2999 4055 vsu
3018 3993 3274 4072 ipsarum
3290 4037 3309 4072 ,

411 4090 563 4150 quae
612 4074 736 4134 duo
793 4073 856 4134 13
905 4073 1103 4135 actiuo
1155 4073 1531 4134 scientiarum
1583 4093 1800 4153 genere
1851 4078 1888 4135 a
1929 4041 2303 4165 sapientibus
2346 4075 2541 4135 solent
2582 4071 2913 4165 obseruari,
2950 4084 3129 4150 prout
3168 4077 3303 4134 ante

411 4153 605 4230 capite
647 4153 1287 4216 2.(16111035113ν113115.
1326 4156 1523 4232 Atque
1561 4153 1708 4216 haec
1747 4154 1822 4216 de
1859 4174 2073 4232 genere
2111 4153 2555 4232 differentiaque
2587 4152 2888 4214 communi
2921 4153 3306 4231 Τ1160103136.

410 4233 588 4293 Nunc
624 4234 704 4293 ad
749 4251 955 4294 causas
1001 4232 1342 4295 definitione
1381 4253 1684 4311 expressas
1723 4233 2045 4296 veniamus,
2104 4234 2437 4312 Principem
2471 4252 2614 4312 ergo
2654 4249 2963 4294 causarum
3001 4234 3203 4294 locum
3242 4232 3305 4294 in

407 4323 612 4374 nostra
665 4312 1004 4375 definitione
1044 4314 1302 4394 obtinet,
1341 4315 1506 4392 quod
1547 4318 1588 4372 ὰ
1626 4316 1759 4374 Deo
1798 4315 2181 4392 informatam
2221 4334 2346 4376 esse
2386 4317 2541 4376 hanc
2574 4311 2967 4392 Theologiam
3004 4313 3307 4392 praedica-

3159 4409 3305 4453 mus.
