3923 4875
3267 356 3298 416 7

406 531 773 592 Doctrinam
833 537 1195 610 acceperunt.
1283 529 1729 609 conspiciuntur
1782 531 1953 588 etiam
2004 529 2097 588 hic
2163 527 2482 605 Coniugum
2537 529 2742 608 officia
2757 574 2775 604 ,
2820 529 3006 589 Amor
3025 573 3044 608 ,
3099 531 3307 600 Fides,

408 623 668 682 Societas
686 667 704 702 .,
756 623 834 682 ὁ·
879 623 1115 682 similia.
1176 621 1487 680 Haurient
1499 667 1518 700 ‚
1564 628 1632 680 ut
1656 623 1869 700 paucis
1912 621 2098 679 dicam
2111 663 2131 692 ‚
2182 621 2314 680 hinc
2357 639 2546 679 omnes
2587 622 2847 699 exempla
2888 622 2999 680 sibi
3035 623 3312 680 virtutum

406 717 803 772 maximarum
816 759 835 788 ,
904 714 1153 772 Pietatis
1174 757 1193 788 ‚
1259 711 1554 785 Iustitiae,
1614 711 1950 772 Sedulitatis
1967 756 1985 789 .‚
2038 710 2377 771 Grauitatis
2395 757 2413 790 ,
2459 711 2786 772 Modestiae
2803 755 2821 788 ‚
2877 711 3278 772 Gratitudinis
3294 757 3312 790 .,

405 805 731 863 Patientiae
745 847 764 874 ,
842 803 1236 862 Fortitudinis
1258 845 1278 878 ‚
1363 803 1652 862 Candoris
1676 848 1694 881 .,
1784 803 2194 861 Humanitatis
2219 847 2237 880 .‚
2331 803 2630 862 castitatis
2654 844 2672 876 ‚
2754 802 3013 862 Pudoris
3036 846 3054 881 ‚
3155 804 3310 861 Tem·

388 897 703 973 perantiae
724 941 743 974 ‚
812 893 1119 954 Moderati
1180 895 1451 968 Linguae
1513 913 1678 973 usus,
1760 894 2058 953 Comitatis
2117 895 2196 952 &³
2255 900 2597 954 ceterarum.
2657 893 2765 951 Ex
2808 895 3004 969 quibus
3047 895 3302 952 omnibus

400 987 597 1045 videre
634 987 796 1064 licet,
838 991 1111 1063 quantum
1153 987 1415 1061 intersit,
1460 991 1655 1044 vtrum
1698 987 1818 1044 eius
1861 984 2073 1043 edatur
2117 987 2241 1043 vita
2256 1028 2274 1061 ,
2319 987 2418 1060 qui
2445 986 2738 1062 priuatim
2776 993 2997 1062 semper
3023 987 3177 1059 egit:
3218 1004 3298 1044 an

402 1077 541 1136 vero
557 1121 575 1154 ,
621 1079 717 1135 cui
748 1077 844 1136 vel
881 1078 943 1134 in
996 1076 1287 1146 Ecclesia,
1352 1077 1447 1134 vel
1498 1079 1560 1134 in
1605 1077 1823 1136 Politia
1852 1075 2144 1152 publicum
2189 1093 2392 1134 munus
2443 1077 2714 1153 imposuit
2751 1075 2938 1135 Deus.
3015 1075 3296 1134 Priorum

407 1168 673 1226 nonnulli
696 1170 784 1226 ita
814 1185 874 1225 se
899 1173 1212 1242 gesserunt
1260 1167 1337 1225 &-
1373 1174 1624 1244 gerunt,
1668 1173 1735 1226 vt
1771 1167 2008 1226 illorum
2053 1167 2318 1226 Actiones
2362 1168 2482 1225 sint
2520 1165 2760 1240 dignae,
2807 1185 2950 1243 quae
2994 1166 3067 1225 ab
3111 1167 3305 1225 multis

411 1264 727 1317 noscantur
740 1276 763 1314 .·
794 1260 1153 1334 posteriores
1194 1257 1331 1315 vero
1377 1259 1521 1316 tales
1535 1302 1553 1334 ‚
1598 1265 1663 1318 vt
1703 1257 1978 1335 quidquid
1997 1258 2142 1332 sere
2186 1257 2259 1316 ab
2301 1258 2376 1316 iis
2419 1262 2607 1316 actum
2620 1301 2636 1334 ,
2683 1257 2829 1316 sciri
2847 1259 2927 1316 sit
2947 1275 3195 1316 necesse:
3222 1258 3317 1316 vel

416 1347 505 1406 ad
542 1347 881 1407 imitandum
896 1394 913 1428 ‚
959 1352 1015 1408 si
1054 1349 1256 1407 bonum
1277 1391 1295 1424 ,
1340 1351 1395 1406 si
1435 1355 1732 1419 retectum,
1780 1351 1836 1408 si
1877 1349 2156 1424 aequitati
2195 1349 2544 1424 honestisque
2580 1349 2833 1407 moribus
2853 1355 3313 1408 consentaneum:

417 1440 512 1497 vel
550 1439 638 1498 acl
662 1438 1015 1514 fugiendum
1034 1485 1052 1516 .,
1113 1441 1167 1498 si
1209 1457 1383 1498 secus.
1464 1439 1764 1517 Operatur
1807 1438 1978 1498 Deus
2021 1441 2196 1498 aliter
2242 1442 2304 1498 in
2349 1439 2616 1498 Priuatis
2633 1483 2648 1512 ,
2711 1440 2890 1498 aliter
2931 1441 2994 1498 in
3037 1439 3316 1516 Publicis,

428 1548 671 1606 quorum
708 1530 862 1589 Acta
879 1532 1185 1609 pertinere
1216 1531 1345 1588 vult
1370 1529 1455 1587 ad
1486 1549 1693 1591 omnes.
1742 1531 1833 1589 Et
1856 1533 2074 1590 vtinam
2097 1532 2290 1608 plura
2335 1531 2608 1590 eiusmodi
2647 1532 2865 1608 scripta
2895 1531 2956 1589 in
2977 1531 3152 1588 lucem
3172 1539 3320 1607 pro·

422 1620 625 1679 dirent
638 1665 655 1698 ,
702 1623 931 1679 maiora
961 1622 1112 1680 certe
1152 1618 1472 1678 videremus
1516 1622 1749 1682 diuinae
1790 1624 1853 1680 in
1896 1621 2216 1679 Ecclesiam
2259 1621 2657 1696 Benignitatts
2698 1621 2912 1680 indicia
2928 1665 2948 1699 ,
2969 1638 3112 1696 quae
3133 1627 3320 1678 tamen

422 1730 701 1788 nusquam
772 1731 885 1771 non
930 1712 1300 1789 conspicimus
1342 1715 1621 1772 maxima.
1692 1712 1798 1770 Aa
1834 1729 1934 1770 vos
1995 1719 2182 1770 autem
2242 1714 2403 1770 mitto
2423 1757 2441 1791 ‚
2485 1714 2608 1770 viri
2657 1711 3141 1771 Christianis-simi
3160 1755 3177 1786 ‚
3223 1713 3324 1786 qui

610 1807 799 1861 vester
812 1847 830 1878 .,
886 1805 985 1878 qui
1038 1801 1200 1880 apud
1236 1819 1338 1860 vos
1381 1809 1581 1881 natus,
1627 1806 1726 1880 qui
1762 1802 1945 1876 vobis,
1993 1822 2161 1878 quum
2203 1803 2412 1861 summe
2439 1803 2936 1881 periclitabamini
2973 1803 3128 1860 Dux

702 1891 831 1966 fuit
871 1895 947 1954 5>-
992 1894 1243 1970 Pastor,
1290 1895 1449 1952 cuius
1492 1902 1727 1972 operam
1758 1891 1916 1967 fecit
1954 1895 2180 1952 claram
2223 1895 2302 1953 &⁶
2331 1895 2616 1952 illustrem
2652 1911 2898 1968 magnus
2933 1895 3030 1952 ille

850 1984 1070 2042 Pastor
1128 1985 1189 2040 in
1246 1983 1508 2043 Ecclesia
1550 1984 1937 2061 reformanda
1955 2028 1974 2062 .,
2030 1985 2107 2044 ὁ*
2151 1985 2224 2044 ab
2267 1987 2424 2044 omni
2461 1985 2715 2043 humana
2751 1986 2916 2056 faece

918 2074 1258 2150 purganda.
1355 2075 1462 2132 Vos
1504 2076 1637 2134 boni
1678 2076 1949 2134 consulite
1966 2121 1985 2155 ‚
2029 2074 2264 2152 Deoque
2293 2076 2567 2152 precibus
2609 2076 2818 2135 vestris

1027 2164 1249 2240 obferte
1290 2185 1414 2222 eum
1433 2210 1449 2238 ‚
1496 2169 1596 2242 qui
1636 2169 1884 2225 mittitur
1903 2209 1922 2244 ,
1974 2167 2050 2226 ὁ·
2095 2168 2195 2241 qui
2234 2168 2427 2226 mittit.
2489 2163 2719 2225 'Valete.

1232 2255 1513 2328 Lugduni
1552 2257 1923 2315 Batauorum
1990 2255 2132 2314 Eid.
2181 2255 2484 2315 Decembr.

1494 2347 1619 2408 clo.
1666 2347 1751 2409 10.
1799 2360 1982 2405 κεῖν.
2034 2346 2100 2419 (f.
2151 2349 2240 2420 4.)
