3923 4875
620 316 695 374 74
1556 312 1679 376 ,nn
1738 311 1963 356 vena
2023 309 2564 358 rnnonootA.

618 475 893 538 materiae
932 473 1306 551 superaddita
1319 519 1337 552 ,
1378 475 1434 534 δι
1471 494 1582 553 pro
1627 473 1970 536 conditione
2006 473 2286 536 materiae
2315 492 2454 536 suae
2483 475 2869 538 determinata
2887 475 3214 555 angustius,
3235 477 3516 556 finitaque

614 562 787 618 facta.
848 555 1097 616 Constat
1154 564 1378 632 autem,
1438 573 1560 632 quo
1618 553 1919 634 angustior
1971 555 2028 614 δι
2079 553 2375 633 indignior
2415 554 2657 616 materia
2693 553 2796 614 illa
2833 565 2955 632 est,
2995 574 3070 614 eo
3110 557 3509 634 angustiorem

614 637 770 699 effici
830 637 1084 697 formam
1098 679 1117 712 ‚
1176 651 1329 711 quae
1386 633 1471 695 illi
1522 634 1849 696 accesserit.
1910 635 2065 695 cum
2102 633 2301 712 itaque
2339 635 2668 696 subiectum
2709 634 2882 696 huius
2921 636 3288 714 Theologiae
3327 639 3512 700 homo

615 717 715 797 sit,
760 716 863 794 qui
902 733 975 776 ex
1014 714 1543 792 comprehensione
1584 715 1709 776 eius
1750 715 2095 792 Theologus
2132 715 2490 794 appellatur,
2527 726 2706 792 atque
2746 717 2867 775 hoc
2905 715 3236 776 subiectum
3257 734 3514 779 summo-

614 817 751 876 pere
788 794 1048 856 vanitate
1086 795 1141 852 ὅτ
1184 793 1517 856 infirmitate
1554 795 1923 856 circumfluat
1936 839 1953 872 ,
1994 794 2386 873 Theologiam
2427 797 2586 855 certe
2617 795 2945 856 secundum
2966 793 3111 871 quid
3127 798 3168 855 a
3187 797 3520 876 Theologia

613 879 885 939 absoluta
922 873 1202 952 distingui
1244 875 1677 937 accuratissime
1715 875 1955 936 interest
1994 873 2340 953 plurimum,
2378 886 2506 935 tum
2543 873 2802 935 veritatis
2842 873 3104 952 diuinae,
3139 886 3264 936 tum
3297 877 3518 938 institu-

615 957 791 1020 tionis
831 965 1087 1017 nostrae.
1127 955 1235 1015 Est
1275 955 1433 1015 enim
1470 953 1802 1033 Theologia
1841 956 2140 1032 absoluta,
2181 965 2508 1034 conceptus
2548 953 2788 1032 quidam
2827 970 3008 1032 purus
3043 957 3084 1013 a
3101 957 3234 1016 Deo
3257 958 3516 1018 oblatus:

614 1037 949 1115 Theologia
1006 1037 1150 1096 vere
1210 1036 1537 1097 secundum
1600 1034 1769 1114 quid,
1824 1043 1911 1095 est
1960 1042 2286 1111 conceptus
2325 1035 2402 1094 ab
2442 1034 2684 1094 homine
2723 1033 3148 1114 apprehensus,
3187 1037 3293 1096 sed
3331 1035 3518 1114 impu·

614 1129 774 1179 ratus
834 1113 1181 1177 conditione
1238 1113 1418 1193 illius,
1479 1114 1534 1173 δι
1593 1113 1968 1192 imperfectus
2007 1113 2289 1174 redditus.
2353 1113 2492 1188 Quo
2531 1111 2718 1192 magis
2756 1111 2944 1191 iniqui
2982 1114 3256 1176 videntur
3293 1134 3418 1178 esse
3458 1117 3518 1176 in

613 1194 943 1257 Ecclesiam
1004 1193 1150 1274 Dei,
1198 1193 1535 1272 quicunque
1574 1193 1635 1255 in
1674 1195 1793 1256 hoc
1831 1204 2099 1270 tempore
2138 1212 2263 1253 non
2300 1191 2478 1253 aliam
2514 1204 2812 1254 nonerunt
2849 1193 3240 1272 Theologiam
3255 1241 3274 1274 ,
3315 1199 3517 1273 quam-

612 1295 764 1356 quae
823 1275 1150 1337 secundum
1208 1274 1505 1352 homines,
1566 1275 1621 1332 δι
1683 1276 1759 1334 ab
1815 1271 2155 1334 hominibus
2213 1283 2336 1351 est,
2377 1273 2433 1332 &
2473 1273 2576 1350 qui
2615 1275 2693 1334 ab
2733 1271 3041 1333 hominum
3081 1273 3302 1336 iudicio
3339 1287 3519 1367 atque

612 1355 961 1418 auctoritate
1001 1354 1063 1416 in
1103 1354 1216 1414 hac
1258 1373 1436 1414 causa
1473 1352 1721 1430 perinde
1754 1353 2050 1432 pendent,
2089 1371 2161 1412 ac
2201 1352 2250 1412 si
2289 1369 2472 1431 purus
2510 1352 2608 1412 ille
2651 1363 2976 1430 conceptus
2997 1355 3304 1436 formaque
3321 1355 3518 1416 dimna

610 1434 1010 1514 Theologiae,
1070 1450 1249 1512 quam
1308 1435 1639 1494 absolutam
1688 1434 2053 1514 appellamus
2075 1477 2092 1510 ,
2143 1443 2242 1492 aut
2281 1431 2614 1492 euanuisset
2667 1434 2874 1511 plane,
2921 1443 3023 1492 aut
3060 1431 3122 1492 in
3165 1451 3372 1496 manus
3413 1453 3521 1512 po·

610 1522 999 1592 testatemque
1057 1513 1366 1574 hominum
1415 1511 1689 1590 mancipij
1742 1515 1871 1590 lege
1922 1510 2272 1575 deuenisset.
2333 1514 2440 1574 Est
2498 1511 2659 1573 enim
2697 1513 2796 1574 illa
2846 1513 3068 1593 forma,
3111 1524 3199 1574 est
3239 1513 3339 1576 ille
3381 1534 3520 1574 con·

610 1607 818 1674 ceptus
878 1613 1226 1673 permanens
1243 1637 1262 1670 ,
1334 1611 1457 1653 non
1536 1603 1735 1652 autem
1796 1592 1877 1653 ad
1933 1593 2306 1652 voluntatem
2366 1592 2676 1652 hominum
2737 1592 3066 1670 mutabilis,
3125 1592 3223 1652 cui
3293 1593 3522 1656 omneis

616 1675 891 1737 homines
930 1683 1167 1752 oportet
1218 1673 1463 1733 credere
1476 1717 1497 1752 ,
1534 1691 1659 1732 non
1700 1681 1898 1732 autem
1939 1671 2102 1732 illam
2140 1671 2482 1733 hominibus
2520 1670 2928 1750 ignorantibus
2959 1673 3276 1734 &infirmis
3295 1674 3524 1735 cedere.

612 1755 809 1816 Huius
854 1757 995 1815 vere
1035 1751 1400 1831 Theologiae
1414 1797 1431 1832 ,
1470 1769 1649 1829 quam
1688 1752 2016 1813 secundum
2055 1751 2202 1828 quid
2239 1751 2613 1813 nominamus
2627 1796 2646 1831 ,
2688 1751 3099 1813 determinatio
3115 1798 3132 1830 ,
3161 1757 3252 1828 (vt
3281 1757 3522 1828 vocant)

614 1838 708 1896 vel
770 1831 1237 1910 circumscriptio
1288 1830 1379 1892 his
1427 1830 1624 1893 verbis
1672 1835 1709 1891 a
1765 1831 1941 1893 nobis
1999 1849 2274 1910 expressa
2331 1835 2453 1910 est,
2497 1843 2624 1924 pro
2683 1834 2912 1892 modulo
2959 1852 3158 1892 eorum
3174 1877 3194 1911 ,
3245 1836 3331 1894 ad
3381 1853 3524 1910 quos

600 1915 880 1994 peruenit
930 1913 1379 1973 communicatio.
1468 1911 1635 1974 Alius
1701 1923 1789 1972 est
1848 1909 2044 1972 dantis
2057 1956 2076 1990 ,
2136 1909 2284 1972 alius
2345 1911 2684 1991 accipientis
2745 1913 2992 1973 modus:
3054 1931 3194 1974 nam
3253 1912 3358 1990 qui
3418 1915 3522 1973 dat

615 1997 671 2055 δι
734 1989 1134 2055 subministrat
1184 1991 1609 2074 Theologiam,
1660 1993 1825 2052 Deus
1862 2001 1985 2071 est,
2023 2010 2136 2052 nos
2181 1991 2680 2052 subministratam
2719 1995 2756 2051 a
2793 1993 2928 2052 Deo
2967 1992 3339 2070 percipimus.
3401 1993 3521 2068 Qui

615 2073 749 2152 dat,
792 2070 1217 2150 sapientissime
1254 2072 1481 2132 donum
1522 2089 1695 2134 suum
1708 2117 1727 2152 ,
1764 2071 1829 2132 id
1866 2082 1988 2151 est,
2028 2071 2422 2150 Theologiam
2460 2081 2726 2132 nostram
2765 2073 3096 2133 absolutam
3140 2071 3222 2132 ita
3257 2083 3522 2134 contem-

616 2152 843 2230 perauit
857 2196 876 2231 ,
914 2163 979 2212 vt
1018 2149 1303 2230 quicquid
1340 2171 1583 2215 necesse
1621 2163 1713 2214 est
1746 2151 1807 2212 in
1847 2169 2164 2214 commune
2195 2151 2499 2212 Ecclesiae
2533 2169 2700 2230 suae,
2725 2151 3054 2229 profuderit
3071 2151 3485 2231 gratiosissime
3503 2197 3522 2231 ‚

612 2233 669 2292 &
713 2230 1017 2293 communi
1056 2231 1368 2293 hominum
1408 2232 1774 2311 exposuerit:
1816 2231 1923 2292 sed
1963 2231 2067 2309 qui
2105 2231 2438 2311 accipiunt,
2476 2231 2540 2292 hi
2577 2234 2655 2294 ab
2675 2249 2752 2292 eo
2770 2231 3153 2310 percipiendo
3176 2232 3343 2310 quod
3361 2234 3523 2293 Deus

610 2311 671 2372 in
713 2329 1031 2374 commune
1070 2315 1331 2392 confert,
1368 2313 1583 2375 absunt
1621 2311 1981 2392 longissime.
2017 2313 2177 2372 Nam
2217 2315 2272 2374 δι
2310 2311 2625 2390 vnicuique
2665 2328 2802 2372 suus
2842 2323 2930 2372 est
2969 2313 3245 2373 modulus
3259 2357 3277 2392 ,
3318 2315 3374 2373 δι
3413 2311 3524 2373 toti

611 2392 916 2456 Ecclesiae
974 2392 1036 2453 in
1094 2410 1447 2485 vnaquaque
1504 2403 1696 2453 aetate
1752 2410 1921 2471 suus,
1981 2394 2037 2453 &
2095 2411 2206 2471 pro
2267 2391 2630 2473 ignorantia,
2690 2391 3027 2453 infirmitate
3041 2437 3060 2472 ,
3111 2411 3184 2453 ac
3235 2392 3520 2453 tenuitate

609 2472 909 2553 omnium,
967 2472 1526 2551 imperfectiss1mus.
1586 2473 1963 2550 Quapropter
2013 2470 2254 2551 insignis
2292 2483 2412 2551 est,
2451 2476 2507 2533 δι
2546 2472 2916 2533 intoleranda
2954 2490 3163 2534 eorum
3204 2472 3518 2534 hominum

608 2554 667 2613 in
704 2555 903 2615 Deum
943 2554 1329 2633 contumelia,
1370 2556 1426 2615 &
1464 2552 1672 2613 iniuria
1709 2552 1771 2613 in
1810 2551 2139 2614 Ecclesiam
2181 2552 2306 2613 eius
2347 2552 2635 2629 atrocior,
2677 2553 2777 2629 qui
2816 2552 2876 2612 in
2893 2553 3068 2613 'vasis
3109 2564 3232 2613 tam
3275 2552 3520 2613 infirmis

608 2636 664 2694 δι
722 2634 934 2711 ineptis
995 2632 1423 2711 plenitudinem
1480 2630 1841 2694 incredibilis
1902 2632 2064 2695 istius
2121 2631 2404 2709 thesauri,
2459 2631 2520 2691 in
2572 2633 2686 2692 hac
2741 2630 2950 2691 misera
2989 2635 3045 2692 δι
3090 2633 3326 2693 mortali
3367 2632 3520 2711 vita,

606 2714 866 2775 residere
924 2732 1100 2791 posse
1156 2712 1533 2774 arbitrantur.
1594 2715 1795 2790 Atque
1848 2714 1998 2774 haec
2047 2711 2109 2771 in
2146 2730 2360 2790 genere
2400 2712 2478 2772 de
2515 2710 2848 2789 Theologia
2887 2712 3314 2789 supernaturali
3359 2711 3523 2774 satis.

606 2796 782 2855 Nunc
821 2794 899 2854 ad
937 2792 1345 2855 definitionem
1386 2796 1442 2855 δι
1482 2792 1841 2871 singularem
1879 2790 2315 2871 expositionem
2351 2790 2511 2871 eius,
2551 2794 2684 2853 Deo
2725 2801 2997 2870 auctore,
3037 2802 3428 2854 transeamus.

1768 3160 1821 3220 C
1842 3162 1901 3219 A
1920 3160 1969 3219 P
1987 3160 2046 3219 V
2065 3160 2121 3219 T
2179 3160 2238 3219 X
2257 3159 2288 3218 1
2307 3158 2356 3217 1.

1254 3324 1423 3401 Quid
1459 3328 1540 3387 sit
1588 3326 1649 3385 T
1642 3328 1906 3401 heologia
1948 3328 2204 3387 absolute
2248 3327 2423 3387 dicta.
2484 3328 2650 3390 Thes.
2698 3344 2858 3389 xxm.

686 3507 1056 3566 THEOLOGIA
1106 3514 1312 3567 nostra
1326 3550 1345 3585 ,
1384 3508 1641 3567 absolute
1679 3508 1831 3569 dicta
1849 3554 1866 3588 ,
1904 3520 1991 3569 est
2027 3510 2330 3589 Sapientia
2368 3529 2571 3569 rerum
2611 3510 2950 3568 diuinarum
2967 3554 2984 3586 ,
3027 3510 3333 3569 secundam
3379 3507 3525 3568 veri-

605 3593 778 3645 tatem
834 3586 1093 3645 diuinam
1145 3588 1185 3643 ὰ
1226 3586 1361 3646 Deo
1401 3589 1725 3666 inspirata,
1766 3588 1843 3647 &⁴
1868 3598 1991 3667 per
2031 3591 2450 3650 enuntiatiuum
2489 3608 2810 3649 sermonem
2847 3590 2910 3647 in
2954 3590 3186 3651 Christo
3226 3589 3528 3647 commissa

604 3667 794 3725 seruis
832 3667 983 3743 eius,
1025 3673 1197 3741 atque
1232 3667 1295 3725 in
1346 3666 1701 3726 Testamenta
1741 3675 1928 3727 vetere
1968 3671 2045 3729 ἂν
2085 3688 2236 3728 nouo
2265 3678 2386 3747 per
2425 3670 2784 3748 Prophetas,
2825 3670 3168 3747 Apostolos,
3211 3670 3287 3727 ὃν
3323 3668 3528 3725 Euan-

600 3746 844 3820 gelistas
904 3747 1247 3820 consignata
1262 3789 1279 3822 ,
1338 3754 1615 3821 quantum
1676 3748 1797 3805 eius
1861 3748 1956 3807 hic
2008 3752 2166 3809 nobis
2207 3750 2440 3827 expedit
2478 3749 2742 3807 reuelari
2775 3751 2864 3807 ad
2887 3750 3148 3823 gloriam
3190 3749 3409 3837 ipsius,
3451 3746 3528 3805 &⁴

602 3826 903 3884 electorum
954 3826 1181 3885 bonum.
1244 3824 1371 3885 Etsi
1418 3823 1617 3901 aliqua
1664 3836 1898 3887 nostrae
1952 3827 2320 3905 Theologiae
2374 3829 2645 3888 absolute
2689 3826 2883 3888 dictae
2925 3847 2998 3887 ex
3037 3826 3526 3887 antecedentibus

603 3902 869 3963 definitio
933 3904 1137 3965 haberi
1197 3902 1419 3982 potuit,
1478 3913 1677 3965 tamen
1719 3904 1913 3967 visum
1954 3918 2046 3968 est
2082 3908 2202 3967 hoc
2241 3908 2377 3967 loco
2419 3906 2816 3968 necessarium
2854 3909 3036 3984 paulo
3074 3905 3426 3985 ampliorem
3469 3907 3526 3963 δι

602 3984 1032 4044 accuratiorem
1089 3982 1359 4045 adhiberi
1375 4030 1393 4061 ,
1456 3994 1518 4044 vt
1575 3984 1652 4046 de
1712 3984 1954 4064 singulis
2006 3988 2182 4048 rebus
2222 3986 2300 4046 ad
2338 3986 2654 4048 essentiam
2693 3986 2818 4047 eius
2832 4030 2851 4063 ,
2889 3994 3214 4063 veramque
3251 3995 3524 4045 naturam

599 4060 1029 4138 pertinentibus
1069 4062 1447 4125 commodior
1485 4074 1674 4125 exstet
1716 4064 1953 4126 dicendi
1993 4068 2181 4127 locuS.
2239 4068 2398 4126 Nam
2439 4067 2946 4143 quemadmodum
2983 4066 3136 4126 iusta
3174 4063 3522 4127 definitione

600 4140 912 4201 essentiam
964 4141 1082 4221 rei,
1124 4160 1276 4221 quae
1315 4142 1539 4222 agitur,
1583 4160 1733 4223 opus
1776 4156 1864 4206 est
1908 4146 2232 4207 contineri:
2278 4146 2356 4205 ita
2397 4146 2576 4206 etiam
2617 4149 2654 4205 a
2691 4145 3034 4207 definitione
3073 4146 3253 4223 iusta,
3295 4144 3524 4221 singula

602 4219 769 4295 quasi
808 4220 877 4297 (f.
927 4224 1122 4297 1400.)
1162 4222 1387 4283 semina
1426 4224 1700 4285 definitae
1740 4224 1825 4285 rei
1864 4228 2118 4303 petenda
2156 4236 2325 4304 sunt,
2357 4244 2431 4285 ex
2462 4225 2678 4302 quibus
2699 4224 2994 4305 sigillatim
3015 4227 3134 4287 loci
3153 4223 3522 4287 definitiones

601 4298 985 4377 explicentur.
1026 4303 1364 4378 Antequam
1403 4306 1547 4363 vero
1588 4305 1666 4364 de
1706 4304 1971 4381 partibus
2013 4306 2184 4367 huius
2224 4304 2583 4366 definitionis
2628 4304 2827 4365 dicere
2867 4304 3256 4384 instituimuS,
3299 4300 3522 4363 ordinis

3345 4396 3523 4440 causa
