3923 4875
664 335 739 398 50
1626 335 1733 380 Dc
1788 333 2016 380 vulta
2077 333 2616 380 ‘rutenorum

658 503 837 574 prout
886 493 947 556 in
984 492 1203 558 scholis
1238 493 1565 574 appellauit
1598 495 1801 574 vulgo.
1858 495 2421 574 AEquiuooetionem
2459 513 2670 574 puram
2707 493 3086 556 nominamus
3123 513 3287 575 eam,
3325 493 3390 556 in
3427 513 3548 574 qua

659 591 861 636 aarum
899 591 1128 655 rerum,
1166 591 1320 654 quae
1358 573 1632 636 dicuntur
1668 575 2022 656 aequiuoce,
2061 577 2212 637 ratio
2249 578 2424 655 plane
2467 581 2524 636 δι
2559 574 2820 636 totaliter
2857 575 3094 636 diuersa
3131 586 3250 636 est:
3279 575 3548 638 sicenim

658 654 832 716 liceat
890 653 1090 716 dicere
1144 655 1630 716 scholasticorum
1683 656 1889 717 modo.
1956 656 2350 736 Analogicam
2401 661 2546 718 vero
2565 701 2584 736 ,
2621 653 2684 715 in
2723 673 2842 732 qua
2879 673 3084 716 earum
3125 672 3352 734 rerum,
3391 673 3546 733 quae

658 733 932 796 dicuntur
968 733 1323 812 aequiuoce,
1359 734 1511 796 ratio
1562 753 1637 797 ex
1674 745 1841 814 parte
1876 737 1976 796 vel
2011 737 2340 798 secundum
2379 736 2525 814 quid
2559 736 2799 826 eadem,
2837 747 3018 812 atque
3053 753 3128 794 ex
3165 745 3332 812 parte
3371 735 3546 796 simul

656 813 891 876 diuersa
926 824 1043 876 est:
1098 813 1429 876 cuiusmodi
1464 815 1877 893 aequiuocatio
1914 815 1978 876 in
2015 817 2400 878 enunciandis
2437 832 2634 877 rerum
2669 815 3004 874 diuinarum
3041 815 3546 892 humanarumque

656 895 992 956 nominibus
1030 895 1347 972 plurimum
1384 895 1537 956 solet
1572 895 1863 957 accidere.

733 975 1071 1036 Secundum
1106 975 1261 1036 hanc
1298 993 1443 1054 ergo
1484 975 1931 1052 homonymiam
2001 992 2182 1053 quam
2219 975 2588 1054 analogicam
2625 974 2904 1054 dicimus,
2941 974 3164 1053 duplex
3181 976 3546 1053 Tbeologiae

656 1053 870 1116 modus
906 1057 945 1114 a
982 1052 1157 1116 nobis
1192 1055 1487 1136 statuitur,
1516 1055 1607 1116 his
1636 1055 1855 1136 verbis3
1886 1020 2064 1114 daec
2087 1065 2198 1116 aut
2223 1068 2310 1116 cst
2333 1058 2656 1136 ἅρχὲτυπος
2689 1057 2964 1114 nimirum
2984 1057 3110 1113 Dei
3121 1057 3303 1133 {psius
3319 1060 3542 1131 sapien-

658 1136 776 1213 tia,
814 1142 923 1194 aut
944 1143 1043 1196 ,est
1076 1135 1347 1214 ἲκτυπος,
1386 1137 1425 1192 ὰ
1464 1135 1598 1194 Deo
1634 1137 1976 1212 informata.
2036 1135 2232 1196 Huius
2269 1135 2574 1196 diuisionis
2609 1133 2952 1212 analogioee
2979 1135 3238 1212 primum
3257 1134 3546 1194 sententia

652 1213 827 1274 nobis
868 1215 1223 1293 exponenda
1259 1223 1381 1293 est,
1420 1213 1638 1275 deinde
1674 1219 1817 1276 vero
1857 1216 2240 1276 monstranda
2277 1215 2458 1294 ipsius
2493 1214 2832 1275 necessitas.
2895 1213 3197 1275 Sententia
3236 1215 3382 1275 haec
3421 1225 3512 1274 est
3525 1234 3544 1272 ι

650 1295 1070 1374 Theologiam,
1110 1309 1263 1370 quae
1300 1292 1517 1354 dicitur
1544 1313 1818 1355 sermone
1838 1303 2070 1373 nostro,
2091 1315 2270 1356 vnam
2289 1315 2416 1357 esse
2439 1295 2698 1371 οὐσιώδη
2719 1295 2814 1352 καὶ
2833 1295 3108 1372 dnus-or,
3131 1292 3197 1352 id
3215 1304 3330 1372 est,
3348 1311 3544 1354 essen·

650 1373 847 1434 tialem
886 1385 1063 1452 atque
1100 1373 1421 1436 increatam
1436 1419 1455 1451 ,
1494 1391 1675 1452 quam
1712 1392 1826 1434 nos
1862 1373 2120 1434 docendi
2137 1391 2314 1436 causa
2333 1376 2614 1452 deinceps
2633 1377 2752 1434 hoc
2773 1375 2972 1434 libello
2993 1385 3199 1434 nostro
3220 1375 3544 1452 ἀρχέτυπον

646 1452 770 1514 siue
808 1455 1180 1534 πρωτόιυπον
1218 1450 1431 1514 dicturi
1468 1469 1701 1514 sumus:
1752 1455 2020 1514 Alteram
2058 1457 2232 1536 vero,
2271 1459 2709 1534 συμβεβηκῦιαν
2752 1456 2848 1514 καὶ
2889 1456 3096 1526 stag-iv
3136 1453 3200 1512 id
3233 1465 3353 1530 est,
3389 1455 3542 1511 acci-

646 1533 971 1594 dentanam
1009 1535 1065 1593 &
1104 1542 1392 1612 creatam,
1432 1533 1556 1594 siue
1594 1532 1954 1594 habitualem
1968 1577 1986 1613 ,
2027 1551 2206 1611 quam
2245 1537 2491 1597 ἔκτυπον
2527 1534 2706 1594 etiam
2743 1537 3062 1594 commode
3104 1531 3320 1592 dixeris
3333 1575 3352 1608 ,
3383 1533 3546 1590 velut

642 1629 977 1692 expressam
1014 1613 1335 1688 quamdam
1374 1631 1447 1672 ac
1484 1612 1680 1692 potius
1716 1613 2128 1674 adumbratam
2147 1616 2410 1676 formalis
2429 1611 2582 1673 illius
2601 1612 3000 1691 Theologicae
3018 1611 3254 1671 diuinae
3274 1614 3329 1670 &
3349 1629 3539 1670 essen·

644 1691 793 1754 tialis
832 1689 1169 1768 imaginem.
1209 1693 1302 1752 Ac
1340 1691 1483 1752 mihi
1525 1691 1769 1770 quidem
1807 1692 2041 1754 videtur
2071 1694 2395 1774 ἄρχίτυπος
2421 1693 2522 1753 illa
2553 1693 2887 1771 Theologia
2903 1693 2982 1752 ab
3001 1689 3349 1750 orthodoxis
3368 1691 3545 1750 Patri-

644 1773 758 1833 bus
800 1769 1147 1848 exemplaris
1186 1770 1331 1832 olim
1367 1774 1692 1854 appellata3
1730 1773 1810 1833 ad
1844 1772 2016 1838 ‚cuius
2055 1777 2356 1852 exemplar
2394 1773 2659 1834 diuinum
2691 1776 2747 1834 δι
2779 1769 3144 1833 immutabile
3159 1816 3178 1849 ,
3195 1773 3378 1830 altera
3395 1771 3544 1830 haec

646 1853 1014 1912 conformata
1070 1860 1159 1910 est
1216 1853 1253 1910 a
1310 1853 1445 1912 Deo
1509 1871 1620 1931 pro
1681 1861 2079 1914 creaturarum
2127 1864 2336 1932 captu:
2379 1852 2732 1914 recentiores
2769 1870 2912 1914 vero
2951 1851 3114 1911 illam
3152 1848 3542 1927 Theologiam

645 1931 969 1994 secundum
1010 1947 1105 2007 se,
1145 1929 1299 1990 hanc
1337 1931 1730 2012 Theologiam
1760 1933 2090 1994 secundum
2119 1933 2266 2010 quid
2295 1934 2684 2012 appellarunt.
2719 1933 2828 1993 Est
2844 1941 3044 1992 autem
3061 1929 3162 1990 illa
3179 1928 3542 2008 Theologia,

646 2011 855 2070 eadem
896 2009 1021 2088 ipsa
1060 2009 1284 2072 infinita
1322 2011 1641 2093 Sapientia,
1675 2029 1855 2091 quam
1886 2015 2050 2074 Deus
2082 2013 2162 2074 de
2179 2014 2374 2092 seipso
2393 2014 2575 2074 habet
2591 2014 2883 2090 rebusque
2903 2010 3206 2086 omnibus,
3227 2019 3290 2070 vt
3309 2017 3444 2068 sunt
3459 2011 3546 2069 ad‘

644 2089 838 2168 ipsum
877 2088 1239 2170 necessario,
1278 2091 1538 2172 proprie,
1579 2095 1636 2153 δι
1674 2112 1781 2170 per
1816 2111 1881 2153 se
1917 2091 2201 2154 relatIone
2229 2102 2512 2172 perpetua
2543 2093 2876 2171 ordinatae,
2897 2091 3227 2151 secundum
3247 2089 3536 2149 rationem

646 2168 931 2230 infinitam
968 2167 1172 2248 ipsius:
1215 2171 1385 2232 Haec
1418 2177 1559 2234 vero
1580 2171 1945 2252 Theologia,
1975 2171 2077 2232 ina
2094 2182 2182 2234 est
2199 2171 2513 2252 sapientia,
2533 2189 2712 2251 quam
2733 2173 3050 2234 Creaturae
3070 2168 3147 2230 de
3165 2171 3299 2230 Deo
3319 2169 3540 2228 habent

646 2267 754 2327 pro
793 2247 979 2310 modo
1016 2247 1271 2328 ipsarum
1284 2297 1304 2330 ,
1342 2250 1537 2330 deque
1574 2254 1751 2314 rebus
1786 2253 1867 2312 ad
1904 2253 2102 2314 Deum
2139 2253 2424 2314 ordinatis
2438 2297 2457 2332 ,
2495 2272 2602 2330 per
2640 2249 3244 2315 communicationem
3281 2248 3481 2326 ipsius.

723 2331 921 2408 Atque
958 2329 1107 2390 haec
1147 2329 1387 2409 quidem
1426 2351 1643 2411 genera
1680 2333 1803 2394 duo
1842 2331 2213 2411 Theologiae
2249 2333 2331 2395 ita
2366 2333 2662 2410 disparata
2691 2343 2858 2412 sunt,
2889 2341 2956 2392 vt
2986 2330 3067 2408 ad
3085 2348 3271 2389 vnum
3288 2328 3532 2404 aliquod

642 2417 869 2471 certum
915 2419 1093 2489 caput
1138 2409 1195 2471 81
1233 2429 1418 2492 genus
1459 2427 1777 2475 commune
1816 2430 1889 2473 ex
1930 2413 2195 2475 Veritate
2232 2413 2436 2476 referri
2471 2431 2597 2475 non
2634 2411 2880 2491 possint.
2933 2413 3046 2471 Illa
3083 2427 3298 2488 nempe
3337 2409 3534 2469 Theo·

638 2489 797 2569 logia
810 2534 829 2569 ,
866 2506 1045 2569 quam
1083 2490 1341 2554 diuinam
1382 2496 1437 2555 &
1474 2494 1843 2573 πρωτότυπον
1878 2494 2244 2571 appellamus
2312 2513 2424 2555 nec
2459 2494 2689 2573 generis
2721 2492 2892 2554 huius
2913 2501 3032 2571 est,
3049 2510 3164 2551 nec
3183 2507 3323 2551 vero
3343 2486 3536 2549 vlliuS.

642 2570 781 2631 Non
820 2588 947 2631 esse
985 2571 1318 2633 communis
1362 2572 1593 2651 generis
1630 2588 1769 2633 cum
1805 2574 1919 2633 hac
1958 2582 2157 2635 creata
2195 2540 2527 2651 Theologia
2563 2584 2772 2635 natura
2808 2574 2988 2635 docet
3025 2570 3226 2649 huius,
3269 2572 3324 2629 &
3364 2568 3537 2628 illius.

638 2650 747 2709 Illa
802 2648 961 2711 enim
1001 2650 1333 2731 Theologia
1380 2652 1703 2732 ἅρχὲτυπος
1741 2651 2061 2715 essentialis
2100 2664 2188 2715 est
2237 2664 2480 2715 naturae
2527 2653 2673 2729 Dei,
2715 2656 2770 2714 &
2807 2672 2944 2732 pars
2983 2653 3074 2730 (vt
3125 2650 3208 2709 ita
3245 2648 3536 2722 dicamus)

641 2728 918 2791 scientiae
976 2729 1127 2791 illius
1184 2730 1443 2793 infinitae
1456 2776 1475 2812 ,
1520 2748 1673 2809 quae
1710 2730 1772 2793 in
1812 2734 1949 2794 Deo
1989 2734 2309 2795 essentialis
2349 2744 2462 2796 est:
2505 2732 2789 2824 quicquid
2829 2742 3030 2793 autem
3069 2728 3374 2790 essentiale
3413 2737 3535 2805 est,

640 2808 705 2870 id
762 2808 999 2889 proprie
1046 2810 1345 2903 contribui
1395 2810 1592 2873 eidem
1631 2812 1833 2889 generi
1872 2822 2116 2906 ,cons-tat
2153 2830 2291 2876 cum
2330 2824 2581 2913 essenna
2618 2812 2746 2892 ipsa
2781 2811 2946 2873 cuius
2985 2810 3049 2871 id
3081 2807 3384 2900 essentiale
3415 2818 3536 2883 est,

636 2898 703 3051 ἶῖ.
738 2888 3538 3057 3325?sttufum?{511353255‘322‘333122‘35§saesszssffzssffiziffffss

636 3050 847 3111 larunt.
908 3051 1081 3112 Haec
1144 3055 1286 3113 vero
1346 3050 1677 3129 Theologia
1730 3070 1853 3113 non
1910 3064 2002 3113 est
2058 3051 2376 3113 essentialis
2429 3068 2638 3113 eorum
2689 3053 2769 3112 ad
2808 3068 2960 3130 quos
2995 3048 3279 3129 pertinet3
3319 3046 3425 3106 sed
3463 3046 3535 3107 iis

634 3127 851 3189 accidit
904 3138 1187 3208 tanquam
1240 3130 1497 3207 habitin,
1541 3130 1852 3192 essentiam
1893 3148 2102 3193 eorum
2143 3130 2310 3210 quasi
2349 3129 2857 3194 circumvestiens:
2901 3150 2973 3191 ac
3010 3128 3265 3209 proinde
3310 3128 3390 3187 ab
3439 3124 3539 3216 illa

630 3216 859 3269 tantum
902 3210 1068 3271 abest
1106 3213 1193 3287 (vt
1230 3226 1367 3273 cum
1405 3212 1585 3290 vulgo
1626 3208 1845 3287 dicam)
1888 3212 2028 3271 ὅσον
2062 3211 2301 3290 οὐρανὸς
2340 3210 2430 3279 ὅς’
2469 3211 2583 3271 ἀπὸ
2627 3214 2814 3292 ranis.
2853 3212 2992 3271 Non
3032 3228 3160 3270 esse
3177 3205 3341 3267 illam
3361 3205 3532 3265 vlltus

628 3286 861 3377 generis
908 3289 1099 3367 (quod
1150 3290 1413 3351 secundo
1464 3292 1602 3351 loco
1658 3288 2028 3365 dicebamus)
2087 3292 2314 3351 Natura
2365 3292 2492 3367 ipsa
2539 3294 2596 3351 &
2634 3294 2785 3351 ratio
2828 3293 3239 3351 demonstrant
3277 3287 3536 3346 luculen-

627 3366 866 3429 tissime.
924 3367 1160 3429 Etenim
1208 3369 1259 3430 si
1298 3368 1621 3432 essentialis
1668 3380 1787 3449 est,
1826 3379 1892 3430 vt
1928 3379 2047 3448 est,
2086 3386 2282 3447 eoque
2321 3370 2580 3431 Naturae
2619 3368 2734 3430 Dei
2777 3370 3083 3452 ὁμογενής,
3127 3368 3334 3428 eadem
3371 3366 3534 3454 certe

628 3443 780 3508 illius
820 3446 971 3509 ratio
1008 3466 1080 3509 ac
1120 3448 1376 3511 Diuinae
1416 3447 1699 3511 essentiae
1736 3450 1931 3510 sutum
1969 3458 2076 3509 est.
2128 3449 2282 3511 Cum
2321 3459 2517 3510 autem
2555 3449 2658 3509 illa
2694 3448 2912 3509 Diuina
2951 3451 3077 3509 siue
3109 3445 3388 3523 essentia,
3409 3461 3534 3503 siue

630 3526 855 3587 Natura
892 3530 1029 3589 vere
1069 3524 1141 3589 sit
1180 3528 1554 3609 ὕπερούσιος,
1592 3528 1877 3621 nulloque
1916 3527 2220 3589 communi
2258 3546 2396 3589 cum
2435 3548 2500 3589 re
2539 3530 2657 3591 vlla
2693 3546 2908 3607 genere
2940 3526 3180 3607 proprie
3198 3534 3300 3587 aut
3317 3525 3528 3601 impro—

634 3604 761 3685 prie
774 3651 793 3686 ,
856 3606 1195 3686 simpliciter
1253 3619 1357 3667 aut
1410 3626 1517 3687 per
1560 3607 1969 3669 reductionem
2015 3608 2431 3689 concludatur,
2483 3608 2708 3688 optime
2745 3611 2906 3669 certe
2943 3610 3100 3668 hanc
3135 3604 3530 3682 Theologiam

635 3686 983 3765 ὕποροῦσιον
1040 3705 1167 3748 esse
1218 3687 1644 3765 praedicamus.
1700 3688 1875 3748 Haec
1932 3690 2077 3747 vero
2115 3698 2314 3749 creata
2363 3698 2566 3749 nostra
2617 3686 2948 3766 Theologia
2997 3690 3054 3747 &
3097 3687 3531 3747 communicata

631 3764 784 3827 illius
823 3766 1101 3847 ἀποῦῥοή,
1141 3784 1277 3827 cum
1318 3764 1460 3827 nihil
1499 3767 1573 3830 sit
1608 3764 1769 3827 aliud
1807 3768 1988 3844 quam
2031 3766 2294 3846 sigillatis
2333 3766 2532 3847 imago
2572 3768 2865 3847 quaedam
2902 3766 3188 3845 impressa
3227 3767 3306 3826 ab
3339 3780 3529 3823 essen·

634 3844 757 3905 tiali
804 3843 936 3917 illa·,
986 3865 1110 3907 non
1157 3856 1246 3907 est
1292 3848 1567 3925 profecto
1606 3846 1909 3908 communi
1948 3862 2088 3907 cum
2127 3846 2226 3907 illa
2264 3866 2482 3927 genere
2497 3892 2516 3927 ,
2567 3866 2680 3909 nec
2721 3866 2794 3909 eo
2840 3846 3122 3907 concludi
3160 3853 3388 3925 potest3
3427 3842 3534 3902 sed

632 3924 891 4003 aliquam
950 3927 1142 3987 solum
1200 3926 1379 3987 habet
1434 3928 1513 3989 ab
1571 3926 1671 3989 illa
1732 3927 1789 3988 81
1843 3944 1982 3987 cum
2033 3925 2134 3987 illa
2185 3926 2549 4005 analogiam:
2588 3926 3094 4007 quemadmodum
3133 3926 3336 4005 imago
3375 3922 3534 4011 picta

630 4003 886 4065 hominis
926 4022 1049 4065 non
1089 4014 1177 4067 est
1216 4003 1443 4067 homini
1484 4006 1781 4087 ὁμογενῆσ,
1821 4005 1926 4067 sed
1967 4004 2195 4067 ratione
2227 4017 2456 4069 tantum
2476 4005 2786 4085 analogica
2805 4004 3262 4084 appellationem
3281 4000 3534 4065 hominis

630 4081 859 4145 obtinet
900 4084 1244 4162 aequiuoce.
1303 4086 1681 4165 Quapropter
1717 4095 1879 4147 recte
1919 4087 2242 4163 Apostolus
2281 4088 2436 4148 hanc
2475 4106 2612 4148 cum
2651 4088 2750 4147 illa
2795 4103 3148 4163 comparans
3197 4104 3251 4145 1.
3293 4086 3433 4144 Cor.
3473 4099 3533 4156 3.

628 4164 836 4224 Nullus
873 4162 1125 4241 seipsum
1164 4164 1407 4226 seducat
1420 4208 1439 4244 ,
1470 4164 1689 4244 inquit:
1730 4164 1781 4224 si
1831 4164 1964 4243 quis
1999 4164 2110 4226 sibi
2149 4165 2382 4227 videtur
2420 4185 2548 4229 esse
2589 4165 2820 4245 sapiens
2839 4166 2902 4225 in
2918 4167 3040 4225 hoc
3062 4166 3269 4225 seculo
3289 4210 3306 4243 ,
3327 4162 3534 4250 stultus

628 4244 730 4303 fiat
768 4254 831 4303 vt
868 4244 969 4303 fiat
1007 4243 1255 4321 sapieuS.
1314 4244 1611 4322 Sapientia
1650 4243 1809 4305 enim
1848 4243 2053 4304 mundi
2093 4246 2265 4306 huius
2279 4292 2298 4323 ,
2337 4248 2576 4308 stultitia
2617 4256 2705 4308 est
2739 4245 2902 4323 apud
2937 4245 3166 4304 Deum:
3188 4262 3332 4305 nam
3351 4258 3532 4316 scrip-

633 4332 760 4383 tum
800 4332 917 4401 est,
960 4322 1163 4401 Carpit
1199 4324 1491 4401 sapientes
1528 4324 1591 4385 in
1626 4324 1883 4385 versutia
1920 4324 2209 4401 ipsorum:
2246 4329 2302 4387 δι
2341 4343 2600 4401 rursum,
2637 4326 2930 4386 Dominus
2949 4324 3117 4385 nouit
3141 4321 3530 4458 cogitatitzples

3204 4419 3406 4482 sapien
3473 4417 3532 4455 m
