<?xml version="1.0" encoding="UTF-8"?>
<!DOCTYPE html PUBLIC "-//W3C//DTD XHTML 1.0 Transitional//EN"
    "http://www.w3.org/TR/xhtml1/DTD/xhtml1-transitional.dtd">
<html xmlns="http://www.w3.org/1999/xhtml" xml:lang="en" lang="en">
 <head>
  <title>
</title>
<meta http-equiv="Content-Type" content="text/html;charset=utf-8" />
  <meta name='ocr-system' content='tesseract 3.04.00' />
  <meta name='ocr-capabilities' content='ocr_page ocr_carea ocr_par ocr_line ocrx_word'/>
</head>
<body>
  <div class='ocr_page' id='page_1' title='image "./dfranciscijunii00junigoog_0444.png"; bbox 0 0 3923 4875; ppageno 0'>
   <div class='ocr_carea' id='block_1_1' title="bbox 598 0 2441 58">
    <p class='ocr_par' dir='ltr' id='par_1_1' title="bbox 598 0 2441 58">
     <span class='ocr_line' id='line_1_1' title="bbox 598 0 2441 58; baseline 0.002 -14"><span class='ocrx_word' id='word_1_1' title='bbox 598 0 715 58; x_wconf 72' lang='lat'><strong>410</strong></span> <span class='ocrx_word' id='word_1_2' title='bbox 1658 0 2066 46; x_wconf 66' lang='lat' dir='ltr'><strong>ainzu-lc!</strong></span> <span class='ocrx_word' id='word_1_3' title='bbox 2127 0 2350 45; x_wconf 72' lang='lat' dir='ltr'><strong>PARS.</strong></span> <span class='ocrx_word' id='word_1_4' title='bbox 2396 0 2441 48; x_wconf 77' lang='lat'><strong>1·</strong></span> 
     </span>
    </p>
   </div>
   <div class='ocr_carea' id='block_1_2' title="bbox 582 157 3512 4079">
    <p class='ocr_par' dir='ltr' id='par_1_2' title="bbox 586 157 3512 1357">
     <span class='ocr_line' id='line_1_2' title="bbox 590 157 3512 240; baseline 0.002 -21"><span class='ocrx_word' id='word_1_5' title='bbox 590 162 649 219; x_wconf 66' lang='grc' dir='ltr'>ἃ</span> <span class='ocrx_word' id='word_1_6' title='bbox 688 160 749 220; x_wconf 90' lang='lat' dir='ltr'><strong>in</strong></span> <span class='ocrx_word' id='word_1_7' title='bbox 788 159 1025 222; x_wconf 87' lang='lat' dir='ltr'><strong>Christo</strong></span> <span class='ocrx_word' id='word_1_8' title='bbox 1066 157 1265 220; x_wconf 84' lang='lat' dir='ltr'><strong>omnia</strong></span> <span class='ocrx_word' id='word_1_9' title='bbox 1304 161 1573 221; x_wconf 85' lang='lat' dir='ltr'><strong>membra</strong></span> <span class='ocrx_word' id='word_1_10' title='bbox 1610 161 1879 239; x_wconf 88' lang='lat' dir='ltr'><strong>corporis</strong></span> <span class='ocrx_word' id='word_1_11' title='bbox 1918 161 2068 222; x_wconf 85' lang='lat' dir='ltr'><strong>illius</strong></span> <span class='ocrx_word' id='word_1_12' title='bbox 2107 161 2168 222; x_wconf 85' lang='lat' dir='ltr'><strong>in</strong></span> <span class='ocrx_word' id='word_1_13' title='bbox 2207 161 2448 224; x_wconf 84' lang='lat' dir='ltr'><strong>veritate</strong></span> <span class='ocrx_word' id='word_1_14' title='bbox 2465 208 2482 240; x_wconf 83' lang='lat'><strong>,</strong></span> <span class='ocrx_word' id='word_1_15' title='bbox 2501 161 2771 240; x_wconf 70' lang='lat' dir='ltr'><strong>scientia,</strong></span> <span class='ocrx_word' id='word_1_16' title='bbox 2797 165 2850 224; x_wconf 83' lang='lat'>&amp;</span> <span class='ocrx_word' id='word_1_17' title='bbox 2871 163 3156 224; x_wconf 80' lang='lat' dir='ltr'><strong>charitate</strong></span> <span class='ocrx_word' id='word_1_18' title='bbox 3175 163 3512 224; x_wconf 85' lang='lat' dir='ltr'><strong>Christiana</strong></span> 
     </span>
     <span class='ocr_line' id='line_1_3' title="bbox 586 241 3506 322; baseline 0.001 -22"><span class='ocrx_word' id='word_1_19' title='bbox 586 241 1017 317; x_wconf 84' lang='lat' dir='ltr'><strong>amplexaretur</strong></span> <span class='ocrx_word' id='word_1_20' title='bbox 1055 241 1253 301; x_wconf 89' lang='lat' dir='ltr'><strong>studio</strong></span> <span class='ocrx_word' id='word_1_21' title='bbox 1294 243 1351 301; x_wconf 70' lang='grc' dir='ltr'><strong>δι</strong></span> <span class='ocrx_word' id='word_1_22' title='bbox 1390 260 1595 302; x_wconf 88' lang='lat' dir='ltr'><strong>amore</strong></span> <span class='ocrx_word' id='word_1_23' title='bbox 1624 241 2019 319; x_wconf 81' lang='lat' dir='ltr'><strong>insuperabili.</strong></span> <span class='ocrx_word' id='word_1_24' title='bbox 2062 244 2298 302; x_wconf 89' lang='lat' dir='ltr'><strong>Horum</strong></span> <span class='ocrx_word' id='word_1_25' title='bbox 2319 244 2603 320; x_wconf 88' lang='lat' dir='ltr'><strong>exemplis</strong></span> <span class='ocrx_word' id='word_1_26' title='bbox 2623 243 2672 302; x_wconf 87' lang='lat' dir='ltr'><strong>si</strong></span> <span class='ocrx_word' id='word_1_27' title='bbox 2693 261 2804 304; x_wconf 90' lang='lat' dir='ltr'><strong>nos</strong></span> <span class='ocrx_word' id='word_1_28' title='bbox 2821 244 3094 322; x_wconf 70' lang='lat' dir='ltr'><strong>religiose</strong></span> <span class='ocrx_word' id='word_1_29' title='bbox 3135 245 3506 305; x_wconf 85' lang='lat' dir='ltr'><strong>studebimus</strong></span> 
     </span>
     <span class='ocr_line' id='line_1_4' title="bbox 590 320 3508 404; baseline 0.002 -26"><span class='ocrx_word' id='word_1_30' title='bbox 590 321 997 396; x_wconf 87' lang='lat' dir='ltr'><strong>conformare,</strong></span> <span class='ocrx_word' id='word_1_31' title='bbox 1042 325 1097 381; x_wconf 75' lang='grc' dir='ltr'><strong>δι</strong></span> <span class='ocrx_word' id='word_1_32' title='bbox 1140 320 1481 398; x_wconf 81' lang='lat' dir='ltr'><strong>mysterium</strong></span> <span class='ocrx_word' id='word_1_33' title='bbox 1522 321 1751 398; x_wconf 88' lang='lat' dir='ltr'><strong>pietatis</strong></span> <span class='ocrx_word' id='word_1_34' title='bbox 1788 320 1848 382; x_wconf 91' lang='lat' dir='ltr'><strong>in</strong></span> <span class='ocrx_word' id='word_1_35' title='bbox 1890 322 2050 382; x_wconf 81' lang='lat' dir='ltr'><strong>bona</strong></span> <span class='ocrx_word' id='word_1_36' title='bbox 2089 321 2456 382; x_wconf 84' lang='lat' dir='ltr'><strong>conscientia</strong></span> <span class='ocrx_word' id='word_1_37' title='bbox 2493 323 2550 382; x_wconf 69' lang='grc' dir='ltr'><strong>δε</strong></span> <span class='ocrx_word' id='word_1_38' title='bbox 2593 323 2708 382; x_wconf 84' lang='lat' dir='ltr'><strong>fide</strong></span> <span class='ocrx_word' id='word_1_39' title='bbox 2751 323 3114 404; x_wconf 71' lang='grc' dir='ltr'><strong>ἀνυποκρίτῳ</strong></span> <span class='ocrx_word' id='word_1_40' title='bbox 3145 327 3200 384; x_wconf 83' lang='lat'>&amp;</span> <span class='ocrx_word' id='word_1_41' title='bbox 3222 323 3508 384; x_wconf 79' lang='lat' dir='ltr'><strong>charitate</strong></span> 
     </span>
     <span class='ocr_line' id='line_1_5' title="bbox 588 398 3507 478; baseline 0.002 -20"><span class='ocrx_word' id='word_1_42' title='bbox 588 398 994 461; x_wconf 83' lang='lat' dir='ltr'><strong>retinebimus:</strong></span> <span class='ocrx_word' id='word_1_43' title='bbox 1040 419 1161 460; x_wconf 86' lang='lat' dir='ltr'><strong>non</strong></span> <span class='ocrx_word' id='word_1_44' title='bbox 1202 401 1448 462; x_wconf 88' lang='lat' dir='ltr'><strong>dubium</strong></span> <span class='ocrx_word' id='word_1_45' title='bbox 1488 411 1577 462; x_wconf 91' lang='lat' dir='ltr'><strong>est</strong></span> <span class='ocrx_word' id='word_1_46' title='bbox 1614 400 1759 478; x_wconf 88' lang='lat' dir='ltr'><strong>quin</strong></span> <span class='ocrx_word' id='word_1_47' title='bbox 1800 401 2064 462; x_wconf 88' lang='lat' dir='ltr'><strong>eiusdem</strong></span> <span class='ocrx_word' id='word_1_48' title='bbox 2103 401 2338 462; x_wconf 73' lang='lat' dir='ltr'><strong>laetitae</strong></span> <span class='ocrx_word' id='word_1_49' title='bbox 2374 404 2511 462; x_wconf 77' lang='lat' dir='ltr'><strong>cum</strong></span> <span class='ocrx_word' id='word_1_50' title='bbox 2553 401 2614 462; x_wconf 91' lang='lat' dir='ltr'><strong>in</strong></span> <span class='ocrx_word' id='word_1_51' title='bbox 2655 404 2771 463; x_wconf 91' lang='lat' dir='ltr'><strong>hoc</strong></span> <span class='ocrx_word' id='word_1_52' title='bbox 2787 449 2805 474; x_wconf 94' lang='lat'><strong>,</strong></span> <span class='ocrx_word' id='word_1_53' title='bbox 2845 415 2971 462; x_wconf 90' lang='lat' dir='ltr'><strong>tum</strong></span> <span class='ocrx_word' id='word_1_54' title='bbox 2991 403 3052 462; x_wconf 88' lang='lat' dir='ltr'><strong>in</strong></span> <span class='ocrx_word' id='word_1_55' title='bbox 3074 405 3273 464; x_wconf 85' lang='lat' dir='ltr'><strong>futuro</strong></span> <span class='ocrx_word' id='word_1_56' title='bbox 3303 405 3507 465; x_wconf 85' lang='lat' dir='ltr'><strong>seculo</strong></span> 
     </span>
     <span class='ocr_line' id='line_1_6' title="bbox 592 480 3506 561; baseline 0.001 -22"><span class='ocrx_word' id='word_1_57' title='bbox 592 489 897 540; x_wconf 80' lang='lat' dir='ltr'><strong>consortes</strong></span> <span class='ocrx_word' id='word_1_58' title='bbox 938 480 1114 540; x_wconf 83' lang='lat' dir='ltr'><strong>futuri</strong></span> <span class='ocrx_word' id='word_1_59' title='bbox 1152 481 1333 541; x_wconf 89' lang='lat' dir='ltr'><strong>simus</strong></span> <span class='ocrx_word' id='word_1_60' title='bbox 1368 501 1476 559; x_wconf 89' lang='lat' dir='ltr'><strong>per</strong></span> <span class='ocrx_word' id='word_1_61' title='bbox 1514 481 1627 541; x_wconf 86' lang='lat' dir='ltr'><strong>Dei</strong></span> <span class='ocrx_word' id='word_1_62' title='bbox 1670 480 2152 542; x_wconf 87' lang='lat' dir='ltr'><strong>misericordiam.</strong></span> <span class='ocrx_word' id='word_1_63' title='bbox 2197 483 2345 561; x_wconf 89' lang='lat' dir='ltr'><strong>Sed,</strong></span> <span class='ocrx_word' id='word_1_64' title='bbox 2385 483 2563 559; x_wconf 72' lang='lat' dir='ltr'><strong>eheu,</strong></span> <span class='ocrx_word' id='word_1_65' title='bbox 2607 481 2656 542; x_wconf 91' lang='lat' dir='ltr'><strong>si</strong></span> <span class='ocrx_word' id='word_1_66' title='bbox 2695 483 2772 542; x_wconf 85' lang='lat' dir='ltr'><strong>ad</strong></span> <span class='ocrx_word' id='word_1_67' title='bbox 2813 484 2961 542; x_wconf 89' lang='lat' dir='ltr'><strong>haec</strong></span> <span class='ocrx_word' id='word_1_68' title='bbox 2993 493 3266 561; x_wconf 86' lang='lat' dir='ltr'><strong>tempora</strong></span> <span class='ocrx_word' id='word_1_69' title='bbox 3295 487 3506 543; x_wconf 89' lang='lat' dir='ltr'><strong>oculos</strong></span> 
     </span>
     <span class='ocr_line' id='line_1_7' title="bbox 591 560 3508 639; baseline 0.001 -19"><span class='ocrx_word' id='word_1_70' title='bbox 591 561 647 620; x_wconf 79' lang='grc' dir='ltr'><strong>δι</strong></span> <span class='ocrx_word' id='word_1_71' title='bbox 688 560 1077 638; x_wconf 85' lang='lat' dir='ltr'><strong>cogitationes</strong></span> <span class='ocrx_word' id='word_1_72' title='bbox 1120 571 1351 622; x_wconf 86' lang='lat' dir='ltr'><strong>nostras</strong></span> <span class='ocrx_word' id='word_1_73' title='bbox 1383 560 1814 638; x_wconf 86' lang='lat' dir='ltr'><strong>conuertimus,</strong></span> <span class='ocrx_word' id='word_1_74' title='bbox 1854 561 2000 639; x_wconf 91' lang='lat' dir='ltr'><strong>quid</strong></span> <span class='ocrx_word' id='word_1_75' title='bbox 2021 561 2184 622; x_wconf 87' lang='lat' dir='ltr'><strong>aliud</strong></span> <span class='ocrx_word' id='word_1_76' title='bbox 2203 560 2418 622; x_wconf 89' lang='lat' dir='ltr'><strong>dicturi</strong></span> <span class='ocrx_word' id='word_1_77' title='bbox 2443 579 2674 634; x_wconf 84' lang='lat' dir='ltr'><strong>sumus,</strong></span> <span class='ocrx_word' id='word_1_78' title='bbox 2715 564 2894 639; x_wconf 79' lang='lat' dir='ltr'><strong>quam</strong></span> <span class='ocrx_word' id='word_1_79' title='bbox 2917 564 3078 638; x_wconf 85' lang='lat' dir='ltr'><strong>quod</strong></span> <span class='ocrx_word' id='word_1_80' title='bbox 3102 563 3246 622; x_wconf 90' lang='lat' dir='ltr'><strong>olim</strong></span> <span class='ocrx_word' id='word_1_81' title='bbox 3269 565 3508 624; x_wconf 85' lang='lat' dir='ltr'><strong>dicebat</strong></span> 
     </span>
     <span class='ocr_line' id='line_1_8' title="bbox 594 638 3508 720; baseline 0.001 -21"><span class='ocrx_word' id='word_1_82' title='bbox 594 638 896 700; x_wconf 83' lang='lat' dir='ltr'><strong>Christus?</strong></span> <span class='ocrx_word' id='word_1_83' title='bbox 948 642 1077 700; x_wconf 88' lang='lat' dir='ltr'><strong>Vae</strong></span> <span class='ocrx_word' id='word_1_84' title='bbox 1132 641 1357 700; x_wconf 88' lang='lat' dir='ltr'><strong>mundo</strong></span> <span class='ocrx_word' id='word_1_85' title='bbox 1412 652 1654 718; x_wconf 87' lang='lat' dir='ltr'><strong>propter</strong></span> <span class='ocrx_word' id='word_1_86' title='bbox 1702 643 2012 700; x_wconf 84' lang='lat' dir='ltr'><strong>scandala:</strong></span> <span class='ocrx_word' id='word_1_87' title='bbox 2065 661 2174 702; x_wconf 86' lang='lat' dir='ltr'><strong>vae</strong></span> <span class='ocrx_word' id='word_1_88' title='bbox 2227 640 2458 701; x_wconf 88' lang='lat' dir='ltr'><strong>homini</strong></span> <span class='ocrx_word' id='word_1_89' title='bbox 2507 661 2614 720; x_wconf 87' lang='lat' dir='ltr'><strong>per</strong></span> <span class='ocrx_word' id='word_1_90' title='bbox 2663 659 2839 718; x_wconf 88' lang='lat' dir='ltr'><strong>quem</strong></span> <span class='ocrx_word' id='word_1_91' title='bbox 2892 641 3172 702; x_wconf 89' lang='lat' dir='ltr'><strong>eueniunt</strong></span> <span class='ocrx_word' id='word_1_92' title='bbox 3209 645 3508 703; x_wconf 86' lang='lat' dir='ltr'><strong>scandala.</strong></span> 
     </span>
     <span class='ocr_line' id='line_1_9' title="bbox 592 719 3508 800; baseline 0.001 -21"><span class='ocrx_word' id='word_1_93' title='bbox 592 721 741 780; x_wconf 88' lang='lat' dir='ltr'><strong>Mat.</strong></span> <span class='ocrx_word' id='word_1_94' title='bbox 790 723 879 780; x_wconf 88' lang='lat'><strong>18.</strong></span> <span class='ocrx_word' id='word_1_95' title='bbox 924 738 977 794; x_wconf 88' lang='lat'><strong>7.</strong></span> <span class='ocrx_word' id='word_1_96' title='bbox 1039 719 1363 798; x_wconf 90' lang='lat' dir='ltr'><strong>Pr0spiciat</strong></span> <span class='ocrx_word' id='word_1_97' title='bbox 1416 721 1668 798; x_wconf 77' lang='lat' dir='ltr'><strong>gratiose</strong></span> <span class='ocrx_word' id='word_1_98' title='bbox 1717 731 1885 797; x_wconf 88' lang='lat' dir='ltr'><strong>pater</strong></span> <span class='ocrx_word' id='word_1_99' title='bbox 1921 720 2021 781; x_wconf 89' lang='lat' dir='ltr'><strong>ille</strong></span> <span class='ocrx_word' id='word_1_100' title='bbox 2059 720 2534 799; x_wconf 72' lang='lat' dir='ltr'><strong>miserationum,</strong></span> <span class='ocrx_word' id='word_1_101' title='bbox 2585 723 2640 780; x_wconf 74' lang='grc' dir='ltr'><strong>δι</strong></span> <span class='ocrx_word' id='word_1_102' title='bbox 2683 722 2972 782; x_wconf 85' lang='lat' dir='ltr'><strong>mundum</strong></span> <span class='ocrx_word' id='word_1_103' title='bbox 3013 733 3278 782; x_wconf 85' lang='lat' dir='ltr'><strong>ruentem</strong></span> <span class='ocrx_word' id='word_1_104' title='bbox 3323 723 3508 800; x_wconf 84' lang='lat' dir='ltr'><strong>gratia</strong></span> 
     </span>
     <span class='ocr_line' id='line_1_10' title="bbox 590 799 3508 880; baseline 0.001 -21"><span class='ocrx_word' id='word_1_105' title='bbox 590 800 827 860; x_wconf 85' lang='lat' dir='ltr'><strong>salutari</strong></span> <span class='ocrx_word' id='word_1_106' title='bbox 866 803 1138 860; x_wconf 86' lang='lat' dir='ltr'><strong>retrahat.</strong></span> <span class='ocrx_word' id='word_1_107' title='bbox 1182 799 1478 872; x_wconf 78' lang='lat' dir='ltr'><strong>Omnino,</strong></span> <span class='ocrx_word' id='word_1_108' title='bbox 1518 810 1583 860; x_wconf 87' lang='lat' dir='ltr'><strong>vt</strong></span> <span class='ocrx_word' id='word_1_109' title='bbox 1621 819 1714 860; x_wconf 90' lang='lat' dir='ltr'><strong>res</strong></span> <span class='ocrx_word' id='word_1_110' title='bbox 1752 811 1919 872; x_wconf 89' lang='lat' dir='ltr'><strong>sunt,</strong></span> <span class='ocrx_word' id='word_1_111' title='bbox 1965 803 2156 862; x_wconf 86' lang='lat' dir='ltr'><strong>forma</strong></span> <span class='ocrx_word' id='word_1_112' title='bbox 2196 800 2294 860; x_wconf 91' lang='lat' dir='ltr'><strong>illa</strong></span> <span class='ocrx_word' id='word_1_113' title='bbox 2333 801 2784 862; x_wconf 78' lang='lat' dir='ltr'><strong>Christianitatis</strong></span> <span class='ocrx_word' id='word_1_114' title='bbox 2816 801 3076 879; x_wconf 89' lang='lat' dir='ltr'><strong>deperit,</strong></span> <span class='ocrx_word' id='word_1_115' title='bbox 3115 820 3294 878; x_wconf 85' lang='lat' dir='ltr'><strong>quam</strong></span> <span class='ocrx_word' id='word_1_116' title='bbox 3327 803 3508 880; x_wconf 89' lang='lat' dir='ltr'><strong>scrip—</strong></span> 
     </span>
     <span class='ocr_line' id='line_1_11' title="bbox 590 879 3507 960; baseline 0.001 -22"><span class='ocrx_word' id='word_1_117' title='bbox 590 879 733 940; x_wconf 83' lang='lat' dir='ltr'><strong>turis</strong></span> <span class='ocrx_word' id='word_1_118' title='bbox 774 881 1089 956; x_wconf 70' lang='lat' dir='ltr'><strong>expressit,</strong></span> <span class='ocrx_word' id='word_1_119' title='bbox 1130 879 1319 940; x_wconf 87' lang='lat' dir='ltr'><strong>sancti</strong></span> <span class='ocrx_word' id='word_1_120' title='bbox 1356 879 1477 939; x_wconf 70' lang='lat' dir='ltr'><strong>vita</strong></span> <span class='ocrx_word' id='word_1_121' title='bbox 1516 880 1967 956; x_wconf 71' lang='lat' dir='ltr'><strong>adumbrat-unt,</strong></span> <span class='ocrx_word' id='word_1_122' title='bbox 2009 898 2188 956; x_wconf 90' lang='lat' dir='ltr'><strong>quam</strong></span> <span class='ocrx_word' id='word_1_123' title='bbox 2231 880 2486 958; x_wconf 88' lang='lat' dir='ltr'><strong>denique</strong></span> <span class='ocrx_word' id='word_1_124' title='bbox 2525 880 2792 942; x_wconf 85' lang='lat' dir='ltr'><strong>Christus</strong></span> <span class='ocrx_word' id='word_1_125' title='bbox 2834 881 3189 958; x_wconf 84' lang='lat' dir='ltr'><strong>quotidianis</strong></span> <span class='ocrx_word' id='word_1_126' title='bbox 3229 883 3420 960; x_wconf 88' lang='lat' dir='ltr'><strong>signis</strong></span> <span class='ocrx_word' id='word_1_127' title='bbox 3451 885 3507 942; x_wconf 68' lang='grc' dir='ltr'><strong>δε</strong></span> 
     </span>
     <span class='ocr_line' id='line_1_12' title="bbox 589 958 3510 1038; baseline 0.001 -19"><span class='ocrx_word' id='word_1_128' title='bbox 589 959 963 1020; x_wconf 86' lang='lat' dir='ltr'><strong>documentis</strong></span> <span class='ocrx_word' id='word_1_129' title='bbox 1002 971 1273 1020; x_wconf 85' lang='lat' dir='ltr'><strong>testatam</strong></span> <span class='ocrx_word' id='word_1_130' title='bbox 1314 959 1471 1019; x_wconf 88' lang='lat' dir='ltr'><strong>facit.</strong></span> <span class='ocrx_word' id='word_1_131' title='bbox 1516 958 1747 1019; x_wconf 86' lang='lat' dir='ltr'><strong>Veritas</strong></span> <span class='ocrx_word' id='word_1_132' title='bbox 1782 958 1843 1018; x_wconf 90' lang='lat' dir='ltr'><strong>in</strong></span> <span class='ocrx_word' id='word_1_133' title='bbox 1864 960 2164 1036; x_wconf 87' lang='lat' dir='ltr'><strong>profundo</strong></span> <span class='ocrx_word' id='word_1_134' title='bbox 2187 960 2562 1038; x_wconf 77' lang='lat' dir='ltr'><strong>demergitur,</strong></span> <span class='ocrx_word' id='word_1_135' title='bbox 2603 963 2704 1020; x_wconf 86' lang='lat' dir='ltr'><strong>lux</strong></span> <span class='ocrx_word' id='word_1_136' title='bbox 2723 961 3006 1021; x_wconf 88' lang='lat' dir='ltr'><strong>scientiae</strong></span> <span class='ocrx_word' id='word_1_137' title='bbox 3025 961 3510 1038; x_wconf 76' lang='lat' dir='ltr'><strong>cognitionisque</strong></span> 
     </span>
     <span class='ocr_line' id='line_1_13' title="bbox 590 1039 3506 1132; baseline 0.001 -34"><span class='ocrx_word' id='word_1_138' title='bbox 590 1039 859 1100; x_wconf 87' lang='lat' dir='ltr'><strong>salutaris</strong></span> <span class='ocrx_word' id='word_1_139' title='bbox 898 1039 1165 1100; x_wconf 89' lang='lat' dir='ltr'><strong>certatim</strong></span> <span class='ocrx_word' id='word_1_140' title='bbox 1206 1049 1585 1132; x_wconf 83' lang='lat' dir='ltr'><strong>oppugnatur</strong></span> <span class='ocrx_word' id='word_1_141' title='bbox 1623 1049 1803 1115; x_wconf 85' lang='lat' dir='ltr'><strong>atque</strong></span> <span class='ocrx_word' id='word_1_142' title='bbox 1844 1039 2220 1116; x_wconf 80' lang='lat' dir='ltr'><strong>extinguitur,</strong></span> <span class='ocrx_word' id='word_1_143' title='bbox 2262 1039 2531 1100; x_wconf 84' lang='lat' dir='ltr'><strong>Charitas</strong></span> <span class='ocrx_word' id='word_1_144' title='bbox 2564 1043 2748 1101; x_wconf 77' lang='lat' dir='ltr'><strong>ferme</strong></span> <span class='ocrx_word' id='word_1_145' title='bbox 2767 1059 2888 1100; x_wconf 88' lang='lat' dir='ltr'><strong>non</strong></span> <span class='ocrx_word' id='word_1_146' title='bbox 2911 1053 3217 1120; x_wconf 89' lang='lat' dir='ltr'><strong>comparet</strong></span> <span class='ocrx_word' id='word_1_147' title='bbox 3236 1059 3506 1118; x_wconf 82' lang='lat' dir='ltr'><strong>vsquam.</strong></span> 
     </span>
     <span class='ocr_line' id='line_1_14' title="bbox 592 1118 3507 1213; baseline 0.001 -36"><span class='ocrx_word' id='word_1_148' title='bbox 592 1119 671 1178; x_wconf 91' lang='lat' dir='ltr'><strong>Et</strong></span> <span class='ocrx_word' id='word_1_149' title='bbox 722 1118 853 1197; x_wconf 87' lang='lat' dir='ltr'><strong>quis</strong></span> <span class='ocrx_word' id='word_1_150' title='bbox 906 1119 1169 1213; x_wconf 73' lang='lat' dir='ltr'><strong>miretur,</strong></span> <span class='ocrx_word' id='word_1_151' title='bbox 1217 1139 1267 1180; x_wconf 79' lang='lat' dir='ltr'><strong>si</strong></span> <span class='ocrx_word' id='word_1_152' title='bbox 1315 1119 1571 1180; x_wconf 88' lang='lat' dir='ltr'><strong>laetitiae</strong></span> <span class='ocrx_word' id='word_1_153' title='bbox 1620 1118 1773 1179; x_wconf 90' lang='lat' dir='ltr'><strong>illius</strong></span> <span class='ocrx_word' id='word_1_154' title='bbox 1827 1118 2142 1195; x_wconf 86' lang='lat' dir='ltr'><strong>spiritualis</strong></span> <span class='ocrx_word' id='word_1_155' title='bbox 2193 1123 2330 1180; x_wconf 89' lang='lat' dir='ltr'><strong>loco</strong></span> <span class='ocrx_word' id='word_1_156' title='bbox 2385 1129 2678 1199; x_wconf 85' lang='lat' dir='ltr'><strong>grassatur</strong></span> <span class='ocrx_word' id='word_1_157' title='bbox 2729 1120 3068 1180; x_wconf 89' lang='lat' dir='ltr'><strong>carnificina</strong></span> <span class='ocrx_word' id='word_1_158' title='bbox 3107 1121 3167 1181; x_wconf 89' lang='lat' dir='ltr'><strong>in</strong></span> <span class='ocrx_word' id='word_1_159' title='bbox 3211 1123 3507 1182; x_wconf 89' lang='lat' dir='ltr'><strong>mentibus</strong></span> 
     </span>
     <span class='ocr_line' id='line_1_15' title="bbox 590 1197 3504 1280; baseline 0.001 -22"><span class='ocrx_word' id='word_1_160' title='bbox 590 1197 979 1276; x_wconf 81' lang='lat' dir='ltr'><strong>manibusque</strong></span> <span class='ocrx_word' id='word_1_161' title='bbox 1015 1201 1403 1277; x_wconf 81' lang='lat' dir='ltr'><strong>plurimorum</strong></span> <span class='ocrx_word' id='word_1_162' title='bbox 1418 1244 1435 1276; x_wconf 90' lang='lat'><strong>,</strong></span> <span class='ocrx_word' id='word_1_163' title='bbox 1478 1215 1629 1275; x_wconf 90' lang='lat' dir='ltr'><strong>quos</strong></span> <span class='ocrx_word' id='word_1_164' title='bbox 1669 1200 1787 1259; x_wconf 89' lang='lat' dir='ltr'><strong>hoc</strong></span> <span class='ocrx_word' id='word_1_165' title='bbox 1826 1197 2004 1258; x_wconf 88' lang='lat' dir='ltr'><strong>etiam</strong></span> <span class='ocrx_word' id='word_1_166' title='bbox 2023 1211 2294 1276; x_wconf 84' lang='lat' dir='ltr'><strong>tempore</strong></span> <span class='ocrx_word' id='word_1_167' title='bbox 2313 1213 2556 1260; x_wconf 86' lang='lat' dir='ltr'><strong>reuocat</strong></span> <span class='ocrx_word' id='word_1_168' title='bbox 2593 1200 2890 1260; x_wconf 89' lang='lat' dir='ltr'><strong>Dominus</strong></span> <span class='ocrx_word' id='word_1_169' title='bbox 2911 1199 3288 1280; x_wconf 86' lang='lat' dir='ltr'><strong>auctoritate,</strong></span> <span class='ocrx_word' id='word_1_170' title='bbox 3329 1202 3504 1261; x_wconf 84' lang='lat' dir='ltr'><strong>ratio·</strong></span> 
     </span>
     <span class='ocr_line' id='line_1_16' title="bbox 593 1275 2442 1357; baseline 0.002 -20"><span class='ocrx_word' id='word_1_171' title='bbox 593 1279 799 1356; x_wconf 86' lang='lat' dir='ltr'><strong>nibus,</strong></span> <span class='ocrx_word' id='word_1_172' title='bbox 839 1281 895 1340; x_wconf 79' lang='grc' dir='ltr'><strong>δι</strong></span> <span class='ocrx_word' id='word_1_173' title='bbox 939 1280 1223 1356; x_wconf 83' lang='lat' dir='ltr'><strong>exemplis</strong></span> <span class='ocrx_word' id='word_1_174' title='bbox 1262 1281 1340 1340; x_wconf 88' lang='lat' dir='ltr'><strong>ab</strong></span> <span class='ocrx_word' id='word_1_175' title='bbox 1380 1278 1683 1356; x_wconf 86' lang='lat' dir='ltr'><strong>impietate</strong></span> <span class='ocrx_word' id='word_1_176' title='bbox 1722 1281 1779 1339; x_wconf 76' lang='grc' dir='ltr'><strong>δι</strong></span> <span class='ocrx_word' id='word_1_177' title='bbox 1819 1277 2102 1338; x_wconf 88' lang='lat' dir='ltr'><strong>iniustitia</strong></span> <span class='ocrx_word' id='word_1_178' title='bbox 2139 1275 2442 1357; x_wconf 84' lang='lat' dir='ltr'><strong>ipsorum?</strong></span> 
     </span>
    </p>

    <p class='ocr_par' dir='ltr' id='par_1_3' title="bbox 582 1357 3508 2457">
     <span class='ocr_line' id='line_1_17' title="bbox 670 1357 3504 1436; baseline 0.001 -18"><span class='ocrx_word' id='word_1_179' title='bbox 670 1361 977 1419; x_wconf 86' lang='lat' dir='ltr'><strong>Hactenus</strong></span> <span class='ocrx_word' id='word_1_180' title='bbox 1026 1360 1147 1420; x_wconf 90' lang='lat' dir='ltr'><strong>duo</strong></span> <span class='ocrx_word' id='word_1_181' title='bbox 1194 1358 1573 1436; x_wconf 84' lang='lat' dir='ltr'><strong>exposuimus</strong></span> <span class='ocrx_word' id='word_1_182' title='bbox 1624 1359 1703 1418; x_wconf 88' lang='lat' dir='ltr'><strong>ad</strong></span> <span class='ocrx_word' id='word_1_183' title='bbox 1756 1359 1918 1418; x_wconf 89' lang='lat' dir='ltr'><strong>hunc</strong></span> <span class='ocrx_word' id='word_1_184' title='bbox 1966 1361 2168 1419; x_wconf 91' lang='lat' dir='ltr'><strong>locum</strong></span> <span class='ocrx_word' id='word_1_185' title='bbox 2217 1357 2592 1436; x_wconf 87' lang='lat' dir='ltr'><strong>pertinentia:</strong></span> <span class='ocrx_word' id='word_1_186' title='bbox 2647 1379 2786 1418; x_wconf 91' lang='lat' dir='ltr'><strong>nam</strong></span> <span class='ocrx_word' id='word_1_187' title='bbox 2826 1361 3112 1420; x_wconf 90' lang='lat' dir='ltr'><strong>Iehouam</strong></span> <span class='ocrx_word' id='word_1_188' title='bbox 3151 1361 3327 1420; x_wconf 87' lang='lat' dir='ltr'><strong>finem</strong></span> <span class='ocrx_word' id='word_1_189' title='bbox 3371 1378 3504 1420; x_wconf 91' lang='lat' dir='ltr'><strong>esse</strong></span> 
     </span>
     <span class='ocr_line' id='line_1_18' title="bbox 591 1437 3504 1516; baseline 0.001 -19"><span class='ocrx_word' id='word_1_190' title='bbox 591 1437 958 1498; x_wconf 88' lang='lat' dir='ltr'><strong>ostendimus</strong></span> <span class='ocrx_word' id='word_1_191' title='bbox 999 1437 1299 1500; x_wconf 85' lang='lat' dir='ltr'><strong>Ecclesiae</strong></span> <span class='ocrx_word' id='word_1_192' title='bbox 1338 1439 1449 1499; x_wconf 89' lang='lat' dir='ltr'><strong>toti</strong></span> <span class='ocrx_word' id='word_1_193' title='bbox 1490 1441 1545 1498; x_wconf 91' lang='lat'>&amp;</span> <span class='ocrx_word' id='word_1_194' title='bbox 1585 1437 1697 1515; x_wconf 89' lang='lat' dir='ltr'><strong>piis</strong></span> <span class='ocrx_word' id='word_1_195' title='bbox 1725 1437 1784 1497; x_wconf 90' lang='lat' dir='ltr'><strong>in</strong></span> <span class='ocrx_word' id='word_1_196' title='bbox 1814 1456 1885 1498; x_wconf 91' lang='lat' dir='ltr'><strong>ea</strong></span> <span class='ocrx_word' id='word_1_197' title='bbox 1918 1437 2162 1516; x_wconf 88' lang='lat' dir='ltr'><strong>singulis</strong></span> <span class='ocrx_word' id='word_1_198' title='bbox 2181 1438 2584 1516; x_wconf 88' lang='lat' dir='ltr'><strong>propositum:</strong></span> <span class='ocrx_word' id='word_1_199' title='bbox 2626 1439 2842 1500; x_wconf 90' lang='lat' dir='ltr'><strong>deinde</strong></span> <span class='ocrx_word' id='word_1_200' title='bbox 2864 1438 3196 1500; x_wconf 83' lang='lat' dir='ltr'><strong>Ecclesiam</strong></span> <span class='ocrx_word' id='word_1_201' title='bbox 3217 1439 3504 1500; x_wconf 88' lang='lat' dir='ltr'><strong>relatione</strong></span> 
     </span>
     <span class='ocr_line' id='line_1_19' title="bbox 588 1517 3506 1610; baseline 0.001 -34"><span class='ocrx_word' id='word_1_202' title='bbox 588 1517 831 1595; x_wconf 78' lang='lat' dir='ltr'><strong>spiritali</strong></span> <span class='ocrx_word' id='word_1_203' title='bbox 868 1535 1008 1577; x_wconf 90' lang='lat' dir='ltr'><strong>cum</strong></span> <span class='ocrx_word' id='word_1_204' title='bbox 1052 1520 1183 1578; x_wconf 91' lang='lat' dir='ltr'><strong>Deo</strong></span> <span class='ocrx_word' id='word_1_205' title='bbox 1226 1518 1600 1578; x_wconf 90' lang='lat' dir='ltr'><strong>coniunctam</strong></span> <span class='ocrx_word' id='word_1_206' title='bbox 1613 1563 1629 1590; x_wconf 90' lang='lat'><strong>,</strong></span> <span class='ocrx_word' id='word_1_207' title='bbox 1672 1517 1955 1595; x_wconf 87' lang='lat' dir='ltr'><strong>tantisper</strong></span> <span class='ocrx_word' id='word_1_208' title='bbox 1994 1519 2140 1578; x_wconf 89' lang='lat' dir='ltr'><strong>dum</strong></span> <span class='ocrx_word' id='word_1_209' title='bbox 2168 1517 2489 1579; x_wconf 88' lang='lat' dir='ltr'><strong>coniuncta</strong></span> <span class='ocrx_word' id='word_1_210' title='bbox 2507 1530 2708 1578; x_wconf 88' lang='lat' dir='ltr'><strong>manet</strong></span> <span class='ocrx_word' id='word_1_211' title='bbox 2723 1563 2740 1596; x_wconf 90' lang='lat'><strong>,</strong></span> <span class='ocrx_word' id='word_1_212' title='bbox 2779 1526 3014 1610; x_wconf 76' lang='lat' dir='ltr'><strong>quaque</strong></span> <span class='ocrx_word' id='word_1_213' title='bbox 3033 1519 3226 1596; x_wconf 87' lang='lat' dir='ltr'><strong>ipsum</strong></span> <span class='ocrx_word' id='word_1_214' title='bbox 3249 1519 3506 1596; x_wconf 88' lang='lat' dir='ltr'><strong>respicit,</strong></span> 
     </span>
     <span class='ocr_line' id='line_1_20' title="bbox 586 1597 3506 1676; baseline 0.001 -20"><span class='ocrx_word' id='word_1_215' title='bbox 586 1598 749 1657; x_wconf 86' lang='lat' dir='ltr'><strong>velut</strong></span> <span class='ocrx_word' id='word_1_216' title='bbox 786 1597 897 1657; x_wconf 87' lang='lat' dir='ltr'><strong>iter</strong></span> <span class='ocrx_word' id='word_1_217' title='bbox 936 1597 1067 1675; x_wconf 88' lang='lat' dir='ltr'><strong>piae</strong></span> <span class='ocrx_word' id='word_1_218' title='bbox 1107 1597 1389 1674; x_wconf 86' lang='lat' dir='ltr'><strong>cuiusque</strong></span> <span class='ocrx_word' id='word_1_219' title='bbox 1428 1598 1660 1659; x_wconf 85' lang='lat' dir='ltr'><strong>animae</strong></span> <span class='ocrx_word' id='word_1_220' title='bbox 1700 1617 1831 1658; x_wconf 90' lang='lat' dir='ltr'><strong>esse</strong></span> <span class='ocrx_word' id='word_1_221' title='bbox 1870 1597 2436 1676; x_wconf 62' lang='lat' dir='ltr'><strong>demonstrauimus»,</strong></span> <span class='ocrx_word' id='word_1_222' title='bbox 2481 1597 2580 1658; x_wconf 87' lang='lat' dir='ltr'><strong>vbi</strong></span> <span class='ocrx_word' id='word_1_223' title='bbox 2617 1599 2878 1660; x_wconf 77' lang='lat' dir='ltr'><strong>inueniat</strong></span> <span class='ocrx_word' id='word_1_224' title='bbox 2907 1599 3254 1659; x_wconf 86' lang='lat' dir='ltr'><strong>Dominum.</strong></span> <span class='ocrx_word' id='word_1_225' title='bbox 3297 1603 3506 1660; x_wconf 87' lang='lat' dir='ltr'><strong>Restat</strong></span> 
     </span>
     <span class='ocr_line' id='line_1_21' title="bbox 588 1676 3506 1756; baseline 0.001 -21"><span class='ocrx_word' id='word_1_226' title='bbox 588 1676 755 1736; x_wconf 89' lang='lat' dir='ltr'><strong>locus</strong></span> <span class='ocrx_word' id='word_1_227' title='bbox 793 1677 995 1738; x_wconf 86' lang='lat' dir='ltr'><strong>tertius</strong></span> <span class='ocrx_word' id='word_1_228' title='bbox 1035 1679 1111 1738; x_wconf 90' lang='lat' dir='ltr'><strong>de</strong></span> <span class='ocrx_word' id='word_1_229' title='bbox 1148 1677 1384 1738; x_wconf 87' lang='lat' dir='ltr'><strong>actione</strong></span> <span class='ocrx_word' id='word_1_230' title='bbox 1424 1678 1657 1756; x_wconf 88' lang='lat' dir='ltr'><strong>piorum</strong></span> <span class='ocrx_word' id='word_1_231' title='bbox 1696 1678 1775 1738; x_wconf 90' lang='lat' dir='ltr'><strong>ad</strong></span> <span class='ocrx_word' id='word_1_232' title='bbox 1800 1680 1998 1738; x_wconf 87' lang='lat' dir='ltr'><strong>Deum</strong></span> <span class='ocrx_word' id='word_1_233' title='bbox 2017 1677 2078 1738; x_wconf 91' lang='lat' dir='ltr'><strong>in</strong></span> <span class='ocrx_word' id='word_1_234' title='bbox 2101 1677 2368 1738; x_wconf 89' lang='lat' dir='ltr'><strong>Ecclesia</strong></span> <span class='ocrx_word' id='word_1_235' title='bbox 2389 1677 2905 1738; x_wconf 88' lang='lat' dir='ltr'><strong>contendentium:</strong></span> <span class='ocrx_word' id='word_1_236' title='bbox 2945 1681 3194 1752; x_wconf 81' lang='lat' dir='ltr'><strong>Eamus,</strong></span> <span class='ocrx_word' id='word_1_237' title='bbox 3214 1679 3506 1756; x_wconf 81' lang='lat' dir='ltr'><strong>inquiunt,</strong></span> 
     </span>
     <span class='ocr_line' id='line_1_22' title="bbox 588 1757 3502 1836; baseline 0.001 -22"><span class='ocrx_word' id='word_1_238' title='bbox 588 1759 648 1814; x_wconf 78' lang='lat' dir='ltr'><strong>in</strong></span> <span class='ocrx_word' id='word_1_239' title='bbox 688 1757 915 1815; x_wconf 78' lang='lat' dir='ltr'><strong>domum</strong></span> <span class='ocrx_word' id='word_1_240' title='bbox 956 1759 1243 1830; x_wconf 79' lang='lat' dir='ltr'><strong>lehouae,</strong></span> <span class='ocrx_word' id='word_1_241' title='bbox 1284 1759 1339 1817; x_wconf 72' lang='lat'><strong>81</strong></span> <span class='ocrx_word' id='word_1_242' title='bbox 1378 1777 1431 1818; x_wconf 91' lang='lat' dir='ltr'><strong>c.</strong></span> <span class='ocrx_word' id='word_1_243' title='bbox 1474 1759 1715 1835; x_wconf 86' lang='lat' dir='ltr'><strong>Duplex</strong></span> <span class='ocrx_word' id='word_1_244' title='bbox 1754 1757 1929 1836; x_wconf 85' lang='lat' dir='ltr'><strong>igitur</strong></span> <span class='ocrx_word' id='word_1_245' title='bbox 1970 1769 2060 1818; x_wconf 87' lang='lat' dir='ltr'><strong>est</strong></span> <span class='ocrx_word' id='word_1_246' title='bbox 2091 1757 2326 1835; x_wconf 86' lang='lat' dir='ltr'><strong>piorum</strong></span> <span class='ocrx_word' id='word_1_247' title='bbox 2355 1767 2513 1818; x_wconf 81' lang='lat' dir='ltr'><strong>actio</strong></span> <span class='ocrx_word' id='word_1_248' title='bbox 2548 1757 2608 1816; x_wconf 92' lang='lat' dir='ltr'><strong>in</strong></span> <span class='ocrx_word' id='word_1_249' title='bbox 2629 1757 2927 1830; x_wconf 88' lang='lat' dir='ltr'><strong>Ecclesia,</strong></span> <span class='ocrx_word' id='word_1_250' title='bbox 2967 1762 3023 1818; x_wconf 70' lang='grc' dir='ltr'><strong>δε</strong></span> <span class='ocrx_word' id='word_1_251' title='bbox 3046 1779 3152 1836; x_wconf 90' lang='lat' dir='ltr'><strong>per</strong></span> <span class='ocrx_word' id='word_1_252' title='bbox 3173 1759 3502 1819; x_wconf 84' lang='lat' dir='ltr'><strong>Ecclesiam</strong></span> 
     </span>
     <span class='ocr_line' id='line_1_23' title="bbox 586 1836 3508 1914; baseline 0.001 -19"><span class='ocrx_word' id='word_1_253' title='bbox 586 1837 665 1895; x_wconf 87' lang='lat' dir='ltr'><strong>ad</strong></span> <span class='ocrx_word' id='word_1_254' title='bbox 708 1837 899 1896; x_wconf 90' lang='lat' dir='ltr'><strong>Deum</strong></span> <span class='ocrx_word' id='word_1_255' title='bbox 940 1855 1145 1896; x_wconf 84' lang='lat' dir='ltr'><strong>verum</strong></span> <span class='ocrx_word' id='word_1_256' title='bbox 1186 1837 1239 1895; x_wconf 75' lang='grc' dir='ltr'><strong>δι</strong></span> <span class='ocrx_word' id='word_1_257' title='bbox 1276 1836 1572 1898; x_wconf 79' lang='lat' dir='ltr'><strong>viuentem</strong></span> <span class='ocrx_word' id='word_1_258' title='bbox 1592 1837 2099 1898; x_wconf 87' lang='lat' dir='ltr'><strong>contendentium.</strong></span> <span class='ocrx_word' id='word_1_259' title='bbox 2141 1839 2278 1898; x_wconf 89' lang='lat' dir='ltr'><strong>Vna</strong></span> <span class='ocrx_word' id='word_1_260' title='bbox 2298 1849 2412 1913; x_wconf 85' lang='lat' dir='ltr'><strong>est,</strong></span> <span class='ocrx_word' id='word_1_261' title='bbox 2455 1838 2620 1914; x_wconf 66' lang='lat' dir='ltr'><strong>quud</strong></span> <span class='ocrx_word' id='word_1_262' title='bbox 2643 1847 2784 1898; x_wconf 86' lang='lat' dir='ltr'><strong>eunt</strong></span> <span class='ocrx_word' id='word_1_263' title='bbox 2805 1839 2880 1897; x_wconf 91' lang='lat' dir='ltr'><strong>ad</strong></span> <span class='ocrx_word' id='word_1_264' title='bbox 2903 1838 3260 1898; x_wconf 87' lang='lat' dir='ltr'><strong>Dominum:</strong></span> <span class='ocrx_word' id='word_1_265' title='bbox 3304 1841 3508 1912; x_wconf 88' lang='lat' dir='ltr'><strong>altera,</strong></span> 
     </span>
     <span class='ocr_line' id='line_1_24' title="bbox 588 1915 3504 1995; baseline 0.001 -20"><span class='ocrx_word' id='word_1_266' title='bbox 588 1917 753 1992; x_wconf 80' lang='lat' dir='ltr'><strong>quod</strong></span> <span class='ocrx_word' id='word_1_267' title='bbox 794 1916 853 1976; x_wconf 89' lang='lat' dir='ltr'><strong>in</strong></span> <span class='ocrx_word' id='word_1_268' title='bbox 896 1915 1163 1976; x_wconf 88' lang='lat' dir='ltr'><strong>Ecclesia</strong></span> <span class='ocrx_word' id='word_1_269' title='bbox 1182 1961 1199 1995; x_wconf 86' lang='lat'>‚</span> <span class='ocrx_word' id='word_1_270' title='bbox 1240 1927 1443 1978; x_wconf 86' lang='lat' dir='ltr'><strong>euntes</strong></span> <span class='ocrx_word' id='word_1_271' title='bbox 1462 1959 1477 1989; x_wconf 89' lang='lat'>‚</span> <span class='ocrx_word' id='word_1_272' title='bbox 1518 1927 1869 1995; x_wconf 83' lang='lat' dir='ltr'><strong>permanent</strong></span> <span class='ocrx_word' id='word_1_273' title='bbox 1908 1927 2088 1993; x_wconf 88' lang='lat' dir='ltr'><strong>atque</strong></span> <span class='ocrx_word' id='word_1_274' title='bbox 2127 1929 2519 1995; x_wconf 88' lang='lat' dir='ltr'><strong>perseuerant.</strong></span> <span class='ocrx_word' id='word_1_275' title='bbox 2561 1917 2780 1978; x_wconf 87' lang='lat' dir='ltr'><strong>Prioris</strong></span> <span class='ocrx_word' id='word_1_276' title='bbox 2809 1915 3056 1978; x_wconf 88' lang='lat' dir='ltr'><strong>actionis</strong></span> <span class='ocrx_word' id='word_1_277' title='bbox 3077 1919 3504 1978; x_wconf 88' lang='lat' dir='ltr'><strong>documentum</strong></span> 
     </span>
     <span class='ocr_line' id='line_1_25' title="bbox 586 1996 3502 2075; baseline 0.001 -21"><span class='ocrx_word' id='word_1_278' title='bbox 586 1997 837 2056; x_wconf 87' lang='lat' dir='ltr'><strong>habetur</strong></span> <span class='ocrx_word' id='word_1_279' title='bbox 884 1996 971 2056; x_wconf 90' lang='lat' dir='ltr'><strong>his</strong></span> <span class='ocrx_word' id='word_1_280' title='bbox 1024 1997 1252 2073; x_wconf 67' lang='lat' dir='ltr'><strong>verbis:</strong></span> <span class='ocrx_word' id='word_1_281' title='bbox 1303 1997 1559 2056; x_wconf 81' lang='lat' dir='ltr'><strong>Domum</strong></span> <span class='ocrx_word' id='word_1_282' title='bbox 1612 1997 1871 2058; x_wconf 71' lang='lat' dir='ltr'><strong>Jehouae</strong></span> <span class='ocrx_word' id='word_1_283' title='bbox 1921 1999 2224 2056; x_wconf 81' lang='lat' dir='ltr'><strong>adeamus:</strong></span> <span class='ocrx_word' id='word_1_284' title='bbox 2279 1996 2622 2075; x_wconf 89' lang='lat' dir='ltr'><strong>posterioris</strong></span> <span class='ocrx_word' id='word_1_285' title='bbox 2675 2007 2872 2058; x_wconf 86' lang='lat' dir='ltr'><strong>autem</strong></span> <span class='ocrx_word' id='word_1_286' title='bbox 2914 1996 3056 2057; x_wconf 86' lang='lat' dir='ltr'><strong>illis:</strong></span> <span class='ocrx_word' id='word_1_287' title='bbox 3117 2000 3502 2060; x_wconf 76' lang='lat' dir='ltr'><strong>consistentes</strong></span> 
     </span>
     <span class='ocr_line' id='line_1_26' title="bbox 583 2075 3506 2155; baseline 0.001 -21"><span class='ocrx_word' id='word_1_288' title='bbox 583 2084 722 2135; x_wconf 83' lang='lat' dir='ltr'><strong>sunt</strong></span> <span class='ocrx_word' id='word_1_289' title='bbox 744 2077 924 2154; x_wconf 83' lang='lat' dir='ltr'><strong>pedes</strong></span> <span class='ocrx_word' id='word_1_290' title='bbox 964 2079 1157 2136; x_wconf 79' lang='lat' dir='ltr'><strong>nostri</strong></span> <span class='ocrx_word' id='word_1_291' title='bbox 1188 2079 1351 2136; x_wconf 54' lang='lat' dir='ltr'><strong>intra</strong></span> <span class='ocrx_word' id='word_1_292' title='bbox 1378 2086 1599 2155; x_wconf 81' lang='lat' dir='ltr'><strong>portas</strong></span> <span class='ocrx_word' id='word_1_293' title='bbox 1638 2085 1893 2152; x_wconf 83' lang='lat' dir='ltr'><strong>vestras,</strong></span> <span class='ocrx_word' id='word_1_294' title='bbox 1934 2075 1972 2134; x_wconf 79' lang='grc' dir='ltr'><em>ὃ</em></span> <span class='ocrx_word' id='word_1_295' title='bbox 2011 2079 2450 2153; x_wconf 81' lang='lat' dir='ltr'><strong>Hierosolyma.</strong></span> <span class='ocrx_word' id='word_1_296' title='bbox 2501 2077 2622 2138; x_wconf 69' lang='lat' dir='ltr'><strong>Hic</strong></span> <span class='ocrx_word' id='word_1_297' title='bbox 2663 2078 2813 2138; x_wconf 87' lang='lat' dir='ltr'><strong>fides</strong></span> <span class='ocrx_word' id='word_1_298' title='bbox 2827 2121 2845 2152; x_wconf 90' lang='lat'><strong>,</strong></span> <span class='ocrx_word' id='word_1_299' title='bbox 2900 2077 2998 2136; x_wconf 77' lang='lat' dir='ltr'><strong>htc</strong></span> <span class='ocrx_word' id='word_1_300' title='bbox 3037 2077 3320 2154; x_wconf 87' lang='lat' dir='ltr'><strong>patientia</strong></span> <span class='ocrx_word' id='word_1_301' title='bbox 3335 2121 3352 2155; x_wconf 86' lang='lat'><strong>,</strong></span> <span class='ocrx_word' id='word_1_302' title='bbox 3407 2077 3506 2136; x_wconf 84' lang='lat' dir='ltr'><strong>hic</strong></span> 
     </span>
     <span class='ocr_line' id='line_1_27' title="bbox 582 2154 3498 2235; baseline 0.001 -22"><span class='ocrx_word' id='word_1_303' title='bbox 582 2157 1015 2232; x_wconf 86' lang='lat' dir='ltr'><strong>perseuerantia</strong></span> <span class='ocrx_word' id='word_1_304' title='bbox 1054 2167 1393 2216; x_wconf 88' lang='lat' dir='ltr'><strong>sanctorum</strong></span> <span class='ocrx_word' id='word_1_305' title='bbox 1435 2154 1803 2232; x_wconf 85' lang='lat' dir='ltr'><strong>paucissimis</strong></span> <span class='ocrx_word' id='word_1_306' title='bbox 1843 2155 2040 2218; x_wconf 87' lang='lat' dir='ltr'><strong>verbis</strong></span> <span class='ocrx_word' id='word_1_307' title='bbox 2079 2160 2118 2216; x_wconf 78' lang='lat' dir='ltr'><strong>a</strong></span> <span class='ocrx_word' id='word_1_308' title='bbox 2156 2159 2456 2234; x_wconf 88' lang='lat' dir='ltr'><strong>Propheta</strong></span> <span class='ocrx_word' id='word_1_309' title='bbox 2495 2156 2840 2235; x_wconf 80' lang='lat' dir='ltr'><strong>grauissime</strong></span> <span class='ocrx_word' id='word_1_310' title='bbox 2883 2157 3320 2232; x_wconf 85' lang='lat' dir='ltr'><strong>demonstrata,</strong></span> <span class='ocrx_word' id='word_1_311' title='bbox 3359 2159 3498 2218; x_wconf 79' lang='lat' dir='ltr'><strong>cum</strong></span> 
     </span>
     <span class='ocr_line' id='line_1_28' title="bbox 585 2235 3508 2315; baseline 0.001 -22"><span class='ocrx_word' id='word_1_312' title='bbox 585 2236 649 2310; x_wconf 83' lang='lat' dir='ltr'><strong>(f.</strong></span> <span class='ocrx_word' id='word_1_313' title='bbox 690 2237 833 2314; x_wconf 86' lang='lat'><strong>695)</strong></span> <span class='ocrx_word' id='word_1_314' title='bbox 886 2236 971 2296; x_wconf 89' lang='lat' dir='ltr'><strong>ire</strong></span> <span class='ocrx_word' id='word_1_315' title='bbox 1023 2235 1317 2310; x_wconf 86' lang='lat' dir='ltr'><strong>dicuntur,</strong></span> <span class='ocrx_word' id='word_1_316' title='bbox 1376 2235 1435 2295; x_wconf 90' lang='lat' dir='ltr'><strong>in</strong></span> <span class='ocrx_word' id='word_1_317' title='bbox 1485 2235 1555 2297; x_wconf 90' lang='lat' dir='ltr'><strong>iis</strong></span> <span class='ocrx_word' id='word_1_318' title='bbox 1608 2235 1824 2296; x_wconf 86' lang='lat' dir='ltr'><strong>finibus</strong></span> <span class='ocrx_word' id='word_1_319' title='bbox 1876 2257 1941 2296; x_wconf 91' lang='lat' dir='ltr'><strong>se</strong></span> <span class='ocrx_word' id='word_1_320' title='bbox 1991 2246 2196 2296; x_wconf 88' lang='lat' dir='ltr'><strong>euntes</strong></span> <span class='ocrx_word' id='word_1_321' title='bbox 2251 2237 2556 2298; x_wconf 89' lang='lat' dir='ltr'><strong>continere</strong></span> <span class='ocrx_word' id='word_1_322' title='bbox 2607 2254 2759 2313; x_wconf 91' lang='lat' dir='ltr'><strong>quos</strong></span> <span class='ocrx_word' id='word_1_323' title='bbox 2807 2235 3268 2315; x_wconf 86' lang='lat' dir='ltr'><strong>circumscripsit</strong></span> <span class='ocrx_word' id='word_1_324' title='bbox 3307 2239 3467 2296; x_wconf 86' lang='lat' dir='ltr'><strong>Deus</strong></span> <span class='ocrx_word' id='word_1_325' title='bbox 3487 2281 3508 2314; x_wconf 83' lang='lat'><strong>,</strong></span> 
     </span>
     <span class='ocr_line' id='line_1_29' title="bbox 583 2315 3506 2395; baseline 0.001 -21"><span class='ocrx_word' id='word_1_326' title='bbox 583 2326 902 2394; x_wconf 76' lang='lat' dir='ltr'><strong>Vtcumque</strong></span> <span class='ocrx_word' id='word_1_327' title='bbox 953 2315 1141 2390; x_wconf 81' lang='lat' dir='ltr'><strong>intus,</strong></span> <span class='ocrx_word' id='word_1_328' title='bbox 1192 2315 1366 2392; x_wconf 81' lang='lat' dir='ltr'><strong>foris,</strong></span> <span class='ocrx_word' id='word_1_329' title='bbox 1422 2317 1793 2376; x_wconf 81' lang='lat' dir='ltr'><strong>dextrorsum</strong></span> <span class='ocrx_word' id='word_1_330' title='bbox 1844 2319 1899 2377; x_wconf 74' lang='grc' dir='ltr'><strong>δι</strong></span> <span class='ocrx_word' id='word_1_331' title='bbox 1952 2315 2348 2376; x_wconf 86' lang='lat' dir='ltr'><strong>sinistrorsum</strong></span> <span class='ocrx_word' id='word_1_332' title='bbox 2391 2315 2608 2376; x_wconf 89' lang='lat' dir='ltr'><strong>laetitia</strong></span> <span class='ocrx_word' id='word_1_333' title='bbox 2659 2317 2716 2376; x_wconf 75' lang='grc' dir='ltr'><strong>δι</strong></span> <span class='ocrx_word' id='word_1_334' title='bbox 2767 2318 2938 2376; x_wconf 84' lang='lat' dir='ltr'><strong>labor</strong></span> <span class='ocrx_word' id='word_1_335' title='bbox 2975 2315 3236 2394; x_wconf 88' lang='lat' dir='ltr'><strong>ipsorum</strong></span> <span class='ocrx_word' id='word_1_336' title='bbox 3281 2335 3506 2395; x_wconf 88' lang='lat' dir='ltr'><strong>oppug-</strong></span> 
     </span>
     <span class='ocr_line' id='line_1_30' title="bbox 592 2405 779 2457; baseline 0.005 -3"><span class='ocrx_word' id='word_1_337' title='bbox 592 2405 779 2457; x_wconf 87' lang='lat' dir='ltr'><strong>netur.</strong></span> 
     </span>
    </p>

    <p class='ocr_par' dir='ltr' id='par_1_4' title="bbox 584 2475 3507 4079">
     <span class='ocr_line' id='line_1_31' title="bbox 664 2475 3504 2554; baseline 0 -19"><span class='ocrx_word' id='word_1_338' title='bbox 664 2480 757 2535; x_wconf 90' lang='lat' dir='ltr'><strong>Ac</strong></span> <span class='ocrx_word' id='word_1_339' title='bbox 810 2476 1063 2554; x_wconf 75' lang='lat' dir='ltr'><strong>primum</strong></span> <span class='ocrx_word' id='word_1_340' title='bbox 1114 2477 1358 2554; x_wconf 90' lang='lat' dir='ltr'><strong>quidem</strong></span> <span class='ocrx_word' id='word_1_341' title='bbox 1410 2495 1534 2536; x_wconf 90' lang='lat' dir='ltr'><strong>non</strong></span> <span class='ocrx_word' id='word_1_342' title='bbox 1574 2480 1797 2537; x_wconf 77' lang='lat' dir='ltr'><strong>temere</strong></span> <span class='ocrx_word' id='word_1_343' title='bbox 1836 2475 2110 2536; x_wconf 87' lang='lat' dir='ltr'><strong>dicuntur</strong></span> <span class='ocrx_word' id='word_1_344' title='bbox 2147 2478 2239 2535; x_wconf 83' lang='lat' dir='ltr'><strong>ire</strong></span> <span class='ocrx_word' id='word_1_345' title='bbox 2277 2476 2616 2553; x_wconf 89' lang='lat' dir='ltr'><strong>quicunque</strong></span> <span class='ocrx_word' id='word_1_346' title='bbox 2655 2478 2734 2537; x_wconf 83' lang='lat' dir='ltr'><strong>ad</strong></span> <span class='ocrx_word' id='word_1_347' title='bbox 2777 2475 3108 2537; x_wconf 87' lang='lat' dir='ltr'><strong>Ecclesiam</strong></span> <span class='ocrx_word' id='word_1_348' title='bbox 3149 2477 3266 2539; x_wconf 89' lang='lat' dir='ltr'><strong>Dei</strong></span> <span class='ocrx_word' id='word_1_349' title='bbox 3305 2477 3504 2537; x_wconf 80' lang='lat' dir='ltr'><strong>vocati</strong></span> 
     </span>
     <span class='ocr_line' id='line_1_32' title="bbox 586 2554 3507 2634; baseline 0 -18"><span class='ocrx_word' id='word_1_350' title='bbox 586 2566 751 2631; x_wconf 90' lang='lat' dir='ltr'><strong>sunt,</strong></span> <span class='ocrx_word' id='word_1_351' title='bbox 792 2568 893 2617; x_wconf 88' lang='lat' dir='ltr'><strong>aut</strong></span> <span class='ocrx_word' id='word_1_352' title='bbox 932 2568 1221 2617; x_wconf 84' lang='lat' dir='ltr'><strong>vocantur</strong></span> <span class='ocrx_word' id='word_1_353' title='bbox 1258 2556 1455 2615; x_wconf 87' lang='lat' dir='ltr'><strong>adhuc</strong></span> <span class='ocrx_word' id='word_1_354' title='bbox 1498 2554 1903 2617; x_wconf 88' lang='lat' dir='ltr'><strong>misericordia</strong></span> <span class='ocrx_word' id='word_1_355' title='bbox 1941 2554 2083 2617; x_wconf 88' lang='lat' dir='ltr'><strong>eius.</strong></span> <span class='ocrx_word' id='word_1_356' title='bbox 2125 2558 2280 2616; x_wconf 87' lang='lat' dir='ltr'><strong>Nam</strong></span> <span class='ocrx_word' id='word_1_357' title='bbox 2321 2556 2446 2617; x_wconf 89' lang='lat' dir='ltr'><strong>siue</strong></span> <span class='ocrx_word' id='word_1_358' title='bbox 2486 2558 2564 2615; x_wconf 87' lang='lat' dir='ltr'><strong>ad</strong></span> <span class='ocrx_word' id='word_1_359' title='bbox 2605 2557 2941 2634; x_wconf 88' lang='lat' dir='ltr'><strong>hominem,</strong></span> <span class='ocrx_word' id='word_1_360' title='bbox 2982 2558 3309 2634; x_wconf 78' lang='lat' dir='ltr'><strong>sedemque</strong></span> <span class='ocrx_word' id='word_1_361' title='bbox 3350 2556 3507 2617; x_wconf 89' lang='lat' dir='ltr'><strong>illius</strong></span> 
     </span>
     <span class='ocr_line' id='line_1_33' title="bbox 586 2634 3502 2714; baseline -0.001 -19"><span class='ocrx_word' id='word_1_362' title='bbox 586 2637 941 2713; x_wconf 82' lang='lat' dir='ltr'><strong>respexeris,</strong></span> <span class='ocrx_word' id='word_1_363' title='bbox 996 2635 1118 2697; x_wconf 88' lang='lat' dir='ltr'><strong>siue</strong></span> <span class='ocrx_word' id='word_1_364' title='bbox 1158 2636 1234 2695; x_wconf 89' lang='lat' dir='ltr'><strong>ad</strong></span> <span class='ocrx_word' id='word_1_365' title='bbox 1278 2638 1471 2697; x_wconf 91' lang='lat' dir='ltr'><strong>Deum</strong></span> <span class='ocrx_word' id='word_1_366' title='bbox 1512 2637 1567 2695; x_wconf 88' lang='lat'>&amp;</span> <span class='ocrx_word' id='word_1_367' title='bbox 1607 2636 1809 2697; x_wconf 86' lang='lat' dir='ltr'><strong>sedem</strong></span> <span class='ocrx_word' id='word_1_368' title='bbox 1850 2635 2170 2714; x_wconf 87' lang='lat' dir='ltr'><strong>gloriosam</strong></span> <span class='ocrx_word' id='word_1_369' title='bbox 2211 2634 2366 2713; x_wconf 89' lang='lat' dir='ltr'><strong>eius,</strong></span> <span class='ocrx_word' id='word_1_370' title='bbox 2421 2635 2569 2696; x_wconf 91' lang='lat' dir='ltr'><strong>nihil</strong></span> <span class='ocrx_word' id='word_1_371' title='bbox 2609 2648 2698 2696; x_wconf 91' lang='lat' dir='ltr'><strong>est</strong></span> <span class='ocrx_word' id='word_1_372' title='bbox 2737 2637 2904 2713; x_wconf 89' lang='lat' dir='ltr'><strong>quod</strong></span> <span class='ocrx_word' id='word_1_373' title='bbox 2941 2656 3054 2695; x_wconf 89' lang='lat' dir='ltr'><strong>nos</strong></span> <span class='ocrx_word' id='word_1_374' title='bbox 3091 2656 3212 2698; x_wconf 90' lang='lat' dir='ltr'><strong>non</strong></span> <span class='ocrx_word' id='word_1_375' title='bbox 3257 2638 3502 2709; x_wconf 85' lang='lat' dir='ltr'><strong>doceat,</strong></span> 
     </span>
     <span class='ocr_line' id='line_1_34' title="bbox 586 2713 3505 2794; baseline 0 -19"><span class='ocrx_word' id='word_1_376' title='bbox 586 2716 699 2777; x_wconf 89' lang='lat' dir='ltr'><strong>iter</strong></span> <span class='ocrx_word' id='word_1_377' title='bbox 737 2715 811 2792; x_wconf 90' lang='lat' dir='ltr'><strong>(si</strong></span> <span class='ocrx_word' id='word_1_378' title='bbox 850 2717 1133 2793; x_wconf 88' lang='lat' dir='ltr'><strong>sapimus)</strong></span> <span class='ocrx_word' id='word_1_379' title='bbox 1174 2714 1300 2776; x_wconf 87' lang='lat' dir='ltr'><strong>fieri</strong></span> <span class='ocrx_word' id='word_1_380' title='bbox 1336 2719 1375 2776; x_wconf 75' lang='lat' dir='ltr'><strong>a</strong></span> <span class='ocrx_word' id='word_1_381' title='bbox 1416 2713 1587 2777; x_wconf 87' lang='lat' dir='ltr'><strong>nobis</strong></span> <span class='ocrx_word' id='word_1_382' title='bbox 1630 2727 1905 2794; x_wconf 86' lang='lat' dir='ltr'><strong>oportere</strong></span> <span class='ocrx_word' id='word_1_383' title='bbox 1920 2762 1937 2791; x_wconf 89' lang='lat'><strong>,</strong></span> <span class='ocrx_word' id='word_1_384' title='bbox 1979 2725 2044 2775; x_wconf 85' lang='lat' dir='ltr'><strong>vt</strong></span> <span class='ocrx_word' id='word_1_385' title='bbox 2083 2716 2449 2793; x_wconf 87' lang='lat' dir='ltr'><strong>egredientes</strong></span> <span class='ocrx_word' id='word_1_386' title='bbox 2487 2719 2524 2777; x_wconf 76' lang='grc' dir='ltr'><strong>ὲ</strong></span> <span class='ocrx_word' id='word_1_387' title='bbox 2561 2716 2737 2777; x_wconf 91' lang='lat' dir='ltr'><strong>nobis</strong></span> <span class='ocrx_word' id='word_1_388' title='bbox 2779 2716 2918 2794; x_wconf 89' lang='lat' dir='ltr'><strong>ipsis</strong></span> <span class='ocrx_word' id='word_1_389' title='bbox 2939 2718 2995 2777; x_wconf 71' lang='grc' dir='ltr'><strong>δι</strong></span> <span class='ocrx_word' id='word_1_390' title='bbox 3017 2717 3158 2777; x_wconf 88' lang='lat' dir='ltr'><strong>sede</strong></span> <span class='ocrx_word' id='word_1_391' title='bbox 3177 2717 3292 2776; x_wconf 89' lang='lat' dir='ltr'><strong>hac</strong></span> <span class='ocrx_word' id='word_1_392' title='bbox 3313 2726 3505 2790; x_wconf 72' lang='lat' dir='ltr'><strong>nosm,</strong></span> 
     </span>
     <span class='ocr_line' id='line_1_35' title="bbox 584 2794 3502 2871; baseline -0 -16"><span class='ocrx_word' id='word_1_393' title='bbox 584 2796 739 2857; x_wconf 88' lang='lat' dir='ltr'><strong>iusto</strong></span> <span class='ocrx_word' id='word_1_394' title='bbox 778 2796 985 2857; x_wconf 87' lang='lat' dir='ltr'><strong>itinere</strong></span> <span class='ocrx_word' id='word_1_395' title='bbox 1024 2814 1145 2857; x_wconf 90' lang='lat' dir='ltr'><strong>non</strong></span> <span class='ocrx_word' id='word_1_396' title='bbox 1187 2806 1383 2857; x_wconf 86' lang='lat' dir='ltr'><strong>autem</strong></span> <span class='ocrx_word' id='word_1_397' title='bbox 1425 2794 1669 2871; x_wconf 83' lang='lat' dir='ltr'><strong>iniust0,</strong></span> <span class='ocrx_word' id='word_1_398' title='bbox 1710 2814 1853 2856; x_wconf 87' lang='lat' dir='ltr'><strong>vero</strong></span> <span class='ocrx_word' id='word_1_399' title='bbox 1894 2814 1966 2854; x_wconf 89' lang='lat' dir='ltr'><strong>ac</strong></span> <span class='ocrx_word' id='word_1_400' title='bbox 2005 2814 2126 2855; x_wconf 89' lang='lat' dir='ltr'><strong>non</strong></span> <span class='ocrx_word' id='word_1_401' title='bbox 2169 2794 2406 2870; x_wconf 82' lang='lat' dir='ltr'><strong>fictitio,</strong></span> <span class='ocrx_word' id='word_1_402' title='bbox 2449 2795 2524 2855; x_wconf 88' lang='lat' dir='ltr'><strong>ad</strong></span> <span class='ocrx_word' id='word_1_403' title='bbox 2568 2797 2764 2857; x_wconf 88' lang='lat' dir='ltr'><strong>Deum</strong></span> <span class='ocrx_word' id='word_1_404' title='bbox 2787 2805 3180 2866; x_wconf 85' lang='lat' dir='ltr'><strong>transeamus,</strong></span> <span class='ocrx_word' id='word_1_405' title='bbox 3223 2800 3278 2856; x_wconf 61' lang='grc' dir='ltr'><strong>δι’</strong></span> <span class='ocrx_word' id='word_1_406' title='bbox 3299 2797 3502 2856; x_wconf 89' lang='lat' dir='ltr'><strong>sedem</strong></span> 
     </span>
     <span class='ocr_line' id='line_1_36' title="bbox 588 2870 3506 2953; baseline -0 -18"><span class='ocrx_word' id='word_1_407' title='bbox 588 2878 899 2937; x_wconf 69' lang='lat' dir='ltr'><strong>caelestem</strong></span> <span class='ocrx_word' id='word_1_408' title='bbox 942 2875 1109 2939; x_wconf 86' lang='lat' dir='ltr'><strong>illius.</strong></span> <span class='ocrx_word' id='word_1_409' title='bbox 1153 2877 1306 2935; x_wconf 86' lang='lat' dir='ltr'><strong>Nam</strong></span> <span class='ocrx_word' id='word_1_410' title='bbox 1348 2875 1493 2953; x_wconf 90' lang='lat' dir='ltr'><strong>quid</strong></span> <span class='ocrx_word' id='word_1_411' title='bbox 1534 2887 1622 2935; x_wconf 90' lang='lat' dir='ltr'><strong>est</strong></span> <span class='ocrx_word' id='word_1_412' title='bbox 1662 2870 1886 2936; x_wconf 81' lang='lat' dir='ltr'><strong>homo?</strong></span> <span class='ocrx_word' id='word_1_413' title='bbox 1931 2885 2092 2936; x_wconf 92' lang='lat' dir='ltr'><strong>totus</strong></span> <span class='ocrx_word' id='word_1_414' title='bbox 2111 2874 2306 2951; x_wconf 88' lang='lat' dir='ltr'><strong>miser,</strong></span> <span class='ocrx_word' id='word_1_415' title='bbox 2344 2874 2596 2935; x_wconf 86' lang='lat' dir='ltr'><strong>natus-in</strong></span> <span class='ocrx_word' id='word_1_416' title='bbox 2621 2874 2888 2953; x_wconf 86' lang='lat' dir='ltr'><strong>miseria,</strong></span> <span class='ocrx_word' id='word_1_417' title='bbox 2927 2876 2986 2935; x_wconf 88' lang='lat' dir='ltr'><strong>in</strong></span> <span class='ocrx_word' id='word_1_418' title='bbox 3009 2877 3216 2936; x_wconf 89' lang='lat' dir='ltr'><strong>eadem</strong></span> <span class='ocrx_word' id='word_1_419' title='bbox 3239 2879 3276 2935; x_wconf 75' lang='lat' dir='ltr'><strong>a</strong></span> <span class='ocrx_word' id='word_1_420' title='bbox 3296 2886 3506 2935; x_wconf 87' lang='lat' dir='ltr'><strong>natura</strong></span> 
     </span>
     <span class='ocr_line' id='line_1_37' title="bbox 586 2950 3506 3033; baseline -0.001 -18"><span class='ocrx_word' id='word_1_421' title='bbox 586 2975 795 3033; x_wconf 87' lang='lat' dir='ltr'><strong>agens,</strong></span> <span class='ocrx_word' id='word_1_422' title='bbox 836 2956 1069 3032; x_wconf 77' lang='lat' dir='ltr'><strong>viuenS,</strong></span> <span class='ocrx_word' id='word_1_423' title='bbox 1110 2956 1401 3029; x_wconf 90' lang='lat' dir='ltr'><strong>moriens,</strong></span> <span class='ocrx_word' id='word_1_424' title='bbox 1444 2956 1699 3032; x_wconf 89' lang='lat' dir='ltr'><strong>denique</strong></span> <span class='ocrx_word' id='word_1_425' title='bbox 1742 2954 1976 3015; x_wconf 87' lang='lat' dir='ltr'><strong>miseria</strong></span> <span class='ocrx_word' id='word_1_426' title='bbox 2014 2955 2162 3032; x_wconf 89' lang='lat' dir='ltr'><strong>ipsa.</strong></span> <span class='ocrx_word' id='word_1_427' title='bbox 2203 2953 2368 3031; x_wconf 87' lang='lat' dir='ltr'><strong>Quid</strong></span> <span class='ocrx_word' id='word_1_428' title='bbox 2407 2956 2577 3017; x_wconf 88' lang='lat' dir='ltr'><strong>sedes</strong></span> <span class='ocrx_word' id='word_1_429' title='bbox 2617 2950 2909 3015; x_wconf 82' lang='lat' dir='ltr'><strong>hominis?</strong></span> <span class='ocrx_word' id='word_1_430' title='bbox 2949 2954 3218 3015; x_wconf 88' lang='lat' dir='ltr'><strong>miseriae</strong></span> <span class='ocrx_word' id='word_1_431' title='bbox 3241 2972 3506 3031; x_wconf 90' lang='lat' dir='ltr'><strong>campus,</strong></span> 
     </span>
     <span class='ocr_line' id='line_1_38' title="bbox 586 3033 3504 3113; baseline -0.001 -18"><span class='ocrx_word' id='word_1_432' title='bbox 586 3052 765 3113; x_wconf 88' lang='lat' dir='ltr'><strong>quem</strong></span> <span class='ocrx_word' id='word_1_433' title='bbox 804 3055 983 3096; x_wconf 85' lang='lat' dir='ltr'><strong>nemo</strong></span> <span class='ocrx_word' id='word_1_434' title='bbox 1024 3037 1209 3096; x_wconf 88' lang='lat' dir='ltr'><strong>homo</strong></span> <span class='ocrx_word' id='word_1_435' title='bbox 1246 3038 1457 3112; x_wconf 90' lang='lat' dir='ltr'><strong>(usque</strong></span> <span class='ocrx_word' id='word_1_436' title='bbox 1497 3037 1650 3095; x_wconf 77' lang='lat' dir='ltr'><strong>adeo</strong></span> <span class='ocrx_word' id='word_1_437' title='bbox 1694 3033 1887 3095; x_wconf 90' lang='lat' dir='ltr'><strong>miseri</strong></span> <span class='ocrx_word' id='word_1_438' title='bbox 1929 3038 2154 3112; x_wconf 85' lang='lat' dir='ltr'><strong>sumus)</strong></span> <span class='ocrx_word' id='word_1_439' title='bbox 2207 3036 2304 3094; x_wconf 86' lang='lat' dir='ltr'><strong>vel</strong></span> <span class='ocrx_word' id='word_1_440' title='bbox 2343 3034 2589 3095; x_wconf 89' lang='lat' dir='ltr'><strong>minima</strong></span> <span class='ocrx_word' id='word_1_441' title='bbox 2625 3054 2700 3096; x_wconf 86' lang='lat' dir='ltr'><strong>ex</strong></span> <span class='ocrx_word' id='word_1_442' title='bbox 2741 3046 2907 3111; x_wconf 80' lang='lat' dir='ltr'><strong>parte</strong></span> <span class='ocrx_word' id='word_1_443' title='bbox 2947 3034 3132 3113; x_wconf 90' lang='lat' dir='ltr'><strong>possit</strong></span> <span class='ocrx_word' id='word_1_444' title='bbox 3173 3035 3504 3095; x_wconf 87' lang='lat' dir='ltr'><strong>decurrere.</strong></span> 
     </span>
     <span class='ocr_line' id='line_1_39' title="bbox 588 3113 3505 3191; baseline -0 -17"><span class='ocrx_word' id='word_1_445' title='bbox 588 3116 641 3174; x_wconf 93' lang='lat' dir='ltr'><strong>E</strong></span> <span class='ocrx_word' id='word_1_446' title='bbox 692 3115 930 3176; x_wconf 88' lang='lat' dir='ltr'><strong>diuerso</strong></span> <span class='ocrx_word' id='word_1_447' title='bbox 970 3126 1169 3175; x_wconf 90' lang='lat' dir='ltr'><strong>autem</strong></span> <span class='ocrx_word' id='word_1_448' title='bbox 1210 3114 1357 3191; x_wconf 89' lang='lat' dir='ltr'><strong>quid</strong></span> <span class='ocrx_word' id='word_1_449' title='bbox 1396 3127 1486 3175; x_wconf 91' lang='lat' dir='ltr'><strong>est</strong></span> <span class='ocrx_word' id='word_1_450' title='bbox 1524 3116 1721 3181; x_wconf 82' lang='lat' dir='ltr'><strong>Deus,</strong></span> <span class='ocrx_word' id='word_1_451' title='bbox 1776 3113 1887 3174; x_wconf 89' lang='lat' dir='ltr'><strong>nisi</strong></span> <span class='ocrx_word' id='word_1_452' title='bbox 1926 3124 2095 3191; x_wconf 85' lang='lat' dir='ltr'><strong>pater</strong></span> <span class='ocrx_word' id='word_1_453' title='bbox 2135 3114 2233 3175; x_wconf 89' lang='lat' dir='ltr'><strong>ille</strong></span> <span class='ocrx_word' id='word_1_454' title='bbox 2273 3114 2714 3175; x_wconf 87' lang='lat' dir='ltr'><strong>miserationum</strong></span> <span class='ocrx_word' id='word_1_455' title='bbox 2755 3116 2810 3173; x_wconf 81' lang='lat'>&amp;</span> <span class='ocrx_word' id='word_1_456' title='bbox 2853 3116 3046 3175; x_wconf 87' lang='lat' dir='ltr'><strong>omnis</strong></span> <span class='ocrx_word' id='word_1_457' title='bbox 3087 3116 3281 3175; x_wconf 90' lang='lat' dir='ltr'><strong>bonae</strong></span> <span class='ocrx_word' id='word_1_458' title='bbox 3322 3116 3505 3175; x_wconf 89' lang='lat' dir='ltr'><strong>dona·</strong></span> 
     </span>
     <span class='ocr_line' id='line_1_40' title="bbox 588 3193 3505 3275; baseline -0.001 -20"><span class='ocrx_word' id='word_1_459' title='bbox 588 3194 765 3255; x_wconf 90' lang='lat' dir='ltr'><strong>tionis</strong></span> <span class='ocrx_word' id='word_1_460' title='bbox 806 3206 995 3275; x_wconf 87' lang='lat' dir='ltr'><strong>autor,</strong></span> <span class='ocrx_word' id='word_1_461' title='bbox 1036 3196 1139 3272; x_wconf 85' lang='lat' dir='ltr'><strong>qui</strong></span> <span class='ocrx_word' id='word_1_462' title='bbox 1177 3197 1337 3255; x_wconf 88' lang='lat' dir='ltr'><strong>solus</strong></span> <span class='ocrx_word' id='word_1_463' title='bbox 1376 3194 1653 3255; x_wconf 82' lang='lat' dir='ltr'><strong>miserum</strong></span> <span class='ocrx_word' id='word_1_464' title='bbox 1694 3194 2000 3253; x_wconf 89' lang='lat' dir='ltr'><strong>hominem</strong></span> <span class='ocrx_word' id='word_1_465' title='bbox 2041 3195 2167 3253; x_wconf 88' lang='lat' dir='ltr'><strong>sola</strong></span> <span class='ocrx_word' id='word_1_466' title='bbox 2206 3193 2608 3253; x_wconf 88' lang='lat' dir='ltr'><strong>misericordia</strong></span> <span class='ocrx_word' id='word_1_467' title='bbox 2645 3212 2751 3254; x_wconf 87' lang='lat' dir='ltr'><strong>sua</strong></span> <span class='ocrx_word' id='word_1_468' title='bbox 2793 3204 2988 3271; x_wconf 89' lang='lat' dir='ltr'><strong>potest</strong></span> <span class='ocrx_word' id='word_1_469' title='bbox 3027 3206 3092 3253; x_wconf 83' lang='lat' dir='ltr'><strong>vt</strong></span> <span class='ocrx_word' id='word_1_470' title='bbox 3125 3193 3505 3271; x_wconf 88' lang='lat' dir='ltr'><strong>omnipotens</strong></span> 
     </span>
     <span class='ocr_line' id='line_1_41' title="bbox 588 3272 3504 3353; baseline -0.001 -18"><span class='ocrx_word' id='word_1_471' title='bbox 588 3287 708 3351; x_wconf 86' lang='lat' dir='ltr'><strong>est,</strong></span> <span class='ocrx_word' id='word_1_472' title='bbox 753 3277 879 3337; x_wconf 85' lang='lat' dir='ltr'><strong>vult</strong></span> <span class='ocrx_word' id='word_1_473' title='bbox 916 3286 982 3335; x_wconf 92' lang='lat' dir='ltr'><strong>ut</strong></span> <span class='ocrx_word' id='word_1_474' title='bbox 1022 3275 1282 3353; x_wconf 89' lang='lat' dir='ltr'><strong>optimus</strong></span> <span class='ocrx_word' id='word_1_475' title='bbox 1323 3284 1413 3335; x_wconf 89' lang='lat' dir='ltr'><strong>est</strong></span> <span class='ocrx_word' id='word_1_476' title='bbox 1452 3285 1631 3349; x_wconf 88' lang='lat' dir='ltr'><strong>atque</strong></span> <span class='ocrx_word' id='word_1_477' title='bbox 1669 3273 2036 3350; x_wconf 86' lang='lat' dir='ltr'><strong>misericors,</strong></span> <span class='ocrx_word' id='word_1_478' title='bbox 2079 3273 2192 3333; x_wconf 87' lang='lat' dir='ltr'><strong>scit</strong></span> <span class='ocrx_word' id='word_1_479' title='bbox 2230 3282 2294 3333; x_wconf 92' lang='lat' dir='ltr'><strong>vt</strong></span> <span class='ocrx_word' id='word_1_480' title='bbox 2331 3284 2420 3333; x_wconf 90' lang='lat' dir='ltr'><strong>est</strong></span> <span class='ocrx_word' id='word_1_481' title='bbox 2459 3274 2946 3351; x_wconf 82' lang='lat' dir='ltr'><strong>sapientissimus,</strong></span> <span class='ocrx_word' id='word_1_482' title='bbox 2987 3277 3022 3335; x_wconf 77' lang='grc' dir='ltr'><em>ὲ</em></span> <span class='ocrx_word' id='word_1_483' title='bbox 3063 3272 3294 3335; x_wconf 87' lang='lat' dir='ltr'><strong>miseria</strong></span> <span class='ocrx_word' id='word_1_484' title='bbox 3325 3272 3504 3351; x_wconf 90' lang='lat' dir='ltr'><strong>ipsius</strong></span> 
     </span>
     <span class='ocr_line' id='line_1_42' title="bbox 590 3350 3498 3432; baseline -0.001 -17"><span class='ocrx_word' id='word_1_485' title='bbox 590 3358 645 3415; x_wconf 88' lang='lat'>&amp;</span> <span class='ocrx_word' id='word_1_486' title='bbox 688 3356 827 3415; x_wconf 90' lang='lat' dir='ltr'><strong>sede</strong></span> <span class='ocrx_word' id='word_1_487' title='bbox 868 3354 1137 3415; x_wconf 89' lang='lat' dir='ltr'><strong>miseriae</strong></span> <span class='ocrx_word' id='word_1_488' title='bbox 1175 3355 1400 3432; x_wconf 88' lang='lat' dir='ltr'><strong>eripere</strong></span> <span class='ocrx_word' id='word_1_489' title='bbox 1416 3350 1639 3429; x_wconf 83' lang='lat' dir='ltr'><strong>?Quam</strong></span> <span class='ocrx_word' id='word_1_490' title='bbox 1679 3372 1803 3413; x_wconf 88' lang='lat' dir='ltr'><strong>rem</strong></span> <span class='ocrx_word' id='word_1_491' title='bbox 1820 3398 1837 3427; x_wconf 87' lang='lat'><strong>,</strong></span> <span class='ocrx_word' id='word_1_492' title='bbox 1878 3353 2018 3429; x_wconf 91' lang='lat' dir='ltr'><strong>quia</strong></span> <span class='ocrx_word' id='word_1_493' title='bbox 2057 3351 2328 3431; x_wconf 84' lang='lat' dir='ltr'><strong>promisit</strong></span> <span class='ocrx_word' id='word_1_494' title='bbox 2366 3356 2423 3412; x_wconf 74' lang='grc' dir='ltr'><strong>δι</strong></span> <span class='ocrx_word' id='word_1_495' title='bbox 2463 3353 2650 3413; x_wconf 85' lang='lat' dir='ltr'><strong>fidelis</strong></span> <span class='ocrx_word' id='word_1_496' title='bbox 2691 3364 2780 3413; x_wconf 88' lang='lat' dir='ltr'><strong>est</strong></span> <span class='ocrx_word' id='word_1_497' title='bbox 2819 3372 2890 3412; x_wconf 91' lang='lat' dir='ltr'><strong>ac</strong></span> <span class='ocrx_word' id='word_1_498' title='bbox 2931 3372 3140 3428; x_wconf 78' lang='lat' dir='ltr'><strong>verax,</strong></span> <span class='ocrx_word' id='word_1_499' title='bbox 3175 3354 3498 3413; x_wconf 88' lang='lat' dir='ltr'><strong>secundum</strong></span> 
     </span>
     <span class='ocr_line' id='line_1_43' title="bbox 586 3432 3504 3512; baseline -0.001 -18"><span class='ocrx_word' id='word_1_500' title='bbox 586 3434 747 3495; x_wconf 81' lang='lat' dir='ltr'><strong>illam</strong></span> <span class='ocrx_word' id='word_1_501' title='bbox 791 3434 1114 3512; x_wconf 89' lang='lat' dir='ltr'><strong>potentiam</strong></span> <span class='ocrx_word' id='word_1_502' title='bbox 1156 3452 1324 3495; x_wconf 87' lang='lat' dir='ltr'><strong>suam</strong></span> <span class='ocrx_word' id='word_1_503' title='bbox 1342 3480 1358 3511; x_wconf 90' lang='lat'><strong>,</strong></span> <span class='ocrx_word' id='word_1_504' title='bbox 1398 3434 1725 3495; x_wconf 88' lang='lat' dir='ltr'><strong>bonitatem</strong></span> <span class='ocrx_word' id='word_1_505' title='bbox 1742 3479 1758 3509; x_wconf 91' lang='lat'><strong>,</strong></span> <span class='ocrx_word' id='word_1_506' title='bbox 1798 3432 2260 3493; x_wconf 88' lang='lat' dir='ltr'><strong>misericordiam</strong></span> <span class='ocrx_word' id='word_1_507' title='bbox 2281 3478 2297 3503; x_wconf 81' lang='lat'><strong>,</strong></span> <span class='ocrx_word' id='word_1_508' title='bbox 2330 3434 2385 3493; x_wconf 69' lang='grc' dir='ltr'><strong>δι</strong></span> <span class='ocrx_word' id='word_1_509' title='bbox 2406 3432 2748 3510; x_wconf 87' lang='lat' dir='ltr'><strong>sapientiam</strong></span> <span class='ocrx_word' id='word_1_510' title='bbox 2774 3443 2862 3493; x_wconf 89' lang='lat' dir='ltr'><strong>est</strong></span> <span class='ocrx_word' id='word_1_511' title='bbox 2881 3436 3209 3493; x_wconf 85' lang='lat' dir='ltr'><strong>effecturus.</strong></span> <span class='ocrx_word' id='word_1_512' title='bbox 3252 3434 3328 3492; x_wconf 91' lang='lat' dir='ltr'><strong>Et</strong></span> <span class='ocrx_word' id='word_1_513' title='bbox 3349 3448 3504 3509; x_wconf 88' lang='lat' dir='ltr'><strong>quae</strong></span> 
     </span>
     <span class='ocr_line' id='line_1_44' title="bbox 588 3511 3502 3591; baseline -0.001 -17"><span class='ocrx_word' id='word_1_514' title='bbox 588 3514 757 3575; x_wconf 87' lang='lat' dir='ltr'><strong>huius</strong></span> <span class='ocrx_word' id='word_1_515' title='bbox 778 3512 984 3577; x_wconf 88' lang='lat' dir='ltr'><strong>sedes?</strong></span> <span class='ocrx_word' id='word_1_516' title='bbox 1026 3514 1303 3591; x_wconf 84' lang='lat' dir='ltr'><strong>iustitiae,</strong></span> <span class='ocrx_word' id='word_1_517' title='bbox 1344 3514 1530 3587; x_wconf 84' lang='lat' dir='ltr'><strong>vitae,</strong></span> <span class='ocrx_word' id='word_1_518' title='bbox 1572 3511 1826 3590; x_wconf 87' lang='lat' dir='ltr'><strong>gloriae.</strong></span> <span class='ocrx_word' id='word_1_519' title='bbox 1866 3512 1926 3572; x_wconf 90' lang='lat' dir='ltr'><strong>in</strong></span> <span class='ocrx_word' id='word_1_520' title='bbox 1969 3530 2150 3589; x_wconf 88' lang='lat' dir='ltr'><strong>quam</strong></span> <span class='ocrx_word' id='word_1_521' title='bbox 2191 3512 2440 3573; x_wconf 81' lang='lat' dir='ltr'><strong>omnino</strong></span> <span class='ocrx_word' id='word_1_522' title='bbox 2479 3511 2746 3589; x_wconf 89' lang='lat' dir='ltr'><strong>quisquis</strong></span> <span class='ocrx_word' id='word_1_523' title='bbox 2777 3511 3225 3589; x_wconf 86' lang='lat' dir='ltr'><strong>conscenderit,</strong></span> <span class='ocrx_word' id='word_1_524' title='bbox 3245 3523 3403 3573; x_wconf 88' lang='lat' dir='ltr'><strong>tutus</strong></span> <span class='ocrx_word' id='word_1_525' title='bbox 3423 3512 3502 3571; x_wconf 91' lang='lat' dir='ltr'><strong>ab</strong></span> 
     </span>
     <span class='ocr_line' id='line_1_45' title="bbox 585 3591 3500 3673; baseline -0.001 -20"><span class='ocrx_word' id='word_1_526' title='bbox 585 3595 753 3656; x_wconf 89' lang='lat' dir='ltr'><strong>omni</strong></span> <span class='ocrx_word' id='word_1_527' title='bbox 790 3596 1013 3673; x_wconf 90' lang='lat' dir='ltr'><strong>impetu</strong></span> <span class='ocrx_word' id='word_1_528' title='bbox 1052 3595 1111 3655; x_wconf 92' lang='lat' dir='ltr'><strong>in</strong></span> <span class='ocrx_word' id='word_1_529' title='bbox 1155 3593 1270 3655; x_wconf 91' lang='lat' dir='ltr'><strong>Dei</strong></span> <span class='ocrx_word' id='word_1_530' title='bbox 1308 3593 1638 3672; x_wconf 79' lang='lat' dir='ltr'><strong>praesidiO,</strong></span> <span class='ocrx_word' id='word_1_531' title='bbox 1689 3592 1767 3653; x_wconf 89' lang='lat' dir='ltr'><strong>ad</strong></span> <span class='ocrx_word' id='word_1_532' title='bbox 1818 3591 2224 3653; x_wconf 87' lang='lat' dir='ltr'><strong>aeternitatem</strong></span> <span class='ocrx_word' id='word_1_533' title='bbox 2279 3592 2702 3668; x_wconf 89' lang='lat' dir='ltr'><strong>conquieturus</strong></span> <span class='ocrx_word' id='word_1_534' title='bbox 2755 3602 2861 3651; x_wconf 88' lang='lat' dir='ltr'><strong>est.</strong></span> <span class='ocrx_word' id='word_1_535' title='bbox 2923 3593 3230 3667; x_wconf 87' lang='lat' dir='ltr'><strong>Quantum</strong></span> <span class='ocrx_word' id='word_1_536' title='bbox 3270 3602 3500 3663; x_wconf 88' lang='lat' dir='ltr'><strong>autem,</strong></span> 
     </span>
     <span class='ocr_line' id='line_1_46' title="bbox 589 3670 3503 3751; baseline -0.001 -18"><span class='ocrx_word' id='word_1_537' title='bbox 589 3675 871 3749; x_wconf 90' lang='lat' dir='ltr'><strong>obsecro,</strong></span> <span class='ocrx_word' id='word_1_538' title='bbox 912 3675 1285 3736; x_wconf 87' lang='lat' dir='ltr'><strong>interuallum</strong></span> <span class='ocrx_word' id='word_1_539' title='bbox 1328 3672 1653 3751; x_wconf 84' lang='lat' dir='ltr'><strong>putandum</strong></span> <span class='ocrx_word' id='word_1_540' title='bbox 1690 3683 1781 3732; x_wconf 91' lang='lat' dir='ltr'><strong>est</strong></span> <span class='ocrx_word' id='word_1_541' title='bbox 1814 3672 1968 3732; x_wconf 89' lang='lat' dir='ltr'><strong>inter</strong></span> <span class='ocrx_word' id='word_1_542' title='bbox 1989 3670 2156 3730; x_wconf 87' lang='lat' dir='ltr'><strong>illum</strong></span> <span class='ocrx_word' id='word_1_543' title='bbox 2177 3688 2353 3747; x_wconf 88' lang='lat' dir='ltr'><strong>quem</strong></span> <span class='ocrx_word' id='word_1_544' title='bbox 2374 3671 2782 3749; x_wconf 83' lang='lat' dir='ltr'><strong>praedicamus</strong></span> <span class='ocrx_word' id='word_1_545' title='bbox 2800 3673 3031 3749; x_wconf 89' lang='lat' dir='ltr'><strong>Deum,</strong></span> <span class='ocrx_word' id='word_1_546' title='bbox 3051 3675 3108 3733; x_wconf 75' lang='grc' dir='ltr'><strong>δι</strong></span> <span class='ocrx_word' id='word_1_547' title='bbox 3127 3690 3236 3733; x_wconf 89' lang='lat' dir='ltr'><strong>nos</strong></span> <span class='ocrx_word' id='word_1_548' title='bbox 3259 3671 3503 3731; x_wconf 85' lang='lat' dir='ltr'><strong>miseros</strong></span> 
     </span>
     <span class='ocr_line' id='line_1_47' title="bbox 588 3748 3502 3833; baseline -0.001 -20"><span class='ocrx_word' id='word_1_549' title='bbox 588 3754 1054 3833; x_wconf 56' lang='lat' dir='ltr'><strong>homuncionem,</strong></span> <span class='ocrx_word' id='word_1_550' title='bbox 1116 3754 1219 3831; x_wconf 90' lang='lat' dir='ltr'><strong>qui</strong></span> <span class='ocrx_word' id='word_1_551' title='bbox 1259 3755 1476 3816; x_wconf 87' lang='lat' dir='ltr'><strong>domos</strong></span> <span class='ocrx_word' id='word_1_552' title='bbox 1517 3754 1703 3813; x_wconf 89' lang='lat' dir='ltr'><strong>luteas</strong></span> <span class='ocrx_word' id='word_1_553' title='bbox 1742 3748 2095 3812; x_wconf 89' lang='lat' dir='ltr'><strong>incolimus?</strong></span> <span class='ocrx_word' id='word_1_554' title='bbox 2157 3752 2462 3825; x_wconf 87' lang='lat' dir='ltr'><strong>Quantum</strong></span> <span class='ocrx_word' id='word_1_555' title='bbox 2505 3752 2681 3811; x_wconf 88' lang='lat' dir='ltr'><strong>distat</strong></span> <span class='ocrx_word' id='word_1_556' title='bbox 2720 3752 2820 3812; x_wconf 83' lang='lat' dir='ltr'><strong>illa</strong></span> <span class='ocrx_word' id='word_1_557' title='bbox 2866 3763 3106 3811; x_wconf 89' lang='lat' dir='ltr'><strong>aeterna</strong></span> <span class='ocrx_word' id='word_1_558' title='bbox 3143 3754 3200 3813; x_wconf 78' lang='grc' dir='ltr'><strong>δι</strong></span> <span class='ocrx_word' id='word_1_559' title='bbox 3239 3750 3502 3811; x_wconf 87' lang='lat' dir='ltr'><strong>caelestis</strong></span> 
     </span>
     <span class='ocr_line' id='line_1_48' title="bbox 591 3824 3504 3911; baseline -0.001 -18"><span class='ocrx_word' id='word_1_560' title='bbox 591 3834 763 3896; x_wconf 87' lang='lat' dir='ltr'><strong>sedes</strong></span> <span class='ocrx_word' id='word_1_561' title='bbox 802 3838 857 3897; x_wconf 74' lang='grc' dir='ltr'><strong>δι</strong></span> <span class='ocrx_word' id='word_1_562' title='bbox 894 3834 1142 3895; x_wconf 87' lang='lat' dir='ltr'><strong>immota</strong></span> <span class='ocrx_word' id='word_1_563' title='bbox 1181 3834 1423 3911; x_wconf 79' lang='lat' dir='ltr'><strong>ciuitas,</strong></span> <span class='ocrx_word' id='word_1_564' title='bbox 1463 3834 1538 3893; x_wconf 85' lang='lat' dir='ltr'><strong>ab</strong></span> <span class='ocrx_word' id='word_1_565' title='bbox 1573 3834 1691 3891; x_wconf 89' lang='lat' dir='ltr'><strong>hoc</strong></span> <span class='ocrx_word' id='word_1_566' title='bbox 1733 3842 2154 3893; x_wconf 89' lang='lat' dir='ltr'><strong>momentaneo</strong></span> <span class='ocrx_word' id='word_1_567' title='bbox 2197 3834 2254 3891; x_wconf 74' lang='grc' dir='ltr'><strong>ὅτ</strong></span> <span class='ocrx_word' id='word_1_568' title='bbox 2293 3829 2448 3908; x_wconf 86' lang='lat' dir='ltr'><strong>putri</strong></span> <span class='ocrx_word' id='word_1_569' title='bbox 2482 3831 2788 3908; x_wconf 88' lang='lat' dir='ltr'><strong>gurgustio</strong></span> <span class='ocrx_word' id='word_1_570' title='bbox 2821 3833 2987 3907; x_wconf 89' lang='lat' dir='ltr'><strong>quod</strong></span> <span class='ocrx_word' id='word_1_571' title='bbox 3021 3851 3132 3892; x_wconf 91' lang='lat' dir='ltr'><strong>nos</strong></span> <span class='ocrx_word' id='word_1_572' title='bbox 3153 3824 3504 3891; x_wconf 82' lang='lat' dir='ltr'><strong>incolimus?</strong></span> 
     </span>
     <span class='ocr_line' id='line_1_49' title="bbox 592 3910 3502 3993; baseline -0.002 -19"><span class='ocrx_word' id='word_1_573' title='bbox 592 3916 699 3975; x_wconf 88' lang='lat' dir='ltr'><strong>Est</strong></span> <span class='ocrx_word' id='word_1_574' title='bbox 738 3914 913 3993; x_wconf 88' lang='lat' dir='ltr'><strong>igitur</strong></span> <span class='ocrx_word' id='word_1_575' title='bbox 951 3914 1284 3975; x_wconf 83' lang='lat' dir='ltr'><strong>faciendum</strong></span> <span class='ocrx_word' id='word_1_576' title='bbox 1328 3914 1456 3991; x_wconf 91' lang='lat' dir='ltr'><strong>iter,</strong></span> <span class='ocrx_word' id='word_1_577' title='bbox 1496 3912 1547 3972; x_wconf 90' lang='lat' dir='ltr'><strong>si</strong></span> <span class='ocrx_word' id='word_1_578' title='bbox 1588 3930 1661 3973; x_wconf 89' lang='lat' dir='ltr'><strong>ex</strong></span> <span class='ocrx_word' id='word_1_579' title='bbox 1700 3914 1818 3971; x_wconf 87' lang='lat' dir='ltr'><strong>hoc</strong></span> <span class='ocrx_word' id='word_1_580' title='bbox 1862 3910 2192 3971; x_wconf 88' lang='lat' dir='ltr'><strong>miserrimo</strong></span> <span class='ocrx_word' id='word_1_581' title='bbox 2233 3911 2538 3971; x_wconf 82' lang='lat' dir='ltr'><strong>domicilio</strong></span> <span class='ocrx_word' id='word_1_582' title='bbox 2577 3923 2784 3971; x_wconf 86' lang='lat' dir='ltr'><strong>nostro</strong></span> <span class='ocrx_word' id='word_1_583' title='bbox 2826 3912 2902 3971; x_wconf 89' lang='lat' dir='ltr'><strong>ad</strong></span> <span class='ocrx_word' id='word_1_584' title='bbox 2942 3910 3084 3970; x_wconf 87' lang='lat' dir='ltr'><strong>illud</strong></span> <span class='ocrx_word' id='word_1_585' title='bbox 3105 3910 3502 3971; x_wconf 85' lang='lat' dir='ltr'><strong>beatissimum</strong></span> 
     </span>
     <span class='ocr_line' id='line_1_50' title="bbox 590 3989 3502 4079; baseline -0.003 -24"><span class='ocrx_word' id='word_1_586' title='bbox 590 3994 937 4073; x_wconf 87' lang='lat' dir='ltr'><strong>aspiramus.</strong></span> <span class='ocrx_word' id='word_1_587' title='bbox 980 3996 1119 4053; x_wconf 88' lang='lat' dir='ltr'><strong>Hoc</strong></span> <span class='ocrx_word' id='word_1_588' title='bbox 1161 3993 1271 4054; x_wconf 89' lang='lat' dir='ltr'><strong>iter</strong></span> <span class='ocrx_word' id='word_1_589' title='bbox 1306 4012 1485 4053; x_wconf 91' lang='lat' dir='ltr'><strong>nemo</strong></span> <span class='ocrx_word' id='word_1_590' title='bbox 1528 3993 1712 4052; x_wconf 89' lang='lat' dir='ltr'><strong>homo</strong></span> <span class='ocrx_word' id='word_1_591' title='bbox 1754 3992 1815 4051; x_wconf 90' lang='lat' dir='ltr'><strong>in</strong></span> <span class='ocrx_word' id='word_1_592' title='bbox 1858 3989 2052 4067; x_wconf 80' lang='lat' dir='ltr'><strong>terriS,</strong></span> <span class='ocrx_word' id='word_1_593' title='bbox 2091 4001 2194 4049; x_wconf 91' lang='lat' dir='ltr'><strong>aut</strong></span> <span class='ocrx_word' id='word_1_594' title='bbox 2233 3992 2498 4068; x_wconf 86' lang='lat' dir='ltr'><strong>Angelus</strong></span> <span class='ocrx_word' id='word_1_595' title='bbox 2538 3995 2572 4049; x_wconf 80' lang='grc' dir='ltr'><strong>ὲ</strong></span> <span class='ocrx_word' id='word_1_596' title='bbox 2603 3993 2772 4052; x_wconf 89' lang='lat' dir='ltr'><strong>caelo</strong></span> <span class='ocrx_word' id='word_1_597' title='bbox 2795 3991 3016 4051; x_wconf 90' lang='lat' dir='ltr'><strong>docere</strong></span> <span class='ocrx_word' id='word_1_598' title='bbox 3049 4003 3147 4051; x_wconf 91' lang='lat' dir='ltr'><strong>aut</strong></span> <span class='ocrx_word' id='word_1_599' title='bbox 3177 4002 3502 4079; x_wconf 73' lang='lat' dir='ltr'><strong>monstrare</strong></span> 
     </span>
    </p>
   </div>
  </div>
 </body>
</html>
