<?xml version="1.0" encoding="UTF-8"?>
<!DOCTYPE html PUBLIC "-//W3C//DTD XHTML 1.0 Transitional//EN"
    "http://www.w3.org/TR/xhtml1/DTD/xhtml1-transitional.dtd">
<html xmlns="http://www.w3.org/1999/xhtml" xml:lang="en" lang="en">
 <head>
  <title>
</title>
<meta http-equiv="Content-Type" content="text/html;charset=utf-8" />
  <meta name='ocr-system' content='tesseract 3.04.00' />
  <meta name='ocr-capabilities' content='ocr_page ocr_carea ocr_par ocr_line ocrx_word'/>
</head>
<body>
  <div class='ocr_page' id='page_1' title='image "./dfranciscijunii00junigoog_0462.png"; bbox 0 0 3923 4875; ppageno 0'>
   <div class='ocr_carea' id='block_1_1' title="bbox 508 109 3550 3951">
    <p class='ocr_par' dir='ltr' id='par_1_1' title="bbox 508 109 3550 3951">
     <span class='ocr_line' id='line_1_1' title="bbox 586 109 3550 191; baseline 0 -17"><span class='ocrx_word' id='word_1_1' title='bbox 586 111 919 174; x_wconf 77' lang='lat' dir='ltr'>Ecclesiam</span> <span class='ocrx_word' id='word_1_2' title='bbox 976 129 1137 190; x_wconf 86' lang='lat' dir='ltr'>esse,</span> <span class='ocrx_word' id='word_1_3' title='bbox 1194 109 1337 190; x_wconf 89' lang='lat' dir='ltr'>quia</span> <span class='ocrx_word' id='word_1_4' title='bbox 1394 113 1520 172; x_wconf 84' lang='lat' dir='ltr'>Lex</span> <span class='ocrx_word' id='word_1_5' title='bbox 1574 113 1768 173; x_wconf 85' lang='lat' dir='ltr'>forma</span> <span class='ocrx_word' id='word_1_6' title='bbox 1812 111 1888 174; x_wconf 88' lang='lat' dir='ltr'>sit</span> <span class='ocrx_word' id='word_1_7' title='bbox 1928 111 2232 174; x_wconf 76' lang='lat' dir='ltr'><strong>Ecclesiae</strong></span> <span class='ocrx_word' id='word_1_8' title='bbox 2273 111 2676 190; x_wconf 78' lang='lat' dir='ltr'>aspectabilis,</span> <span class='ocrx_word' id='word_1_9' title='bbox 2715 131 2842 172; x_wconf 93' lang='lat' dir='ltr'>non</span> <span class='ocrx_word' id='word_1_10' title='bbox 2881 121 3081 174; x_wconf 85' lang='lat' dir='ltr'>autem</span> <span class='ocrx_word' id='word_1_11' title='bbox 3121 111 3550 191; x_wconf 82' lang='lat' dir='ltr'>Euangelium</span> 
     </span>
     <span class='ocr_line' id='line_1_2' title="bbox 586 191 3550 270; baseline 0 -16"><span class='ocrx_word' id='word_1_12' title='bbox 586 191 823 254; x_wconf 83' lang='lat' dir='ltr'>Christi.</span> <span class='ocrx_word' id='word_1_13' title='bbox 866 193 965 253; x_wconf 91' lang='lat' dir='ltr'>Ad</span> <span class='ocrx_word' id='word_1_14' title='bbox 1004 193 1157 253; x_wconf 90' lang='lat' dir='ltr'>haec</span> <span class='ocrx_word' id='word_1_15' title='bbox 1198 191 1490 253; x_wconf 89' lang='lat' dir='ltr'>soluenda</span> <span class='ocrx_word' id='word_1_16' title='bbox 1528 193 1617 268; x_wconf 86' lang='lat' dir='ltr'>(vt</span> <span class='ocrx_word' id='word_1_17' title='bbox 1656 213 1782 254; x_wconf 88' lang='lat' dir='ltr'>rem</span> <span class='ocrx_word' id='word_1_18' title='bbox 1820 192 2033 254; x_wconf 82' lang='lat' dir='ltr'>ordine</span> <span class='ocrx_word' id='word_1_19' title='bbox 2073 199 2522 270; x_wconf 89' lang='lat' dir='ltr'>persequamur)</span> <span class='ocrx_word' id='word_1_20' title='bbox 2555 191 3000 270; x_wconf 87' lang='lat' dir='ltr'>intelligendum</span> <span class='ocrx_word' id='word_1_21' title='bbox 3023 204 3112 254; x_wconf 86' lang='lat' dir='ltr'>est</span> <span class='ocrx_word' id='word_1_22' title='bbox 3132 193 3386 254; x_wconf 85' lang='lat' dir='ltr'>verbum</span> <span class='ocrx_word' id='word_1_23' title='bbox 3409 193 3550 254; x_wconf 84' lang='lat' dir='ltr'>Dei</span> 
     </span>
     <span class='ocr_line' id='line_1_3' title="bbox 585 269 3544 352; baseline 0 -19"><span class='ocrx_word' id='word_1_24' title='bbox 585 273 841 333; x_wconf 85' lang='lat' dir='ltr'>formam</span> <span class='ocrx_word' id='word_1_25' title='bbox 900 270 1173 334; x_wconf 83' lang='lat' dir='ltr'>sensilem</span> <span class='ocrx_word' id='word_1_26' title='bbox 1234 269 1541 333; x_wconf 81' lang='lat' dir='ltr'>Ecclesiae</span> <span class='ocrx_word' id='word_1_27' title='bbox 1594 291 1721 334; x_wconf 88' lang='lat' dir='ltr'>esse</span> <span class='ocrx_word' id='word_1_28' title='bbox 1736 317 1755 352; x_wconf 92' lang='lat'>,</span> <span class='ocrx_word' id='word_1_29' title='bbox 1815 272 2074 352; x_wconf 90' lang='lat' dir='ltr'>primum</span> <span class='ocrx_word' id='word_1_30' title='bbox 2135 275 2256 350; x_wconf 74' lang='lat' dir='ltr'>qua</span> <span class='ocrx_word' id='word_1_31' title='bbox 2311 271 2662 333; x_wconf 88' lang='lat' dir='ltr'>enunciatur</span> <span class='ocrx_word' id='word_1_32' title='bbox 2707 275 2762 334; x_wconf 77' lang='grc' dir='ltr'>δι</span> <span class='ocrx_word' id='word_1_33' title='bbox 2803 271 3068 350; x_wconf 79' lang='lat' dir='ltr'>auditur,</span> <span class='ocrx_word' id='word_1_34' title='bbox 3109 270 3328 333; x_wconf 90' lang='lat' dir='ltr'>deinde</span> <span class='ocrx_word' id='word_1_35' title='bbox 3373 279 3544 334; x_wconf 75' lang='grc' dir='ltr'><strong>νει-ὸ</strong></span> 
     </span>
     <span class='ocr_line' id='line_1_4' title="bbox 586 351 3546 444; baseline -0.001 -30"><span class='ocrx_word' id='word_1_36' title='bbox 586 357 706 431; x_wconf 74' lang='lat' dir='ltr'>qua</span> <span class='ocrx_word' id='word_1_37' title='bbox 746 352 1021 414; x_wconf 86' lang='lat' dir='ltr'>scribitur</span> <span class='ocrx_word' id='word_1_38' title='bbox 1060 353 1388 444; x_wconf 79' lang='lat' dir='ltr'>legiturque</span> <span class='ocrx_word' id='word_1_39' title='bbox 1428 351 1835 414; x_wconf 84' lang='lat' dir='ltr'>enunciatum:</span> <span class='ocrx_word' id='word_1_40' title='bbox 1876 373 2016 414; x_wconf 89' lang='lat' dir='ltr'>nam</span> <span class='ocrx_word' id='word_1_41' title='bbox 2060 353 2308 413; x_wconf 89' lang='lat' dir='ltr'>verbum</span> <span class='ocrx_word' id='word_1_42' title='bbox 2349 363 2436 413; x_wconf 89' lang='lat' dir='ltr'>est</span> <span class='ocrx_word' id='word_1_43' title='bbox 2476 351 2689 413; x_wconf 89' lang='lat' dir='ltr'>mentis</span> <span class='ocrx_word' id='word_1_44' title='bbox 2729 353 2936 432; x_wconf 87' lang='lat' dir='ltr'>index,</span> <span class='ocrx_word' id='word_1_45' title='bbox 2970 353 3288 444; x_wconf 88' lang='lat' dir='ltr'>scriptura,</span> <span class='ocrx_word' id='word_1_46' title='bbox 3329 353 3546 414; x_wconf 82' lang='lat' dir='ltr'>verbi.</span> 
     </span>
     <span class='ocr_line' id='line_1_5' title="bbox 587 399 3544 510; baseline -0.001 -16"><span class='ocrx_word' id='word_1_47' title='bbox 587 432 861 510; x_wconf 87' lang='lat' dir='ltr'>Cumque</span> <span class='ocrx_word' id='word_1_48' title='bbox 902 431 1137 494; x_wconf 77' lang='lat' dir='ltr'>sensilia</span> <span class='ocrx_word' id='word_1_49' title='bbox 1178 433 1378 493; x_wconf 86' lang='lat' dir='ltr'>omnia</span> <span class='ocrx_word' id='word_1_50' title='bbox 1416 443 1657 493; x_wconf 83' lang='lat' dir='ltr'>externa</span> <span class='ocrx_word' id='word_1_51' title='bbox 1698 431 1847 507; x_wconf 86' lang='lat' dir='ltr'>sint,</span> <span class='ocrx_word' id='word_1_52' title='bbox 1898 436 2060 494; x_wconf 75' lang='lat' dir='ltr'>certe</span> <span class='ocrx_word' id='word_1_53' title='bbox 2097 431 2290 509; x_wconf 88' lang='lat' dir='ltr'>ipsum</span> <span class='ocrx_word' id='word_1_54' title='bbox 2330 434 2576 494; x_wconf 84' lang='lat' dir='ltr'>verbum</span> <span class='ocrx_word' id='word_1_55' title='bbox 2617 435 2740 510; x_wconf 74' lang='lat' dir='ltr'>qua</span> <span class='ocrx_word' id='word_1_56' title='bbox 2778 432 2886 492; x_wconf 85' lang='lat' dir='ltr'>fuit</span> <span class='ocrx_word' id='word_1_57' title='bbox 2918 399 3341 508; x_wconf 71' lang='lat' dir='ltr'>enunciatum,</span> <span class='ocrx_word' id='word_1_58' title='bbox 3383 445 3544 494; x_wconf 83' lang='lat' dir='ltr'>ante</span> 
     </span>
     <span class='ocr_line' id='line_1_6' title="bbox 590 511 3540 604; baseline 0 -31"><span class='ocrx_word' id='word_1_59' title='bbox 590 515 771 590; x_wconf 74' lang='lat' dir='ltr'>quam</span> <span class='ocrx_word' id='word_1_60' title='bbox 814 512 1332 604; x_wconf 84' lang='lat' dir='ltr'>commendaretur</span> <span class='ocrx_word' id='word_1_61' title='bbox 1366 512 1631 592; x_wconf 87' lang='lat' dir='ltr'>scriptiS,</span> <span class='ocrx_word' id='word_1_62' title='bbox 1673 512 1964 574; x_wconf 87' lang='lat' dir='ltr'>rationem</span> <span class='ocrx_word' id='word_1_63' title='bbox 2007 511 2212 572; x_wconf 90' lang='lat' dir='ltr'>habuit</span> <span class='ocrx_word' id='word_1_64' title='bbox 2253 523 2527 573; x_wconf 84' lang='lat' dir='ltr'>externae</span> <span class='ocrx_word' id='word_1_65' title='bbox 2567 514 2794 574; x_wconf 85' lang='lat' dir='ltr'>formae</span> <span class='ocrx_word' id='word_1_66' title='bbox 2832 513 2893 572; x_wconf 90' lang='lat' dir='ltr'>in</span> <span class='ocrx_word' id='word_1_67' title='bbox 2931 512 3200 574; x_wconf 83' lang='lat' dir='ltr'>Ecclesia</span> <span class='ocrx_word' id='word_1_68' title='bbox 3217 512 3371 573; x_wconf 89' lang='lat' dir='ltr'>Dei.</span> <span class='ocrx_word' id='word_1_69' title='bbox 3397 513 3540 573; x_wconf 83' lang='lat' dir='ltr'>siue</span> 
     </span>
     <span class='ocr_line' id='line_1_7' title="bbox 584 591 3536 672; baseline 0 -19"><span class='ocrx_word' id='word_1_70' title='bbox 584 595 751 654; x_wconf 90' lang='lat' dir='ltr'>Deus</span> <span class='ocrx_word' id='word_1_71' title='bbox 790 612 897 670; x_wconf 90' lang='lat' dir='ltr'>per</span> <span class='ocrx_word' id='word_1_72' title='bbox 937 611 1030 671; x_wconf 89' lang='lat' dir='ltr'>se,</span> <span class='ocrx_word' id='word_1_73' title='bbox 1072 591 1195 653; x_wconf 89' lang='lat' dir='ltr'>siue</span> <span class='ocrx_word' id='word_1_74' title='bbox 1234 612 1342 670; x_wconf 89' lang='lat' dir='ltr'>per</span> <span class='ocrx_word' id='word_1_75' title='bbox 1381 593 1529 653; x_wconf 88' lang='lat' dir='ltr'>alios</span> <span class='ocrx_word' id='word_1_76' title='bbox 1570 592 1977 654; x_wconf 90' lang='lat' dir='ltr'>enunciauerit</span> <span class='ocrx_word' id='word_1_77' title='bbox 2017 593 2226 671; x_wconf 90' lang='lat' dir='ltr'>ipsum.</span> <span class='ocrx_word' id='word_1_78' title='bbox 2269 593 2348 652; x_wconf 91' lang='lat' dir='ltr'>Et</span> <span class='ocrx_word' id='word_1_79' title='bbox 2385 591 2579 672; x_wconf 89' lang='lat' dir='ltr'>(quod</span> <span class='ocrx_word' id='word_1_80' title='bbox 2609 592 2862 670; x_wconf 88' lang='lat' dir='ltr'>amplius</span> <span class='ocrx_word' id='word_1_81' title='bbox 2882 596 2992 669; x_wconf 85' lang='lat' dir='ltr'>est)</span> <span class='ocrx_word' id='word_1_82' title='bbox 3014 603 3078 652; x_wconf 90' lang='lat' dir='ltr'>vt</span> <span class='ocrx_word' id='word_1_83' title='bbox 3101 593 3314 653; x_wconf 87' lang='lat' dir='ltr'>demus</span> <span class='ocrx_word' id='word_1_84' title='bbox 3331 592 3536 653; x_wconf 85' lang='lat' dir='ltr'>libros</span> 
     </span>
     <span class='ocr_line' id='line_1_8' title="bbox 586 670 3538 764; baseline 0 -32"><span class='ocrx_word' id='word_1_85' title='bbox 586 674 750 750; x_wconf 87' lang='lat' dir='ltr'>apud</span> <span class='ocrx_word' id='word_1_86' title='bbox 788 672 1015 764; x_wconf 85' lang='lat' dir='ltr'>priscos</span> <span class='ocrx_word' id='word_1_87' title='bbox 1052 672 1187 733; x_wconf 87' lang='lat' dir='ltr'>illos</span> <span class='ocrx_word' id='word_1_88' title='bbox 1226 682 1423 750; x_wconf 85' lang='lat' dir='ltr'>patres</span> <span class='ocrx_word' id='word_1_89' title='bbox 1460 683 1599 734; x_wconf 87' lang='lat' dir='ltr'>ante</span> <span class='ocrx_word' id='word_1_90' title='bbox 1638 673 1828 752; x_wconf 88' lang='lat' dir='ltr'>legem</span> <span class='ocrx_word' id='word_1_91' title='bbox 1850 672 2092 734; x_wconf 77' lang='lat' dir='ltr'>minime</span> <span class='ocrx_word' id='word_1_92' title='bbox 2115 671 2404 748; x_wconf 73' lang='lat' dir='ltr'>extitisse,</span> <span class='ocrx_word' id='word_1_93' title='bbox 2437 685 2635 732; x_wconf 89' lang='lat' dir='ltr'>tamen</span> <span class='ocrx_word' id='word_1_94' title='bbox 2663 683 2901 732; x_wconf 84' lang='lat' dir='ltr'>sanctos</span> <span class='ocrx_word' id='word_1_95' title='bbox 2935 670 3068 732; x_wconf 89' lang='lat' dir='ltr'>illos</span> <span class='ocrx_word' id='word_1_96' title='bbox 3097 683 3298 750; x_wconf 86' lang='lat' dir='ltr'>patres</span> <span class='ocrx_word' id='word_1_97' title='bbox 3316 674 3538 750; x_wconf 83' lang='lat' dir='ltr'>(prout</span> 
     </span>
     <span class='ocr_line' id='line_1_9' title="bbox 586 751 3532 831; baseline 0 -20"><span class='ocrx_word' id='word_1_98' title='bbox 586 751 881 814; x_wconf 87' lang='lat' dir='ltr'>centurias</span> <span class='ocrx_word' id='word_1_99' title='bbox 920 753 1149 830; x_wconf 88' lang='lat' dir='ltr'>aliquot</span> <span class='ocrx_word' id='word_1_100' title='bbox 1186 771 1480 813; x_wconf 90' lang='lat' dir='ltr'>annorum</span> <span class='ocrx_word' id='word_1_101' title='bbox 1521 751 1803 814; x_wconf 85' lang='lat' dir='ltr'>viuebant</span> <span class='ocrx_word' id='word_1_102' title='bbox 1845 752 2222 831; x_wconf 88' lang='lat' dir='ltr'>prouidentia</span> <span class='ocrx_word' id='word_1_103' title='bbox 2259 751 2400 828; x_wconf 89' lang='lat' dir='ltr'>Dei)</span> <span class='ocrx_word' id='word_1_104' title='bbox 2441 752 2624 813; x_wconf 90' lang='lat' dir='ltr'>libros</span> <span class='ocrx_word' id='word_1_105' title='bbox 2662 754 2976 830; x_wconf 88' lang='lat' dir='ltr'>loquentes</span> <span class='ocrx_word' id='word_1_106' title='bbox 3015 751 3228 812; x_wconf 85' lang='lat' dir='ltr'>fuisse&#39;</span> <span class='ocrx_word' id='word_1_107' title='bbox 3212 773 3274 812; x_wconf 88' lang='grc' dir='ltr'>ιιι</span> <span class='ocrx_word' id='word_1_108' title='bbox 3297 753 3532 812; x_wconf 86' lang='lat' dir='ltr'>sanctis</span> 
     </span>
     <span class='ocr_line' id='line_1_10' title="bbox 585 831 3528 924; baseline -0 -31"><span class='ocrx_word' id='word_1_109' title='bbox 585 833 705 893; x_wconf 87' lang='lat' dir='ltr'>suis</span> <span class='ocrx_word' id='word_1_110' title='bbox 744 833 871 909; x_wconf 83' lang='lat' dir='ltr'>fa(s.</span> <span class='ocrx_word' id='word_1_111' title='bbox 916 831 1231 908; x_wconf 87' lang='lat' dir='ltr'>710)miliis</span> <span class='ocrx_word' id='word_1_112' title='bbox 1272 850 1411 892; x_wconf 90' lang='lat' dir='ltr'>cum</span> <span class='ocrx_word' id='word_1_113' title='bbox 1452 831 1613 893; x_wconf 90' lang='lat' dir='ltr'>libris</span> <span class='ocrx_word' id='word_1_114' title='bbox 1654 833 1827 893; x_wconf 89' lang='lat' dir='ltr'>mutis</span> <span class='ocrx_word' id='word_1_115' title='bbox 1868 837 2343 912; x_wconf 71' lang='lat' dir='ltr'>comparandos,</span> <span class='ocrx_word' id='word_1_116' title='bbox 2387 841 2449 893; x_wconf 91' lang='lat' dir='ltr'>vt</span> <span class='ocrx_word' id='word_1_117' title='bbox 2488 831 2590 909; x_wconf 88' lang='lat' dir='ltr'>qui</span> <span class='ocrx_word' id='word_1_118' title='bbox 2627 831 2738 892; x_wconf 90' lang='lat' dir='ltr'>Dei</span> <span class='ocrx_word' id='word_1_119' title='bbox 2760 833 3090 924; x_wconf 89' lang='lat' dir='ltr'>Prophetae</span> <span class='ocrx_word' id='word_1_120' title='bbox 3123 843 3322 893; x_wconf 89' lang='lat' dir='ltr'>essent</span> <span class='ocrx_word' id='word_1_121' title='bbox 3357 833 3528 894; x_wconf 91' lang='lat' dir='ltr'>ordi-</span> 
     </span>
     <span class='ocr_line' id='line_1_11' title="bbox 542 911 3528 1004; baseline 0.001 -33"><span class='ocrx_word' id='word_1_122' title='bbox 542 935 559 954; x_wconf 50' lang='grc' dir='ltr'>ι</span> <span class='ocrx_word' id='word_1_123' title='bbox 586 912 762 1004; x_wconf 81' lang='lat' dir='ltr'>narij3</span> <span class='ocrx_word' id='word_1_124' title='bbox 806 913 961 974; x_wconf 85' lang='lat' dir='ltr'>Gen.</span> <span class='ocrx_word' id='word_1_125' title='bbox 1006 933 1098 972; x_wconf 89' lang='lat'>20.</span> <span class='ocrx_word' id='word_1_126' title='bbox 1145 929 1199 988; x_wconf 86' lang='lat'>7.</span> <span class='ocrx_word' id='word_1_127' title='bbox 1238 929 1493 1004; x_wconf 79' lang='lat' dir='ltr'>quorum</span> <span class='ocrx_word' id='word_1_128' title='bbox 1532 911 1678 973; x_wconf 85' lang='lat' dir='ltr'>fides</span> <span class='ocrx_word' id='word_1_129' title='bbox 1720 923 1899 990; x_wconf 87' lang='lat' dir='ltr'>atque</span> <span class='ocrx_word' id='word_1_130' title='bbox 1937 915 2258 976; x_wconf 84' lang='lat' dir='ltr'>auctoritas</span> <span class='ocrx_word' id='word_1_131' title='bbox 2298 913 2358 972; x_wconf 91' lang='lat' dir='ltr'>in</span> <span class='ocrx_word' id='word_1_132' title='bbox 2401 911 2648 973; x_wconf 90' lang='lat' dir='ltr'>dubium</span> <span class='ocrx_word' id='word_1_133' title='bbox 2691 913 2894 973; x_wconf 86' lang='lat' dir='ltr'>vocari</span> <span class='ocrx_word' id='word_1_134' title='bbox 2932 931 3056 971; x_wconf 92' lang='lat' dir='ltr'>non</span> <span class='ocrx_word' id='word_1_135' title='bbox 3095 925 3328 990; x_wconf 88' lang='lat' dir='ltr'>posset:</span> <span class='ocrx_word' id='word_1_136' title='bbox 3349 932 3528 990; x_wconf 85' lang='lat' dir='ltr'>prae·</span> 
     </span>
     <span class='ocr_line' id='line_1_12' title="bbox 586 990 3526 1070; baseline -0 -18"><span class='ocrx_word' id='word_1_137' title='bbox 586 991 787 1052; x_wconf 88' lang='lat' dir='ltr'>sertim</span> <span class='ocrx_word' id='word_1_138' title='bbox 831 993 969 1052; x_wconf 75' lang='lat' dir='ltr'>cum</span> <span class='ocrx_word' id='word_1_139' title='bbox 1009 991 1303 1052; x_wconf 83' lang='lat' dir='ltr'>ordinaria</span> <span class='ocrx_word' id='word_1_140' title='bbox 1342 990 1455 1052; x_wconf 89' lang='lat' dir='ltr'>illis</span> <span class='ocrx_word' id='word_1_141' title='bbox 1496 1001 1651 1052; x_wconf 89' lang='lat' dir='ltr'>esset</span> <span class='ocrx_word' id='word_1_142' title='bbox 1688 1008 1826 1052; x_wconf 91' lang='lat' dir='ltr'>cum</span> <span class='ocrx_word' id='word_1_143' title='bbox 1868 995 2002 1054; x_wconf 90' lang='lat' dir='ltr'>Deo</span> <span class='ocrx_word' id='word_1_144' title='bbox 2033 991 2530 1070; x_wconf 80' lang='lat' dir='ltr'>communicatiO,</span> <span class='ocrx_word' id='word_1_145' title='bbox 2563 995 2619 1053; x_wconf 74' lang='grc' dir='ltr'>δι</span> <span class='ocrx_word' id='word_1_146' title='bbox 2643 994 2774 1053; x_wconf 89' lang='lat' dir='ltr'>Deo</span> <span class='ocrx_word' id='word_1_147' title='bbox 2797 1009 2934 1052; x_wconf 89' lang='lat' dir='ltr'>cum</span> <span class='ocrx_word' id='word_1_148' title='bbox 2957 990 3088 1054; x_wconf 86' lang='lat' dir='ltr'>illis.</span> <span class='ocrx_word' id='word_1_149' title='bbox 3129 992 3526 1070; x_wconf 83' lang='lat' dir='ltr'>Quapropter</span> 
     </span>
     <span class='ocr_line' id='line_1_13' title="bbox 585 1070 3524 1151; baseline 0 -20"><span class='ocrx_word' id='word_1_150' title='bbox 585 1073 725 1132; x_wconf 78' lang='lat' dir='ltr'>cum</span> <span class='ocrx_word' id='word_1_151' title='bbox 782 1073 1031 1133; x_wconf 88' lang='lat' dir='ltr'>verbum</span> <span class='ocrx_word' id='word_1_152' title='bbox 1075 1071 1191 1132; x_wconf 91' lang='lat' dir='ltr'>Dei</span> <span class='ocrx_word' id='word_1_153' title='bbox 1231 1070 1443 1132; x_wconf 89' lang='lat' dir='ltr'>sensile</span> <span class='ocrx_word' id='word_1_154' title='bbox 1485 1072 1848 1151; x_wconf 87' lang='lat' dir='ltr'>habuerunt,</span> <span class='ocrx_word' id='word_1_155' title='bbox 1888 1071 1952 1133; x_wconf 91' lang='lat' dir='ltr'>id</span> <span class='ocrx_word' id='word_1_156' title='bbox 1991 1083 2111 1150; x_wconf 89' lang='lat' dir='ltr'>est,</span> <span class='ocrx_word' id='word_1_157' title='bbox 2154 1079 2193 1135; x_wconf 78' lang='lat' dir='ltr'>a</span> <span class='ocrx_word' id='word_1_158' title='bbox 2231 1076 2367 1135; x_wconf 89' lang='lat' dir='ltr'>Deo</span> <span class='ocrx_word' id='word_1_159' title='bbox 2411 1071 2900 1151; x_wconf 85' lang='lat' dir='ltr'>pronunciatum,</span> <span class='ocrx_word' id='word_1_160' title='bbox 2939 1072 2998 1131; x_wconf 78' lang='grc' dir='ltr'>δι</span> <span class='ocrx_word' id='word_1_161' title='bbox 3043 1071 3524 1150; x_wconf 84' lang='lat' dir='ltr'>quotiescunque</span> 
     </span>
     <span class='ocr_line' id='line_1_14' title="bbox 585 1118 3520 1244; baseline 0 -32"><span class='ocrx_word' id='word_1_162' title='bbox 585 1171 738 1232; x_wconf 90' lang='lat' dir='ltr'>opus</span> <span class='ocrx_word' id='word_1_163' title='bbox 778 1151 918 1228; x_wconf 87' lang='lat' dir='ltr'>fuit,</span> <span class='ocrx_word' id='word_1_164' title='bbox 962 1161 1236 1212; x_wconf 84' lang='lat' dir='ltr'>testatum</span> <span class='ocrx_word' id='word_1_165' title='bbox 1269 1151 1643 1230; x_wconf 85' lang='lat' dir='ltr'>amplissimis</span> <span class='ocrx_word' id='word_1_166' title='bbox 1684 1118 2211 1244; x_wconf 88' lang='lat' dir='ltr'>significationibus</span> <span class='ocrx_word' id='word_1_167' title='bbox 2249 1153 2403 1214; x_wconf 91' lang='lat' dir='ltr'>illius</span> <span class='ocrx_word' id='word_1_168' title='bbox 2443 1163 2580 1212; x_wconf 88' lang='lat' dir='ltr'>ante</span> <span class='ocrx_word' id='word_1_169' title='bbox 2620 1170 2727 1212; x_wconf 90' lang='lat' dir='ltr'>ora</span> <span class='ocrx_word' id='word_1_170' title='bbox 2760 1155 2814 1212; x_wconf 87' lang='lat'>&amp;</span> <span class='ocrx_word' id='word_1_171' title='bbox 2837 1153 3046 1212; x_wconf 89' lang='lat' dir='ltr'>oculos</span> <span class='ocrx_word' id='word_1_172' title='bbox 3065 1151 3369 1230; x_wconf 79' lang='lat' dir='ltr'>omnium3</span> <span class='ocrx_word' id='word_1_173' title='bbox 3391 1171 3520 1212; x_wconf 88' lang='lat' dir='ltr'>non</span> 
     </span>
     <span class='ocr_line' id='line_1_15' title="bbox 588 1231 3519 1324; baseline -0 -32"><span class='ocrx_word' id='word_1_174' title='bbox 588 1242 677 1292; x_wconf 86' lang='lat' dir='ltr'>est</span> <span class='ocrx_word' id='word_1_175' title='bbox 738 1249 845 1292; x_wconf 85' lang='lat' dir='ltr'>cur</span> <span class='ocrx_word' id='word_1_176' title='bbox 907 1231 1309 1293; x_wconf 88' lang='lat' dir='ltr'>desideremus</span> <span class='ocrx_word' id='word_1_177' title='bbox 1371 1233 1619 1324; x_wconf 67' lang='lat' dir='ltr'>verbum</span> <span class='ocrx_word' id='word_1_178' title='bbox 1681 1231 1966 1310; x_wconf 86' lang='lat' dir='ltr'>scriptum</span> <span class='ocrx_word' id='word_1_179' title='bbox 2021 1233 2080 1293; x_wconf 88' lang='lat' dir='ltr'>in</span> <span class='ocrx_word' id='word_1_180' title='bbox 2138 1231 2408 1296; x_wconf 84' lang='lat' dir='ltr'>Ecclesia</span> <span class='ocrx_word' id='word_1_181' title='bbox 2460 1231 2586 1310; x_wconf 90' lang='lat' dir='ltr'>illa,</span> <span class='ocrx_word' id='word_1_182' title='bbox 2637 1232 3147 1322; x_wconf 80' lang='lat' dir='ltr'>quemadmodum</span> <span class='ocrx_word' id='word_1_183' title='bbox 3187 1243 3327 1310; x_wconf 88' lang='lat' dir='ltr'>post</span> <span class='ocrx_word' id='word_1_184' title='bbox 3367 1231 3519 1291; x_wconf 91' lang='lat' dir='ltr'>illud</span> 
     </span>
     <span class='ocr_line' id='line_1_16' title="bbox 584 1311 3518 1392; baseline 0 -20"><span class='ocrx_word' id='word_1_185' title='bbox 584 1321 819 1390; x_wconf 90' lang='lat' dir='ltr'>tempus</span> <span class='ocrx_word' id='word_1_186' title='bbox 883 1313 1089 1373; x_wconf 89' lang='lat' dir='ltr'>datum</span> <span class='ocrx_word' id='word_1_187' title='bbox 1148 1322 1254 1372; x_wconf 88' lang='lat' dir='ltr'>est.</span> <span class='ocrx_word' id='word_1_188' title='bbox 1308 1323 1431 1372; x_wconf 92' lang='lat' dir='ltr'>tum</span> <span class='ocrx_word' id='word_1_189' title='bbox 1472 1311 1629 1372; x_wconf 90' lang='lat' dir='ltr'>enim</span> <span class='ocrx_word' id='word_1_190' title='bbox 1668 1311 1927 1390; x_wconf 77' lang='lat' dir='ltr'>primum</span> <span class='ocrx_word' id='word_1_191' title='bbox 1967 1311 2250 1392; x_wconf 87' lang='lat' dir='ltr'>scriptum</span> <span class='ocrx_word' id='word_1_192' title='bbox 2290 1311 2418 1375; x_wconf 89' lang='lat' dir='ltr'>dari</span> <span class='ocrx_word' id='word_1_193' title='bbox 2457 1321 2738 1389; x_wconf 89' lang='lat' dir='ltr'>coeptum</span> <span class='ocrx_word' id='word_1_194' title='bbox 2779 1323 2898 1390; x_wconf 88' lang='lat' dir='ltr'>est,</span> <span class='ocrx_word' id='word_1_195' title='bbox 2943 1311 3076 1388; x_wconf 75' lang='lat' dir='ltr'>(etsi</span> <span class='ocrx_word' id='word_1_196' title='bbox 3115 1311 3232 1371; x_wconf 88' lang='lat' dir='ltr'>iam</span> <span class='ocrx_word' id='word_1_197' title='bbox 3271 1315 3416 1371; x_wconf 74' lang='lat' dir='ltr'>ante</span> <span class='ocrx_word' id='word_1_198' title='bbox 3457 1311 3518 1372; x_wconf 92' lang='lat' dir='ltr'>in</span> 
     </span>
     <span class='ocr_line' id='line_1_17' title="bbox 584 1389 3518 1472; baseline 0 -20"><span class='ocrx_word' id='word_1_199' title='bbox 584 1411 762 1453; x_wconf 88' lang='lat' dir='ltr'>carne</span> <span class='ocrx_word' id='word_1_200' title='bbox 816 1389 1146 1454; x_wconf 89' lang='lat' dir='ltr'>Abrahami</span> <span class='ocrx_word' id='word_1_201' title='bbox 1185 1392 1240 1451; x_wconf 79' lang='grc' dir='ltr'>δι</span> <span class='ocrx_word' id='word_1_202' title='bbox 1282 1390 1521 1452; x_wconf 90' lang='lat' dir='ltr'>seminis</span> <span class='ocrx_word' id='word_1_203' title='bbox 1560 1390 1685 1452; x_wconf 91' lang='lat' dir='ltr'>eius</span> <span class='ocrx_word' id='word_1_204' title='bbox 1726 1394 1916 1452; x_wconf 87' lang='lat' dir='ltr'>fuerat</span> <span class='ocrx_word' id='word_1_205' title='bbox 1954 1393 2174 1471; x_wconf 90' lang='lat' dir='ltr'>scripta</span> <span class='ocrx_word' id='word_1_206' title='bbox 2215 1393 2666 1472; x_wconf 88' lang='lat' dir='ltr'>quodammodo</span> <span class='ocrx_word' id='word_1_207' title='bbox 2708 1391 2824 1453; x_wconf 90' lang='lat' dir='ltr'>Dei</span> <span class='ocrx_word' id='word_1_208' title='bbox 2870 1391 3175 1466; x_wconf 87' lang='lat' dir='ltr'>reuelatio)</span> <span class='ocrx_word' id='word_1_209' title='bbox 3215 1393 3355 1451; x_wconf 89' lang='lat' dir='ltr'>cum</span> <span class='ocrx_word' id='word_1_210' title='bbox 3399 1391 3518 1452; x_wconf 84' lang='lat' dir='ltr'>Dei</span> 
     </span>
     <span class='ocr_line' id='line_1_18' title="bbox 583 1470 3520 1563; baseline 0 -31"><span class='ocrx_word' id='word_1_211' title='bbox 583 1473 839 1550; x_wconf 86' lang='lat' dir='ltr'>populus</span> <span class='ocrx_word' id='word_1_212' title='bbox 882 1470 1396 1532; x_wconf 87' lang='lat' dir='ltr'>numerosissimus</span> <span class='ocrx_word' id='word_1_213' title='bbox 1438 1472 1678 1532; x_wconf 88' lang='lat' dir='ltr'>effectus</span> <span class='ocrx_word' id='word_1_214' title='bbox 1716 1483 1903 1552; x_wconf 91' lang='lat' dir='ltr'>esset,</span> <span class='ocrx_word' id='word_1_215' title='bbox 1948 1475 2004 1534; x_wconf 79' lang='grc' dir='ltr'>δι</span> <span class='ocrx_word' id='word_1_216' title='bbox 2044 1473 2424 1552; x_wconf 87' lang='lat' dir='ltr'>grauissimae</span> <span class='ocrx_word' id='word_1_217' title='bbox 2444 1471 2856 1550; x_wconf 86' lang='lat' dir='ltr'>corruptiones</span> <span class='ocrx_word' id='word_1_218' title='bbox 2877 1471 3174 1562; x_wconf 88' lang='lat' dir='ltr'>ingressae</span> <span class='ocrx_word' id='word_1_219' title='bbox 3195 1491 3268 1532; x_wconf 88' lang='lat' dir='ltr'>ex</span> <span class='ocrx_word' id='word_1_220' title='bbox 3285 1473 3520 1563; x_wconf 80' lang='lat' dir='ltr'>AEgyp-</span> 
     </span>
     <span class='ocr_line' id='line_1_19' title="bbox 584 1517 3516 1644; baseline -0 -32"><span class='ocrx_word' id='word_1_221' title='bbox 584 1551 801 1612; x_wconf 83' lang='lat' dir='ltr'>tiorum</span> <span class='ocrx_word' id='word_1_222' title='bbox 862 1551 1231 1630; x_wconf 77' lang='lat' dir='ltr'>aliorumque</span> <span class='ocrx_word' id='word_1_223' title='bbox 1292 1550 1607 1629; x_wconf 87' lang='lat' dir='ltr'>impiorum</span> <span class='ocrx_word' id='word_1_224' title='bbox 1668 1517 2122 1644; x_wconf 75' lang='lat' dir='ltr'>conuersatione</span> <span class='ocrx_word' id='word_1_225' title='bbox 2136 1599 2152 1631; x_wconf 92' lang='lat'>,</span> <span class='ocrx_word' id='word_1_226' title='bbox 2215 1566 2528 1644; x_wconf 85' lang='lat' dir='ltr'>postquam</span> <span class='ocrx_word' id='word_1_227' title='bbox 2587 1551 2878 1612; x_wconf 87' lang='lat' dir='ltr'>ducentos</span> <span class='ocrx_word' id='word_1_228' title='bbox 2927 1551 3183 1643; x_wconf 79' lang='lat' dir='ltr'>amplius</span> <span class='ocrx_word' id='word_1_229' title='bbox 3217 1571 3410 1612; x_wconf 86' lang='lat' dir='ltr'>annos</span> <span class='ocrx_word' id='word_1_230' title='bbox 3453 1552 3516 1611; x_wconf 85' lang='grc' dir='ltr'>ιιι</span> 
     </span>
     <span class='ocr_line' id='line_1_20' title="bbox 586 1630 3518 1722; baseline 0 -31"><span class='ocrx_word' id='word_1_231' title='bbox 586 1633 886 1722; x_wconf 86' lang='lat' dir='ltr'>AEgypto,</span> <span class='ocrx_word' id='word_1_232' title='bbox 926 1632 1305 1692; x_wconf 88' lang='lat' dir='ltr'>immemores</span> <span class='ocrx_word' id='word_1_233' title='bbox 1351 1631 1588 1693; x_wconf 88' lang='lat' dir='ltr'>diuinae</span> <span class='ocrx_word' id='word_1_234' title='bbox 1626 1631 2035 1710; x_wconf 86' lang='lat' dir='ltr'>promissionis</span> <span class='ocrx_word' id='word_1_235' title='bbox 2073 1637 2129 1695; x_wconf 72' lang='grc' dir='ltr'>δι</span> <span class='ocrx_word' id='word_1_236' title='bbox 2163 1633 2418 1695; x_wconf 85' lang='lat' dir='ltr'>foederis</span> <span class='ocrx_word' id='word_1_237' title='bbox 2448 1651 2587 1693; x_wconf 90' lang='lat' dir='ltr'>cum</span> <span class='ocrx_word' id='word_1_238' title='bbox 2627 1632 2969 1692; x_wconf 85' lang='lat' dir='ltr'>Abrahamo</span> <span class='ocrx_word' id='word_1_239' title='bbox 2990 1630 3145 1708; x_wconf 88' lang='lat' dir='ltr'>initi,</span> <span class='ocrx_word' id='word_1_240' title='bbox 3166 1630 3227 1691; x_wconf 92' lang='grc' dir='ltr'>ιιι</span> <span class='ocrx_word' id='word_1_241' title='bbox 3252 1631 3518 1708; x_wconf 88' lang='lat' dir='ltr'>peccatis</span> 
     </span>
     <span class='ocr_line' id='line_1_21' title="bbox 508 1709 3516 1790; baseline 0.001 -19"><span class='ocrx_word' id='word_1_242' title='bbox 508 1785 513 1788; x_wconf 21' lang='grc' dir='ltr'>Ι</span> <span class='ocrx_word' id='word_1_243' title='bbox 585 1709 799 1773; x_wconf 78' lang='lat' dir='ltr'>misere</span> <span class='ocrx_word' id='word_1_244' title='bbox 850 1711 1331 1790; x_wconf 90' lang='lat' dir='ltr'>consenuissent,</span> <span class='ocrx_word' id='word_1_245' title='bbox 1381 1724 1447 1771; x_wconf 90' lang='lat' dir='ltr'>vt</span> <span class='ocrx_word' id='word_1_246' title='bbox 1500 1713 1827 1789; x_wconf 81' lang='lat' dir='ltr'>Apostolus</span> <span class='ocrx_word' id='word_1_247' title='bbox 1882 1714 1961 1773; x_wconf 92' lang='lat' dir='ltr'>ad</span> <span class='ocrx_word' id='word_1_248' title='bbox 2003 1714 2250 1776; x_wconf 85' lang='lat' dir='ltr'>Galatas</span> <span class='ocrx_word' id='word_1_249' title='bbox 2289 1713 2552 1776; x_wconf 85' lang='lat' dir='ltr'>scribens</span> <span class='ocrx_word' id='word_1_250' title='bbox 2592 1712 2999 1790; x_wconf 81' lang='lat' dir='ltr'>confirmauit,</span> <span class='ocrx_word' id='word_1_251' title='bbox 3041 1730 3171 1789; x_wconf 89' lang='lat' dir='ltr'>cap.</span> <span class='ocrx_word' id='word_1_252' title='bbox 3215 1732 3274 1790; x_wconf 96' lang='grc'>3.</span> <span class='ocrx_word' id='word_1_253' title='bbox 3315 1732 3374 1773; x_wconf 83' lang='lat' dir='ltr'>v.</span> <span class='ocrx_word' id='word_1_254' title='bbox 3419 1731 3516 1786; x_wconf 84' lang='lat'>17.</span> 
     </span>
     <span class='ocr_line' id='line_1_22' title="bbox 584 1757 3514 1884; baseline 0 -33"><span class='ocrx_word' id='word_1_255' title='bbox 584 1791 743 1852; x_wconf 89' lang='lat' dir='ltr'>Nam</span> <span class='ocrx_word' id='word_1_256' title='bbox 781 1811 857 1852; x_wconf 86' lang='lat' dir='ltr'>ex</span> <span class='ocrx_word' id='word_1_257' title='bbox 898 1810 975 1853; x_wconf 90' lang='lat' dir='ltr'>eo</span> <span class='ocrx_word' id='word_1_258' title='bbox 1015 1791 1257 1852; x_wconf 88' lang='lat' dir='ltr'>demum</span> <span class='ocrx_word' id='word_1_259' title='bbox 1297 1757 1569 1883; x_wconf 73' lang='lat' dir='ltr'>t⁷empore</span> <span class='ocrx_word' id='word_1_260' title='bbox 1608 1793 1773 1852; x_wconf 91' lang='lat' dir='ltr'>Deus</span> <span class='ocrx_word' id='word_1_261' title='bbox 1813 1793 2102 1871; x_wconf 88' lang='lat' dir='ltr'>populum</span> <span class='ocrx_word' id='word_1_262' title='bbox 2145 1813 2345 1873; x_wconf 88' lang='lat' dir='ltr'>suum,</span> <span class='ocrx_word' id='word_1_263' title='bbox 2385 1805 2510 1854; x_wconf 91' lang='lat' dir='ltr'>tum</span> <span class='ocrx_word' id='word_1_264' title='bbox 2543 1797 2582 1852; x_wconf 78' lang='lat' dir='ltr'>a</span> <span class='ocrx_word' id='word_1_265' title='bbox 2615 1802 2926 1884; x_wconf 86' lang='lat' dir='ltr'>praesente</span> <span class='ocrx_word' id='word_1_266' title='bbox 2944 1791 3363 1884; x_wconf 81' lang='lat' dir='ltr'>corruptione,</span> <span class='ocrx_word' id='word_1_267' title='bbox 3384 1803 3514 1852; x_wconf 89' lang='lat' dir='ltr'>tum</span> 
     </span>
     <span class='ocr_line' id='line_1_23' title="bbox 581 1869 3514 1950; baseline 0.001 -21"><span class='ocrx_word' id='word_1_268' title='bbox 581 1873 619 1930; x_wconf 76' lang='lat' dir='ltr'>a</span> <span class='ocrx_word' id='word_1_269' title='bbox 660 1874 851 1932; x_wconf 86' lang='lat' dir='ltr'>futura</span> <span class='ocrx_word' id='word_1_270' title='bbox 890 1871 1310 1950; x_wconf 80' lang='lat' dir='ltr'>gratiosissime</span> <span class='ocrx_word' id='word_1_271' title='bbox 1352 1869 1701 1950; x_wconf 83' lang='lat' dir='ltr'>vindicauit,</span> <span class='ocrx_word' id='word_1_272' title='bbox 1744 1875 1882 1932; x_wconf 77' lang='lat' dir='ltr'>cum</span> <span class='ocrx_word' id='word_1_273' title='bbox 1924 1873 2259 1934; x_wconf 87' lang='lat' dir='ltr'>doctrinam</span> <span class='ocrx_word' id='word_1_274' title='bbox 2299 1871 2557 1935; x_wconf 85' lang='lat' dir='ltr'>veritatis</span> <span class='ocrx_word' id='word_1_275' title='bbox 2599 1871 2654 1932; x_wconf 78' lang='grc' dir='ltr'>δι</span> <span class='ocrx_word' id='word_1_276' title='bbox 2695 1869 2895 1932; x_wconf 84' lang='grc' dir='ltr'><strong>531ιιιι5</strong></span> <span class='ocrx_word' id='word_1_277' title='bbox 2935 1871 3169 1949; x_wconf 91' lang='lat' dir='ltr'>scriptis</span> <span class='ocrx_word' id='word_1_278' title='bbox 3207 1890 3514 1932; x_wconf 85' lang='lat' dir='ltr'>commen·</span> 
     </span>
     <span class='ocr_line' id='line_1_24' title="bbox 582 1917 3510 2046; baseline -0 -34"><span class='ocrx_word' id='word_1_279' title='bbox 582 1949 800 2012; x_wconf 68' lang='lat' dir='ltr'>desset.</span> <span class='ocrx_word' id='word_1_280' title='bbox 841 1951 939 2012; x_wconf 86' lang='lat' dir='ltr'>Sic</span> <span class='ocrx_word' id='word_1_281' title='bbox 982 1952 1228 2012; x_wconf 82' lang='lat' dir='ltr'>verbum</span> <span class='ocrx_word' id='word_1_282' title='bbox 1271 1949 1647 2012; x_wconf 79' lang='lat' dir='ltr'>enunciamm</span> <span class='ocrx_word' id='word_1_283' title='bbox 1683 1917 1745 2012; x_wconf 62' lang='grc' dir='ltr'>’δι</span> <span class='ocrx_word' id='word_1_284' title='bbox 1784 1951 2053 2012; x_wconf 91' lang='lat' dir='ltr'>auditum</span> <span class='ocrx_word' id='word_1_285' title='bbox 2094 1965 2380 2046; x_wconf 88' lang='lat' dir='ltr'>perpetua</span> <span class='ocrx_word' id='word_1_286' title='bbox 2417 1963 2506 2013; x_wconf 86' lang='lat' dir='ltr'>est</span> <span class='ocrx_word' id='word_1_287' title='bbox 2545 1962 2690 2012; x_wconf 89' lang='lat' dir='ltr'>nota</span> <span class='ocrx_word' id='word_1_288' title='bbox 2727 1951 3036 2011; x_wconf 89' lang='lat' dir='ltr'>Ecclesiae</span> <span class='ocrx_word' id='word_1_289' title='bbox 3075 1950 3218 2012; x_wconf 94' lang='lat' dir='ltr'>Dei:</span> <span class='ocrx_word' id='word_1_290' title='bbox 3263 1953 3510 2013; x_wconf 85' lang='lat' dir='ltr'>verbum</span> 
     </span>
     <span class='ocr_line' id='line_1_25' title="bbox 582 2030 3512 2123; baseline -0.001 -31"><span class='ocrx_word' id='word_1_291' title='bbox 582 2030 899 2110; x_wconf 89' lang='lat' dir='ltr'>scriptum,</span> <span class='ocrx_word' id='word_1_292' title='bbox 956 2051 1028 2092; x_wconf 85' lang='lat' dir='ltr'>ex</span> <span class='ocrx_word' id='word_1_293' title='bbox 1074 2049 1195 2109; x_wconf 91' lang='lat' dir='ltr'>quo</span> <span class='ocrx_word' id='word_1_294' title='bbox 1238 2041 1357 2110; x_wconf 92' lang='lat' dir='ltr'>est,</span> <span class='ocrx_word' id='word_1_295' title='bbox 1398 2041 1743 2109; x_wconf 86' lang='lat' dir='ltr'>perpetuum</span> <span class='ocrx_word' id='word_1_296' title='bbox 1788 2031 2124 2109; x_wconf 89' lang='lat' dir='ltr'>Symbolum</span> <span class='ocrx_word' id='word_1_297' title='bbox 2167 2032 2464 2094; x_wconf 87' lang='lat' dir='ltr'>enunciati</span> <span class='ocrx_word' id='word_1_298' title='bbox 2502 2033 2558 2091; x_wconf 88' lang='lat'>&amp;</span> <span class='ocrx_word' id='word_1_299' title='bbox 2599 2030 2984 2092; x_wconf 86' lang='lat' dir='ltr'>enunciandi:</span> <span class='ocrx_word' id='word_1_300' title='bbox 3029 2031 3188 2092; x_wconf 84' lang='lat' dir='ltr'>idem</span> <span class='ocrx_word' id='word_1_301' title='bbox 3231 2033 3512 2123; x_wconf 81' lang='lat' dir='ltr'>verbum,</span> 
     </span>
     <span class='ocr_line' id='line_1_26' title="bbox 580 2077 3512 2192; baseline 0.001 -22"><span class='ocrx_word' id='word_1_302' title='bbox 580 2110 688 2170; x_wconf 89' lang='lat' dir='ltr'>sed</span> <span class='ocrx_word' id='word_1_303' title='bbox 730 2077 1003 2172; x_wconf 86' lang='lat' dir='ltr'>tradendi</span> <span class='ocrx_word' id='word_1_304' title='bbox 1050 2112 1245 2172; x_wconf 88' lang='grc' dir='ltr'><strong>501ιιιιι</strong></span> <span class='ocrx_word' id='word_1_305' title='bbox 1286 2110 1512 2172; x_wconf 91' lang='lat' dir='ltr'>ratione</span> <span class='ocrx_word' id='word_1_306' title='bbox 1552 2110 1847 2172; x_wconf 85' lang='lat' dir='ltr'>differens.</span> <span class='ocrx_word' id='word_1_307' title='bbox 1890 2113 2030 2187; x_wconf 81' lang='lat' dir='ltr'>Quo</span> <span class='ocrx_word' id='word_1_308' title='bbox 2071 2115 2424 2192; x_wconf 89' lang='lat' dir='ltr'>respiciebat</span> <span class='ocrx_word' id='word_1_309' title='bbox 2463 2113 2818 2191; x_wconf 90' lang='lat' dir='ltr'>Apostolus,</span> <span class='ocrx_word' id='word_1_310' title='bbox 2859 2113 2998 2172; x_wconf 79' lang='lat' dir='ltr'>cum</span> <span class='ocrx_word' id='word_1_311' title='bbox 3021 2123 3270 2172; x_wconf 87' lang='lat' dir='ltr'>auctore</span> <span class='ocrx_word' id='word_1_312' title='bbox 3291 2110 3512 2190; x_wconf 82' lang='lat' dir='ltr'>spirim</span> 
     </span>
     <span class='ocr_line' id='line_1_27' title="bbox 578 2187 3510 2281; baseline 0 -31"><span class='ocrx_word' id='word_1_313' title='bbox 578 2189 692 2251; x_wconf 90' lang='lat' dir='ltr'>Dei</span> <span class='ocrx_word' id='word_1_314' title='bbox 732 2191 1015 2253; x_wconf 89' lang='lat' dir='ltr'>scriberet</span> <span class='ocrx_word' id='word_1_315' title='bbox 1055 2191 1117 2251; x_wconf 89' lang='grc' dir='ltr'>ιιι</span> <span class='ocrx_word' id='word_1_316' title='bbox 1156 2193 1317 2251; x_wconf 91' lang='lat' dir='ltr'>hunc</span> <span class='ocrx_word' id='word_1_317' title='bbox 1359 2190 1638 2252; x_wconf 85' lang='lat' dir='ltr'>modum:</span> <span class='ocrx_word' id='word_1_318' title='bbox 1700 2191 2032 2267; x_wconf 88' lang='lat' dir='ltr'>Quomodo</span> <span class='ocrx_word' id='word_1_319' title='bbox 2073 2195 2318 2255; x_wconf 91' lang='lat' dir='ltr'>credent</span> <span class='ocrx_word' id='word_1_320' title='bbox 2357 2193 2411 2253; x_wconf 91' lang='lat' dir='ltr'>ei</span> <span class='ocrx_word' id='word_1_321' title='bbox 2442 2193 2518 2252; x_wconf 91' lang='lat' dir='ltr'>de</span> <span class='ocrx_word' id='word_1_322' title='bbox 2554 2209 2676 2270; x_wconf 90' lang='lat' dir='ltr'>quo</span> <span class='ocrx_word' id='word_1_323' title='bbox 2697 2210 2820 2252; x_wconf 92' lang='lat' dir='ltr'>non</span> <span class='ocrx_word' id='word_1_324' title='bbox 2841 2187 3172 2252; x_wconf 79' lang='lat' dir='ltr'>audierint?</span> <span class='ocrx_word' id='word_1_325' title='bbox 3193 2192 3510 2281; x_wconf 91' lang='lat' dir='ltr'>quomodo</span> 
     </span>
     <span class='ocr_line' id='line_1_28' title="bbox 576 2269 3511 2362; baseline 0 -32"><span class='ocrx_word' id='word_1_326' title='bbox 576 2281 775 2332; x_wconf 89' lang='lat' dir='ltr'>autem</span> <span class='ocrx_word' id='word_1_327' title='bbox 816 2270 1059 2362; x_wconf 82' lang='lat' dir='ltr'>audient</span> <span class='ocrx_word' id='word_1_328' title='bbox 1096 2272 1324 2348; x_wconf 89' lang='lat' dir='ltr'>absque</span> <span class='ocrx_word' id='word_1_329' title='bbox 1366 2269 1783 2348; x_wconf 88' lang='lat' dir='ltr'>praedicante?</span> <span class='ocrx_word' id='word_1_330' title='bbox 1824 2273 1879 2331; x_wconf 76' lang='grc' dir='ltr'>δι</span> <span class='ocrx_word' id='word_1_331' title='bbox 1924 2273 2102 2349; x_wconf 90' lang='lat' dir='ltr'>paulo</span> <span class='ocrx_word' id='word_1_332' title='bbox 2134 2277 2300 2351; x_wconf 81' lang='lat' dir='ltr'>post.</span> <span class='ocrx_word' id='word_1_333' title='bbox 2342 2275 2482 2334; x_wconf 89' lang='lat' dir='ltr'>Non</span> <span class='ocrx_word' id='word_1_334' title='bbox 2504 2291 2712 2332; x_wconf 89' lang='lat' dir='ltr'>omnes</span> <span class='ocrx_word' id='word_1_335' title='bbox 2731 2274 3136 2332; x_wconf 86' lang='lat' dir='ltr'>auscultarunt</span> <span class='ocrx_word' id='word_1_336' title='bbox 3157 2269 3511 2350; x_wconf 81' lang='lat' dir='ltr'>EuangeliO.</span> 
     </span>
     <span class='ocr_line' id='line_1_29' title="bbox 575 2349 3512 2430; baseline 0 -20"><span class='ocrx_word' id='word_1_337' title='bbox 575 2351 781 2411; x_wconf 86' lang='lat' dir='ltr'>Esaias</span> <span class='ocrx_word' id='word_1_338' title='bbox 823 2351 982 2412; x_wconf 89' lang='lat' dir='ltr'>enim</span> <span class='ocrx_word' id='word_1_339' title='bbox 1023 2350 1195 2430; x_wconf 90' lang='lat' dir='ltr'>dicit,</span> <span class='ocrx_word' id='word_1_340' title='bbox 1235 2351 1535 2429; x_wconf 88' lang='lat' dir='ltr'>Domine,</span> <span class='ocrx_word' id='word_1_341' title='bbox 1578 2350 1709 2428; x_wconf 89' lang='lat' dir='ltr'>quis</span> <span class='ocrx_word' id='word_1_342' title='bbox 1750 2350 2005 2414; x_wconf 90' lang='lat' dir='ltr'>credidit</span> <span class='ocrx_word' id='word_1_343' title='bbox 2046 2349 2347 2414; x_wconf 85' lang='lat' dir='ltr'>sermoni?</span> <span class='ocrx_word' id='word_1_344' title='bbox 2387 2355 2550 2430; x_wconf 89' lang='lat' dir='ltr'>Ergo</span> <span class='ocrx_word' id='word_1_345' title='bbox 2593 2351 2742 2412; x_wconf 85' lang='lat' dir='ltr'>fides</span> <span class='ocrx_word' id='word_1_346' title='bbox 2782 2371 2854 2412; x_wconf 84' lang='lat' dir='ltr'>ex</span> <span class='ocrx_word' id='word_1_347' title='bbox 2896 2353 3100 2412; x_wconf 88' lang='lat' dir='ltr'>auditu</span> <span class='ocrx_word' id='word_1_348' title='bbox 3135 2362 3255 2428; x_wconf 91' lang='lat' dir='ltr'>est,</span> <span class='ocrx_word' id='word_1_349' title='bbox 3275 2351 3512 2411; x_wconf 88' lang='lat' dir='ltr'>auditus</span> 
     </span>
     <span class='ocr_line' id='line_1_30' title="bbox 576 2429 3448 2524; baseline 0 -33"><span class='ocrx_word' id='word_1_350' title='bbox 576 2443 775 2493; x_wconf 90' lang='lat' dir='ltr'>autem</span> <span class='ocrx_word' id='word_1_351' title='bbox 818 2452 925 2511; x_wconf 89' lang='lat' dir='ltr'>per</span> <span class='ocrx_word' id='word_1_352' title='bbox 964 2432 1213 2493; x_wconf 84' lang='lat' dir='ltr'>verbum</span> <span class='ocrx_word' id='word_1_353' title='bbox 1255 2431 1388 2493; x_wconf 88' lang='lat' dir='ltr'>Dei.</span> <span class='ocrx_word' id='word_1_354' title='bbox 1432 2432 1613 2492; x_wconf 89' lang='lat' dir='ltr'>Rom.</span> <span class='ocrx_word' id='word_1_355' title='bbox 1663 2452 1751 2493; x_wconf 89' lang='lat'>10.</span> <span class='ocrx_word' id='word_1_356' title='bbox 1805 2452 1895 2507; x_wconf 89' lang='lat'>14.</span> <span class='ocrx_word' id='word_1_357' title='bbox 1944 2434 2036 2492; x_wconf 91' lang='lat'>16.</span> <span class='ocrx_word' id='word_1_358' title='bbox 2085 2452 2173 2511; x_wconf 86' lang='lat'>17.</span> <span class='ocrx_word' id='word_1_359' title='bbox 2217 2435 2390 2495; x_wconf 90' lang='lat' dir='ltr'>Haec</span> <span class='ocrx_word' id='word_1_360' title='bbox 2429 2433 2508 2493; x_wconf 91' lang='lat' dir='ltr'>ad</span> <span class='ocrx_word' id='word_1_361' title='bbox 2520 2430 2798 2524; x_wconf 90' lang='lat' dir='ltr'>primam</span> <span class='ocrx_word' id='word_1_362' title='bbox 2840 2430 3248 2493; x_wconf 88' lang='lat' dir='ltr'>obiectionem</span> <span class='ocrx_word' id='word_1_363' title='bbox 3289 2429 3448 2522; x_wconf 54' lang='lat' dir='ltr'>satis:</span> 
     </span>
     <span class='ocr_line' id='line_1_31' title="bbox 660 2510 3510 2605; baseline -0.001 -32"><span class='ocrx_word' id='word_1_364' title='bbox 660 2514 894 2589; x_wconf 85' lang='lat' dir='ltr'>Altera,</span> <span class='ocrx_word' id='word_1_365' title='bbox 937 2513 1103 2590; x_wconf 67' lang='lat' dir='ltr'>qued</span> <span class='ocrx_word' id='word_1_366' title='bbox 1142 2512 1392 2573; x_wconf 85' lang='lat' dir='ltr'>verbum</span> <span class='ocrx_word' id='word_1_367' title='bbox 1430 2510 1640 2603; x_wconf 78' lang='lat' dir='ltr'>LegiS,</span> <span class='ocrx_word' id='word_1_368' title='bbox 1685 2532 1758 2571; x_wconf 92' lang='lat' dir='ltr'>ac</span> <span class='ocrx_word' id='word_1_369' title='bbox 1798 2532 1920 2573; x_wconf 84' lang='lat' dir='ltr'>non</span> <span class='ocrx_word' id='word_1_370' title='bbox 1966 2514 2307 2605; x_wconf 85' lang='lat' dir='ltr'>Euangelij,</span> <span class='ocrx_word' id='word_1_371' title='bbox 2349 2512 2408 2574; x_wconf 89' lang='lat' dir='ltr'>in</span> <span class='ocrx_word' id='word_1_372' title='bbox 2446 2512 2639 2591; x_wconf 90' lang='lat' dir='ltr'>prisca</span> <span class='ocrx_word' id='word_1_373' title='bbox 2680 2511 2779 2573; x_wconf 89' lang='lat' dir='ltr'>illa</span> <span class='ocrx_word' id='word_1_374' title='bbox 2820 2512 3090 2573; x_wconf 89' lang='lat' dir='ltr'>Ecclesia</span> <span class='ocrx_word' id='word_1_375' title='bbox 3132 2511 3308 2572; x_wconf 86' lang='lat' dir='ltr'>suerit</span> <span class='ocrx_word' id='word_1_376' title='bbox 3325 2511 3510 2589; x_wconf 87' lang='lat' dir='ltr'>scrip·</span> 
     </span>
     <span class='ocr_line' id='line_1_32' title="bbox 574 2590 3511 2671; baseline -0 -19"><span class='ocrx_word' id='word_1_377' title='bbox 574 2601 703 2652; x_wconf 89' lang='lat' dir='ltr'>tum</span> <span class='ocrx_word' id='word_1_378' title='bbox 718 2636 735 2671; x_wconf 93' lang='lat'>,</span> <span class='ocrx_word' id='word_1_379' title='bbox 787 2594 931 2654; x_wconf 81' lang='lat' dir='ltr'>falsa</span> <span class='ocrx_word' id='word_1_380' title='bbox 982 2592 1311 2671; x_wconf 87' lang='lat' dir='ltr'>propositio</span> <span class='ocrx_word' id='word_1_381' title='bbox 1356 2602 1477 2669; x_wconf 90' lang='lat' dir='ltr'>est,</span> <span class='ocrx_word' id='word_1_382' title='bbox 1518 2594 1573 2652; x_wconf 90' lang='lat'>&amp;</span> <span class='ocrx_word' id='word_1_383' title='bbox 1614 2590 1673 2651; x_wconf 89' lang='lat' dir='ltr'>in</span> <span class='ocrx_word' id='word_1_384' title='bbox 1714 2603 1978 2653; x_wconf 83' lang='lat' dir='ltr'>sanctam</span> <span class='ocrx_word' id='word_1_385' title='bbox 2021 2592 2179 2655; x_wconf 90' lang='lat' dir='ltr'>illam</span> <span class='ocrx_word' id='word_1_386' title='bbox 2221 2594 2550 2655; x_wconf 87' lang='lat' dir='ltr'>Ecclesiam</span> <span class='ocrx_word' id='word_1_387' title='bbox 2591 2592 3042 2653; x_wconf 90' lang='lat' dir='ltr'>contumeliosa.</span> <span class='ocrx_word' id='word_1_388' title='bbox 3106 2594 3261 2652; x_wconf 90' lang='lat' dir='ltr'>Nam</span> <span class='ocrx_word' id='word_1_389' title='bbox 3301 2590 3511 2652; x_wconf 84' lang='lat' dir='ltr'>habuit</span> 
     </span>
     <span class='ocr_line' id='line_1_33' title="bbox 573 2670 3512 2763; baseline 0.001 -32"><span class='ocrx_word' id='word_1_390' title='bbox 573 2672 845 2733; x_wconf 89' lang='lat' dir='ltr'>Ecclesia</span> <span class='ocrx_word' id='word_1_391' title='bbox 885 2674 1138 2733; x_wconf 88' lang='lat' dir='ltr'>eandem</span> <span class='ocrx_word' id='word_1_392' title='bbox 1180 2672 1361 2733; x_wconf 88' lang='lat' dir='ltr'>fidem</span> <span class='ocrx_word' id='word_1_393' title='bbox 1403 2689 1581 2748; x_wconf 90' lang='lat' dir='ltr'>quam</span> <span class='ocrx_word' id='word_1_394' title='bbox 1624 2682 1791 2749; x_wconf 88' lang='lat' dir='ltr'>pater</span> <span class='ocrx_word' id='word_1_395' title='bbox 1832 2673 2136 2733; x_wconf 86' lang='lat' dir='ltr'>Abraham</span> <span class='ocrx_word' id='word_1_396' title='bbox 2172 2675 2315 2735; x_wconf 88' lang='lat' dir='ltr'>olim</span> <span class='ocrx_word' id='word_1_397' title='bbox 2347 2674 2664 2735; x_wconf 85' lang='lat' dir='ltr'>habuerat:</span> <span class='ocrx_word' id='word_1_398' title='bbox 2707 2673 3014 2732; x_wconf 84' lang='lat' dir='ltr'>Abraham</span> <span class='ocrx_word' id='word_1_399' title='bbox 3037 2683 3234 2733; x_wconf 89' lang='lat' dir='ltr'>autem</span> <span class='ocrx_word' id='word_1_400' title='bbox 3257 2670 3512 2763; x_wconf 79' lang='lat' dir='ltr'>promis·</span> 
     </span>
     <span class='ocr_line' id='line_1_34' title="bbox 574 2749 3504 2843; baseline 0 -32"><span class='ocrx_word' id='word_1_401' title='bbox 574 2752 802 2832; x_wconf 90' lang='lat' dir='ltr'>siones,</span> <span class='ocrx_word' id='word_1_402' title='bbox 858 2752 1071 2813; x_wconf 82' lang='lat' dir='ltr'>foedus</span> <span class='ocrx_word' id='word_1_403' title='bbox 1112 2773 1186 2813; x_wconf 88' lang='lat' dir='ltr'>ex</span> <span class='ocrx_word' id='word_1_404' title='bbox 1228 2749 1755 2830; x_wconf 86' lang='lat' dir='ltr'>promissionibus,</span> <span class='ocrx_word' id='word_1_405' title='bbox 1796 2756 1851 2813; x_wconf 77' lang='grc' dir='ltr'>δι</span> <span class='ocrx_word' id='word_1_406' title='bbox 1894 2753 2202 2814; x_wconf 86' lang='lat' dir='ltr'>veritatem</span> <span class='ocrx_word' id='word_1_407' title='bbox 2241 2751 2701 2843; x_wconf 88' lang='lat' dir='ltr'>promissionum</span> <span class='ocrx_word' id='word_1_408' title='bbox 2743 2753 3114 2830; x_wconf 76' lang='lat' dir='ltr'>foederisque</span> <span class='ocrx_word' id='word_1_409' title='bbox 3157 2752 3216 2812; x_wconf 91' lang='lat' dir='ltr'>in</span> <span class='ocrx_word' id='word_1_410' title='bbox 3259 2750 3504 2811; x_wconf 87' lang='lat' dir='ltr'>Christo</span> 
     </span>
     <span class='ocr_line' id='line_1_35' title="bbox 572 2831 3510 2926; baseline -0 -34"><span class='ocrx_word' id='word_1_411' title='bbox 572 2842 949 2911; x_wconf 89' lang='lat' dir='ltr'>perceperat,</span> <span class='ocrx_word' id='word_1_412' title='bbox 995 2832 1212 2910; x_wconf 88' lang='lat' dir='ltr'>quibus</span> <span class='ocrx_word' id='word_1_413' title='bbox 1254 2832 1431 2892; x_wconf 89' lang='lat' dir='ltr'>rebus</span> <span class='ocrx_word' id='word_1_414' title='bbox 1464 2832 1593 2891; x_wconf 87' lang='lat' dir='ltr'>Lex</span> <span class='ocrx_word' id='word_1_415' title='bbox 1630 2852 1706 2892; x_wconf 90' lang='lat' dir='ltr'>ne</span> <span class='ocrx_word' id='word_1_416' title='bbox 1742 2831 2050 2893; x_wconf 89' lang='lat' dir='ltr'>minimum</span> <span class='ocrx_word' id='word_1_417' title='bbox 2087 2832 2327 2926; x_wconf 81' lang='lat' dir='ltr'>quidem</span> <span class='ocrx_word' id='word_1_418' title='bbox 2363 2831 2690 2925; x_wconf 86' lang='lat' dir='ltr'>derogauit.</span> <span class='ocrx_word' id='word_1_419' title='bbox 2731 2834 2888 2893; x_wconf 88' lang='lat' dir='ltr'>Nam</span> <span class='ocrx_word' id='word_1_420' title='bbox 2899 2832 3128 2913; x_wconf 90' lang='lat' dir='ltr'>,inquit</span> <span class='ocrx_word' id='word_1_421' title='bbox 3147 2834 3510 2911; x_wconf 86' lang='lat' dir='ltr'>Apostolus,</span> 
     </span>
     <span class='ocr_line' id='line_1_36' title="bbox 572 2878 3508 3006; baseline -0 -34"><span class='ocrx_word' id='word_1_422' title='bbox 572 2912 916 2974; x_wconf 89' lang='lat' dir='ltr'>Pactionem</span> <span class='ocrx_word' id='word_1_423' title='bbox 969 2912 1226 2990; x_wconf 87' lang='lat' dir='ltr'>priorem</span> <span class='ocrx_word' id='word_1_424' title='bbox 1266 2922 1451 2972; x_wconf 89' lang='lat' dir='ltr'>ratam</span> <span class='ocrx_word' id='word_1_425' title='bbox 1493 2913 1709 2972; x_wconf 84' lang='lat' dir='ltr'>factam</span> <span class='ocrx_word' id='word_1_426' title='bbox 1749 2914 1785 2971; x_wconf 76' lang='lat' dir='ltr'>a</span> <span class='ocrx_word' id='word_1_427' title='bbox 1822 2914 1996 2987; x_wconf 89' lang='lat' dir='ltr'>Deo,</span> <span class='ocrx_word' id='word_1_428' title='bbox 2048 2912 2458 3006; x_wconf 88' lang='lat' dir='ltr'>respicientem</span> <span class='ocrx_word' id='word_1_429' title='bbox 2501 2911 2562 2973; x_wconf 90' lang='lat' dir='ltr'>in</span> <span class='ocrx_word' id='word_1_430' title='bbox 2604 2878 2934 2985; x_wconf 87' lang='lat' dir='ltr'>Christum,</span> <span class='ocrx_word' id='word_1_431' title='bbox 2979 2914 3107 2972; x_wconf 85' lang='lat' dir='ltr'>Lex</span> <span class='ocrx_word' id='word_1_432' title='bbox 3145 2914 3327 3004; x_wconf 76' lang='lat' dir='ltr'>(quae</span> <span class='ocrx_word' id='word_1_433' title='bbox 3367 2926 3508 2990; x_wconf 79' lang='lat' dir='ltr'>post</span> 
     </span>
     <span class='ocr_line' id='line_1_37' title="bbox 570 2990 3504 3083; baseline -0 -31"><span class='ocrx_word' id='word_1_434' title='bbox 570 3011 761 3053; x_wconf 88' lang='lat' dir='ltr'>annos</span> <span class='ocrx_word' id='word_1_435' title='bbox 824 2992 1291 3070; x_wconf 89' lang='lat' dir='ltr'>quadringentos</span> <span class='ocrx_word' id='word_1_436' title='bbox 1350 2993 1405 3052; x_wconf 79' lang='grc' dir='ltr'>δι</span> <span class='ocrx_word' id='word_1_437' title='bbox 1466 2990 1702 3083; x_wconf 82' lang='lat' dir='ltr'>triginta</span> <span class='ocrx_word' id='word_1_438' title='bbox 1763 2992 1986 3070; x_wconf 89' lang='lat' dir='ltr'>coepit)</span> <span class='ocrx_word' id='word_1_439' title='bbox 2034 3012 2156 3053; x_wconf 92' lang='lat' dir='ltr'>non</span> <span class='ocrx_word' id='word_1_440' title='bbox 2212 2993 2349 3054; x_wconf 88' lang='lat' dir='ltr'>fecit</span> <span class='ocrx_word' id='word_1_441' title='bbox 2389 2992 2645 3065; x_wconf 87' lang='lat' dir='ltr'>irritam,</span> <span class='ocrx_word' id='word_1_442' title='bbox 2689 3004 2752 3052; x_wconf 86' lang='lat' dir='ltr'>vt</span> <span class='ocrx_word' id='word_1_443' title='bbox 2791 3012 3006 3053; x_wconf 86' lang='lat' dir='ltr'>vanam</span> <span class='ocrx_word' id='word_1_444' title='bbox 3045 2990 3504 3071; x_wconf 87' lang='lat' dir='ltr'>promissionem</span> 
     </span>
     <span class='ocr_line' id='line_1_38' title="bbox 573 3070 3505 3151; baseline 0.001 -20"><span class='ocrx_word' id='word_1_445' title='bbox 573 3072 883 3150; x_wconf 88' lang='lat' dir='ltr'>redderet,</span> <span class='ocrx_word' id='word_1_446' title='bbox 946 3074 1142 3133; x_wconf 88' lang='lat' dir='ltr'>Galat.</span> <span class='ocrx_word' id='word_1_447' title='bbox 1185 3092 1243 3149; x_wconf 86' lang='grc'>3.</span> <span class='ocrx_word' id='word_1_448' title='bbox 1292 3092 1383 3147; x_wconf 87' lang='grc' dir='ltr'>ι7.</span> <span class='ocrx_word' id='word_1_449' title='bbox 1446 3072 1565 3131; x_wconf 90' lang='lat' dir='ltr'>Sed</span> <span class='ocrx_word' id='word_1_450' title='bbox 1617 3071 1913 3149; x_wconf 89' lang='lat' dir='ltr'>inquient,</span> <span class='ocrx_word' id='word_1_451' title='bbox 1967 3072 2182 3151; x_wconf 89' lang='lat' dir='ltr'>Agitur</span> <span class='ocrx_word' id='word_1_452' title='bbox 2236 3074 2313 3134; x_wconf 90' lang='lat' dir='ltr'>de</span> <span class='ocrx_word' id='word_1_453' title='bbox 2352 3070 2692 3135; x_wconf 88' lang='lat' dir='ltr'>testimonio</span> <span class='ocrx_word' id='word_1_454' title='bbox 2733 3072 2896 3149; x_wconf 87' lang='lat' dir='ltr'>quod</span> <span class='ocrx_word' id='word_1_455' title='bbox 2936 3072 3046 3133; x_wconf 84' lang='lat' dir='ltr'>suit</span> <span class='ocrx_word' id='word_1_456' title='bbox 3084 3072 3145 3132; x_wconf 92' lang='lat' dir='ltr'>in</span> <span class='ocrx_word' id='word_1_457' title='bbox 3187 3076 3346 3133; x_wconf 87' lang='lat' dir='ltr'>Arca</span> <span class='ocrx_word' id='word_1_458' title='bbox 3387 3072 3505 3133; x_wconf 61' lang='lat' dir='ltr'>soe</span> 
     </span>
     <span class='ocr_line' id='line_1_39' title="bbox 570 3149 3510 3245; baseline -0 -33"><span class='ocrx_word' id='word_1_459' title='bbox 570 3152 759 3231; x_wconf 83' lang='lat' dir='ltr'>deris3</span> <span class='ocrx_word' id='word_1_460' title='bbox 812 3152 957 3212; x_wconf 90' lang='lat' dir='ltr'>illud</span> <span class='ocrx_word' id='word_1_461' title='bbox 1006 3162 1205 3212; x_wconf 88' lang='lat' dir='ltr'>autem</span> <span class='ocrx_word' id='word_1_462' title='bbox 1262 3149 1667 3212; x_wconf 89' lang='lat' dir='ltr'>testimonium</span> <span class='ocrx_word' id='word_1_463' title='bbox 1721 3154 2102 3213; x_wconf 82' lang='lat' dir='ltr'>solummodo</span> <span class='ocrx_word' id='word_1_464' title='bbox 2144 3155 2352 3214; x_wconf 89' lang='lat' dir='ltr'>decem</span> <span class='ocrx_word' id='word_1_465' title='bbox 2396 3164 2716 3232; x_wconf 89' lang='lat' dir='ltr'>praecepta</span> <span class='ocrx_word' id='word_1_466' title='bbox 2755 3153 2932 3245; x_wconf 80' lang='lat' dir='ltr'>Legis</span> <span class='ocrx_word' id='word_1_467' title='bbox 2975 3152 3189 3213; x_wconf 89' lang='lat' dir='ltr'>tabulis</span> <span class='ocrx_word' id='word_1_468' title='bbox 3227 3152 3510 3229; x_wconf 82' lang='lat' dir='ltr'>inscripta</span> 
     </span>
     <span class='ocr_line' id='line_1_40' title="bbox 570 3198 3510 3312; baseline -0 -20"><span class='ocrx_word' id='word_1_469' title='bbox 570 3198 935 3293; x_wconf 86' lang='lat' dir='ltr'>continebat.</span> <span class='ocrx_word' id='word_1_470' title='bbox 978 3232 1377 3310; x_wconf 87' lang='lat' dir='ltr'>Agnoscimus</span> <span class='ocrx_word' id='word_1_471' title='bbox 1418 3230 1481 3291; x_wconf 89' lang='lat' dir='ltr'>id</span> <span class='ocrx_word' id='word_1_472' title='bbox 1523 3231 1799 3309; x_wconf 89' lang='lat' dir='ltr'>quidem,</span> <span class='ocrx_word' id='word_1_473' title='bbox 1840 3230 1891 3292; x_wconf 88' lang='lat' dir='ltr'>si</span> <span class='ocrx_word' id='word_1_474' title='bbox 1931 3237 2090 3293; x_wconf 81' lang='lat' dir='ltr'>recte</span> <span class='ocrx_word' id='word_1_475' title='bbox 2131 3233 2518 3312; x_wconf 87' lang='lat' dir='ltr'>intelligatur:</span> <span class='ocrx_word' id='word_1_476' title='bbox 2541 3232 2648 3293; x_wconf 91' lang='lat' dir='ltr'>sed</span> <span class='ocrx_word' id='word_1_477' title='bbox 2667 3252 2790 3292; x_wconf 91' lang='lat' dir='ltr'>non</span> <span class='ocrx_word' id='word_1_478' title='bbox 2814 3231 3064 3293; x_wconf 75' lang='lat' dir='ltr'>dicimus</span> <span class='ocrx_word' id='word_1_479' title='bbox 3083 3231 3340 3311; x_wconf 81' lang='lat' dir='ltr'>primum</span> <span class='ocrx_word' id='word_1_480' title='bbox 3358 3230 3510 3291; x_wconf 86' lang='lat' dir='ltr'>nihil</span> 
     </span>
     <span class='ocr_line' id='line_1_41' title="bbox 570 3310 3506 3391; baseline 0 -20"><span class='ocrx_word' id='word_1_481' title='bbox 570 3311 748 3374; x_wconf 84' lang='lat' dir='ltr'>fuisse</span> <span class='ocrx_word' id='word_1_482' title='bbox 792 3311 867 3374; x_wconf 93' lang='lat' dir='ltr'>de</span> <span class='ocrx_word' id='word_1_483' title='bbox 910 3312 1251 3373; x_wconf 70' lang='lat' dir='ltr'>testimonio</span> <span class='ocrx_word' id='word_1_484' title='bbox 1293 3310 1540 3389; x_wconf 87' lang='lat' dir='ltr'>scripto,</span> <span class='ocrx_word' id='word_1_485' title='bbox 1581 3310 1693 3371; x_wconf 92' lang='lat' dir='ltr'>nisi</span> <span class='ocrx_word' id='word_1_486' title='bbox 1733 3314 1899 3389; x_wconf 91' lang='lat' dir='ltr'>quod</span> <span class='ocrx_word' id='word_1_487' title='bbox 1939 3316 2116 3379; x_wconf 86' lang='lat' dir='ltr'>Arca</span> <span class='ocrx_word' id='word_1_488' title='bbox 2139 3314 2432 3375; x_wconf 88' lang='lat' dir='ltr'>inclusum</span> <span class='ocrx_word' id='word_1_489' title='bbox 2473 3324 2654 3373; x_wconf 86' lang='lat' dir='ltr'>esset:</span> <span class='ocrx_word' id='word_1_490' title='bbox 2697 3332 2836 3373; x_wconf 85' lang='lat' dir='ltr'>nam</span> <span class='ocrx_word' id='word_1_491' title='bbox 2856 3316 2912 3374; x_wconf 88' lang='lat'>&amp;</span> <span class='ocrx_word' id='word_1_492' title='bbox 2931 3312 3129 3373; x_wconf 87' lang='lat' dir='ltr'>illam&#39;</span> <span class='ocrx_word' id='word_1_493' title='bbox 3112 3332 3300 3391; x_wconf 78' lang='lat' dir='ltr'>ipsam</span> <span class='ocrx_word' id='word_1_494' title='bbox 3325 3310 3506 3390; x_wconf 88' lang='lat' dir='ltr'>scrip-</span> 
     </span>
     <span class='ocr_line' id='line_1_42' title="bbox 566 3390 3506 3473; baseline -0 -21"><span class='ocrx_word' id='word_1_495' title='bbox 566 3401 761 3453; x_wconf 88' lang='lat' dir='ltr'>turam</span> <span class='ocrx_word' id='word_1_496' title='bbox 818 3394 875 3453; x_wconf 86' lang='lat'>&amp;</span> <span class='ocrx_word' id='word_1_497' title='bbox 914 3390 1203 3470; x_wconf 90' lang='lat' dir='ltr'>reliquum</span> <span class='ocrx_word' id='word_1_498' title='bbox 1247 3392 1424 3470; x_wconf 89' lang='lat' dir='ltr'>Legis</span> <span class='ocrx_word' id='word_1_499' title='bbox 1477 3390 1713 3452; x_wconf 89' lang='lat' dir='ltr'>diuinae</span> <span class='ocrx_word' id='word_1_500' title='bbox 1766 3411 2060 3453; x_wconf 88' lang='lat' dir='ltr'>canonem</span> <span class='ocrx_word' id='word_1_501' title='bbox 2112 3394 2278 3455; x_wconf 86' lang='lat' dir='ltr'>Deus</span> <span class='ocrx_word' id='word_1_502' title='bbox 2316 3414 2422 3473; x_wconf 90' lang='lat' dir='ltr'>per</span> <span class='ocrx_word' id='word_1_503' title='bbox 2459 3396 2694 3453; x_wconf 90' lang='lat' dir='ltr'>Mosem</span> <span class='ocrx_word' id='word_1_504' title='bbox 2733 3391 3058 3468; x_wconf 88' lang='lat' dir='ltr'>conscribi,</span> <span class='ocrx_word' id='word_1_505' title='bbox 3097 3390 3506 3453; x_wconf 88' lang='lat' dir='ltr'>sacerdotibus</span> 
     </span>
     <span class='ocr_line' id='line_1_43' title="bbox 567 3470 3504 3563; baseline -0 -30"><span class='ocrx_word' id='word_1_506' title='bbox 567 3475 623 3533; x_wconf 77' lang='grc' dir='ltr'>δι</span> <span class='ocrx_word' id='word_1_507' title='bbox 690 3471 997 3534; x_wconf 89' lang='lat' dir='ltr'>Ecclesiae</span> <span class='ocrx_word' id='word_1_508' title='bbox 1052 3471 1235 3551; x_wconf 92' lang='lat' dir='ltr'>tradi,</span> <span class='ocrx_word' id='word_1_509' title='bbox 1293 3470 1685 3563; x_wconf 77' lang='lat' dir='ltr'>religioseque</span> <span class='ocrx_word' id='word_1_510' title='bbox 1728 3491 1934 3532; x_wconf 89' lang='lat' dir='ltr'>coram</span> <span class='ocrx_word' id='word_1_511' title='bbox 1978 3474 2195 3533; x_wconf 89' lang='lat' dir='ltr'>eodem</span> <span class='ocrx_word' id='word_1_512' title='bbox 2235 3472 2575 3535; x_wconf 90' lang='lat' dir='ltr'>testimonio</span> <span class='ocrx_word' id='word_1_513' title='bbox 2617 3471 2840 3533; x_wconf 88' lang='lat' dir='ltr'>seruari</span> <span class='ocrx_word' id='word_1_514' title='bbox 2881 3472 3278 3533; x_wconf 89' lang='lat' dir='ltr'>mandauerat.</span> <span class='ocrx_word' id='word_1_515' title='bbox 3323 3472 3504 3533; x_wconf 90' lang='lat' dir='ltr'>Deut.</span> 
     </span>
     <span class='ocr_line' id='line_1_44' title="bbox 564 3552 3502 3633; baseline 0 -21"><span class='ocrx_word' id='word_1_516' title='bbox 564 3572 663 3630; x_wconf 86' lang='lat'>31.</span> <span class='ocrx_word' id='word_1_517' title='bbox 714 3574 809 3628; x_wconf 88' lang='lat'>24.</span> <span class='ocrx_word' id='word_1_518' title='bbox 855 3570 947 3630; x_wconf 88' lang='lat'>25.</span> <span class='ocrx_word' id='word_1_519' title='bbox 993 3554 1089 3615; x_wconf 88' lang='lat'>26.</span> <span class='ocrx_word' id='word_1_520' title='bbox 1148 3553 1285 3613; x_wconf 90' lang='lat' dir='ltr'>Fuit</span> <span class='ocrx_word' id='word_1_521' title='bbox 1346 3570 1489 3630; x_wconf 89' lang='lat' dir='ltr'>ergo</span> <span class='ocrx_word' id='word_1_522' title='bbox 1550 3552 1953 3613; x_wconf 89' lang='lat' dir='ltr'>testimonium</span> <span class='ocrx_word' id='word_1_523' title='bbox 2017 3554 2136 3613; x_wconf 91' lang='lat' dir='ltr'>hoc</span> <span class='ocrx_word' id='word_1_524' title='bbox 2190 3554 2250 3613; x_wconf 88' lang='grc' dir='ltr'>ιιι</span> <span class='ocrx_word' id='word_1_525' title='bbox 2307 3558 2500 3633; x_wconf 89' lang='lat' dir='ltr'>Arca,</span> <span class='ocrx_word' id='word_1_526' title='bbox 2543 3552 2689 3612; x_wconf 89' lang='lat' dir='ltr'>illud</span> <span class='ocrx_word' id='word_1_527' title='bbox 2729 3556 2866 3612; x_wconf 81' lang='lat' dir='ltr'>ante</span> <span class='ocrx_word' id='word_1_528' title='bbox 2905 3554 3268 3613; x_wconf 86' lang='lat' dir='ltr'>Arcam.1n</span> <span class='ocrx_word' id='word_1_529' title='bbox 3309 3554 3502 3630; x_wconf 89' lang='lat' dir='ltr'>Arca,</span> 
     </span>
     <span class='ocr_line' id='line_1_45' title="bbox 567 3600 3504 3726; baseline -0.001 -33"><span class='ocrx_word' id='word_1_530' title='bbox 567 3636 728 3693; x_wconf 89' lang='lat' dir='ltr'>velut</span> <span class='ocrx_word' id='word_1_531' title='bbox 770 3632 1107 3726; x_wconf 80' lang='lat' dir='ltr'>depositum</span> <span class='ocrx_word' id='word_1_532' title='bbox 1152 3634 1541 3693; x_wconf 87' lang='lat' dir='ltr'>seruandum:</span> <span class='ocrx_word' id='word_1_533' title='bbox 1584 3635 1741 3692; x_wconf 90' lang='lat' dir='ltr'>Ante</span> <span class='ocrx_word' id='word_1_534' title='bbox 1783 3635 2003 3692; x_wconf 85' lang='lat' dir='ltr'>Arcam</span> <span class='ocrx_word' id='word_1_535' title='bbox 2022 3678 2039 3710; x_wconf 94' lang='lat'>,</span> <span class='ocrx_word' id='word_1_536' title='bbox 2081 3635 2242 3693; x_wconf 86' lang='lat' dir='ltr'>velut</span> <span class='ocrx_word' id='word_1_537' title='bbox 2279 3600 2637 3695; x_wconf 88' lang='lat' dir='ltr'>beneficium</span> <span class='ocrx_word' id='word_1_538' title='bbox 2682 3634 2996 3694; x_wconf 69' lang='lat' dir='ltr'>Vtendum:</span> <span class='ocrx_word' id='word_1_539' title='bbox 3039 3634 3154 3694; x_wconf 92' lang='lat' dir='ltr'>Sed</span> <span class='ocrx_word' id='word_1_540' title='bbox 3191 3645 3504 3709; x_wconf 74' lang='lat' dir='ltr'>Vtrumque</span> 
     </span>
     <span class='ocr_line' id='line_1_46' title="bbox 568 3710 3504 3806; baseline -0.001 -33"><span class='ocrx_word' id='word_1_541' title='bbox 568 3711 727 3774; x_wconf 90' lang='lat' dir='ltr'>idem</span> <span class='ocrx_word' id='word_1_542' title='bbox 786 3713 1140 3789; x_wconf 86' lang='lat' dir='ltr'>substantia,</span> <span class='ocrx_word' id='word_1_543' title='bbox 1196 3712 1468 3791; x_wconf 86' lang='lat' dir='ltr'>quamuis</span> <span class='ocrx_word' id='word_1_544' title='bbox 1522 3711 1625 3789; x_wconf 91' lang='lat' dir='ltr'>qui</span> <span class='ocrx_word' id='word_1_545' title='bbox 1667 3710 1728 3771; x_wconf 92' lang='lat' dir='ltr'>in</span> <span class='ocrx_word' id='word_1_546' title='bbox 1771 3714 1930 3772; x_wconf 83' lang='lat' dir='ltr'>Arca</span> <span class='ocrx_word' id='word_1_547' title='bbox 1971 3724 2096 3772; x_wconf 87' lang='lat' dir='ltr'>erat</span> <span class='ocrx_word' id='word_1_548' title='bbox 2137 3714 2383 3806; x_wconf 87' lang='lat' dir='ltr'>Canon,</span> <span class='ocrx_word' id='word_1_549' title='bbox 2424 3722 2580 3775; x_wconf 88' lang='lat' dir='ltr'>esset</span> <span class='ocrx_word' id='word_1_550' title='bbox 2617 3712 2865 3773; x_wconf 86' lang='lat' dir='ltr'>canonis</span> <span class='ocrx_word' id='word_1_551' title='bbox 2903 3711 3059 3773; x_wconf 91' lang='lat' dir='ltr'>illius</span> <span class='ocrx_word' id='word_1_552' title='bbox 3097 3731 3274 3791; x_wconf 90' lang='lat' dir='ltr'>quem</span> <span class='ocrx_word' id='word_1_553' title='bbox 3315 3732 3504 3772; x_wconf 85' lang='lat' dir='ltr'>sacer-</span> 
     </span>
     <span class='ocr_line' id='line_1_47' title="bbox 565 3792 3504 3884; baseline -0.001 -31"><span class='ocrx_word' id='word_1_554' title='bbox 565 3794 738 3854; x_wconf 91' lang='lat' dir='ltr'>dotes</span> <span class='ocrx_word' id='word_1_555' title='bbox 782 3792 1056 3853; x_wconf 89' lang='lat' dir='ltr'>manibus</span> <span class='ocrx_word' id='word_1_556' title='bbox 1098 3794 1395 3871; x_wconf 89' lang='lat' dir='ltr'>terebant,</span> <span class='ocrx_word' id='word_1_557' title='bbox 1416 3792 1732 3884; x_wconf 79' lang='lat' dir='ltr'>Epitome.</span> <span class='ocrx_word' id='word_1_558' title='bbox 1776 3794 2118 3867; x_wconf 80' lang='lat' dir='ltr'>Postremo,</span> <span class='ocrx_word' id='word_1_559' title='bbox 2161 3793 2385 3871; x_wconf 89' lang='lat' dir='ltr'>nequid</span> <span class='ocrx_word' id='word_1_560' title='bbox 2403 3792 2748 3872; x_wconf 87' lang='lat' dir='ltr'>glorientur&#39;</span> <span class='ocrx_word' id='word_1_561' title='bbox 2753 3793 2856 3870; x_wconf 91' lang='lat' dir='ltr'>qui</span> <span class='ocrx_word' id='word_1_562' title='bbox 2877 3793 2994 3852; x_wconf 92' lang='lat' dir='ltr'>hoc</span> <span class='ocrx_word' id='word_1_563' title='bbox 3015 3802 3504 3871; x_wconf 85' lang='lat' dir='ltr'>argumentorum</span> 
     </span>
     <span class='ocr_line' id='line_1_48' title="bbox 561 3837 3504 3951; baseline -0.001 -18"><span class='ocrx_word' id='word_1_564' title='bbox 561 3892 780 3951; x_wconf 88' lang='lat' dir='ltr'>genere</span> <span class='ocrx_word' id='word_1_565' title='bbox 826 3873 1085 3933; x_wconf 74' lang='lat' dir='ltr'>insidiari</span> <span class='ocrx_word' id='word_1_566' title='bbox 1125 3837 1395 3950; x_wconf 89' lang='lat' dir='ltr'>cupiunt</span> <span class='ocrx_word' id='word_1_567' title='bbox 1412 3871 1838 3951; x_wconf 86' lang='lat' dir='ltr'>imperitiorum</span> <span class='ocrx_word' id='word_1_568' title='bbox 1892 3872 2222 3947; x_wconf 79' lang='lat' dir='ltr'>mentibus3</span> <span class='ocrx_word' id='word_1_569' title='bbox 2261 3874 2602 3935; x_wconf 85' lang='lat' dir='ltr'>addendum</span> <span class='ocrx_word' id='word_1_570' title='bbox 2645 3882 2762 3947; x_wconf 84' lang='lat' dir='ltr'>est,</span> <span class='ocrx_word' id='word_1_571' title='bbox 2804 3872 2968 3949; x_wconf 92' lang='lat' dir='ltr'>quod</span> <span class='ocrx_word' id='word_1_572' title='bbox 2989 3871 3072 3933; x_wconf 92' lang='lat' dir='ltr'>illi</span> <span class='ocrx_word' id='word_1_573' title='bbox 3113 3875 3360 3934; x_wconf 86' lang='lat' dir='ltr'>fortasse</span> <span class='ocrx_word' id='word_1_574' title='bbox 3379 3891 3504 3933; x_wconf 93' lang='lat' dir='ltr'>non</span> 
     </span>
    </p>
   </div>
   <div class='ocr_carea' id='block_1_2' title="bbox 565 3952 3506 4093">
    <p class='ocr_par' dir='ltr' id='par_1_2' title="bbox 565 3952 3506 4093">
     <span class='ocr_line' id='line_1_49' title="bbox 565 3952 3506 4093; baseline -0 -80"><span class='ocrx_word' id='word_1_575' title='bbox 565 3952 804 4031; x_wconf 89' lang='lat' dir='ltr'>vident,</span> <span class='ocrx_word' id='word_1_576' title='bbox 856 3954 913 4031; x_wconf 74' lang='lat' dir='ltr'>il</span> <span class='ocrx_word' id='word_1_577' title='bbox 904 3974 979 4011; x_wconf 96' lang='grc'>53</span> <span class='ocrx_word' id='word_1_578' title='bbox 1022 3954 1231 4013; x_wconf 85' lang='lat' dir='ltr'>decem</span> <span class='ocrx_word' id='word_1_579' title='bbox 1272 3964 1585 4031; x_wconf 87' lang='lat' dir='ltr'>praecepta</span> <span class='ocrx_word' id='word_1_580' title='bbox 1626 3958 1800 4029; x_wconf 89' lang='lat' dir='ltr'>(quae</span> <span class='ocrx_word' id='word_1_581' title='bbox 1844 3954 2088 4029; x_wconf 87' lang='lat' dir='ltr'>vocant)</span> <span class='ocrx_word' id='word_1_582' title='bbox 2131 3955 2361 4014; x_wconf 87' lang='lat' dir='ltr'>tabulas</span> <span class='ocrx_word' id='word_1_583' title='bbox 2404 3952 2565 4031; x_wconf 85' lang='lat' dir='ltr'>illas,</span> <span class='ocrx_word' id='word_1_584' title='bbox 2585 3972 2706 4013; x_wconf 89' lang='lat' dir='ltr'>non</span> <span class='ocrx_word' id='word_1_585' title='bbox 2730 3952 2904 4031; x_wconf 89' lang='lat' dir='ltr'>Legis</span> <span class='ocrx_word' id='word_1_586' title='bbox 2924 3954 3116 4013; x_wconf 75' lang='lat' dir='ltr'>solum</span> <span class='ocrx_word' id='word_1_587' title='bbox 3139 3952 3506 4093; x_wconf 46' lang='lat' dir='ltr'>menti-onem</span> 
     </span>
     <span class='ocr_line' id='line_1_50' title="bbox 3323 4052 3500 4092; baseline 0.006 -1"><span class='ocrx_word' id='word_1_588' title='bbox 3323 4052 3500 4092; x_wconf 87' lang='lat' dir='ltr'>acere</span> 
     </span>
    </p>
   </div>
  </div>
 </body>
</html>
