3923 4875
606 319 714 376 182
1546 336 1865 382 ‘russas
1923 337 2578 382 Τιιεοιοῦιοιιιι.

598 494 753 554 filios
792 493 904 556 sibi
946 505 1146 574 gratos
1184 495 1244 556 in
1286 515 1391 574 ec,
1430 498 1610 576 gratis
1650 517 1759 576 per
1797 517 1933 558 eum
1975 499 2257 578 redemit,
2299 509 2476 576 prout
2507 501 2585 560 ab
2605 508 2846 560 aeterno
2865 497 3240 574 decreuerat,
3273 499 3334 559 in
3354 502 3518 579 pleni

602 575 885 652 temporis
944 576 1377 654 dispensatione
1436 579 1634 638 omnia
1694 579 1805 638 sub
1858 598 1978 638 vno
2020 577 2214 656 capite
2239 545 2498 638 ’Christo
2539 578 2906 656 recolligere.
2964 580 3110 637 Pars
3147 545 3292 640 vei-o
3331 583 3519 641 altera

602 657 959 717 contrahens
998 668 1135 717 sunt
1178 657 1449 717 homines
1492 659 1895 734 cuiuscunque
1935 658 2170 736 generis
2209 657 2524 738 temporiS,
2565 658 2714 736 loci,
2747 659 2802 717 δι
2822 656 3076 717 nationis
3094 659 3338 719 fuerint.
3375 679 3516 722 nam

598 753 805 796 omnes
844 736 1111 796 saluandi
1150 757 1255 814 per
1294 738 1413 797 hoc
1452 737 1845 816 Euangelium
1876 737 2292 798 introducendi
2321 749 2488 798 erant
2521 739 2600 798 ad
2620 737 2920 798 medicum
2938 736 3270 798 animarum
3289 751 3516 800 nostra-

598 833 729 874 rum
770 815 1067 877 Christum
1082 861 1100 894 ,
1140 815 1243 895 qui
1280 819 1541 894 perfecte
1579 820 1773 895 legem
1812 817 2160 894 adimpleuit
2197 829 2404 878 nostro
2425 817 2693 896 nomine,
2727 818 2789 877 in
2809 836 2872 878 se
2895 819 3246 878 transferens
3268 821 3511 896 culpam

599 905 893 970 nostram,
943 906 1010 957 vt
1048 899 1187 957 vere
1228 897 1597 974 poenitentes
1636 901 1674 957 a
1712 908 1873 958 reatu
1914 898 2278 988 absolueret3
2319 899 2376 957 &
2415 897 2550 960 ideo
2591 896 2777 958 voluit
2817 898 2880 956 in
2919 897 3160 956 nomine
3199 916 3308 958 suo
3347 919 3512 976 prae-

598 974 781 1035 dicari
834 975 1277 1053 poenitentiam.
1343 976 1465 1037 Vbi
1521 976 1677 1038 enim
1732 975 2138 1038 remissionem
2179 989 2564 1054 peccatorum
2605 978 2776 1038 offert
2814 979 3010 1055 Deus,
3050 976 3512 1055 resipiscentiam

597 1054 853 1115 vicissim
894 1055 1157 1148 stipulari
1196 1059 1365 1116 solet.

681 1151 735 1212 5.
816 1138 885 1195 In
942 1135 1033 1196 his
1080 1136 1344 1226 duobus,
1384 1147 1449 1196 vt
1480 1139 1753 1213 partibus
1792 1135 1943 1214 suis,
1985 1154 2278 1196 summam
2319 1135 2620 1214 EuangeliJ’
2662 1155 2736 1196 ex
2775 1137 2834 1196 S.
2875 1134 3176 1213 Scriptura
3219 1136 3330 1198 rite
3371 1157 3512 1198 con-

596 1214 906 1276 stituimus
960 1233 1143 1292 quum
1184 1183 1344 1276 ειιίιιι
1383 1215 1555 1276 venia
1594 1219 1649 1276 δι
1688 1216 1956 1277 remissio
1997 1237 2102 1294 per
2142 1219 2448 1296 Euangelij
2490 1216 2992 1294 praedicationem
3029 1215 3168 1276 ideo
3209 1217 3512 1294 offeratur,

596 1306 661 1353 vt
698 1299 735 1354 a
774 1295 1083 1372 tyrannide
1122 1297 1397 1374 Satanae,
1440 1296 1670 1372 peccati
1708 1296 1878 1372 iug0,
1919 1300 1976 1356 δε
2017 1296 2230 1357 misera
2268 1297 2548 1358 seruitute
2591 1295 2868 1356 vitiorum
2905 1295 3186 1356 liberatus
3225 1306 3511 1373 peccator

596 1375 657 1433 in
716 1393 963 1453 regnum
1024 1375 1137 1434 Dei
1196 1387 1481 1446 transeat,
1543 1379 1703 1435 certe
1763 1375 2070 1468 Euangelij
2129 1376 2376 1454 gratiam
2431 1395 2610 1436 nemo
2663 1375 2940 1466 amplecti
2983 1385 3212 1453 potest,
3254 1377 3396 1452 quin
3435 1395 3516 1436 ex

597 1454 893 1516 erroribus
933 1454 1089 1516 vitae
1126 1454 1339 1532 prioris
1378 1475 1485 1534 per
1525 1455 1731 1515 odium
1768 1455 1998 1533 peccati
2037 1457 2098 1515 in
2138 1467 2364 1517 rectam
2407 1457 2562 1516 viam
2604 1473 2668 1516 se
2699 1453 2970 1532 recipiat,
3007 1459 3318 1532 totumque
3337 1473 3511 1516 suum

596 1535 853 1594 studium
894 1535 1151 1612 applicet
1193 1536 1270 1595 ad
1310 1535 1705 1612 poenitentiae
1748 1534 2223 1628 meditationem,
2265 1535 2348 1597 ita
2387 1547 2449 1595 vt
2492 1535 2658 1612 quod
2697 1534 2842 1595 olim
2881 1535 3050 1593 Plato
3072 1533 3310 1595 dicebat
3329 1535 3512 1595 vitam

593 1613 939 1692 Philosophi
992 1615 1437 1676 meditationem
1492 1633 1620 1676 esse
1676 1615 1908 1691 mortis,
1952 1617 2144 1676 verius
2187 1616 2362 1676 nobis
2405 1615 2606 1675 dicere
2644 1615 2850 1692 liceat,
2891 1613 3210 1674 Christiani
3249 1614 3510 1676 hominis

595 1704 944 1771 perpetuum
984 1711 1112 1754 esse
1153 1695 1411 1754 studium
1451 1696 1508 1753 δι
1547 1694 2032 1784 exercitationem
2072 1695 2264 1755 carnis
2305 1695 2777 1771 mortificandae,
2817 1695 3013 1755 donec
3051 1710 3122 1753 ea
3140 1694 3352 1784 plane
3335 1705 3512 1754 inter-

597 1785 753 1834 emta
813 1772 1059 1850 Spiritus
1112 1773 1227 1832 Dei
1274 1792 1526 1865 regnum
1582 1774 1645 1834 in
1685 1773 1860 1835 nobis
1898 1774 2194 1854 obtineat,
2233 1775 2634 1852 cordibusque
2673 1772 2889 1834 nostris
2930 1771 3340 1834 remissionem
3377 1793 3516 1851 pec-

602 1863 871 1912 catorum
930 1855 987 1912 &
1048 1851 1593 1914 reconciliationem
1640 1865 1935 1925 nostram,
1979 1856 2198 1914 factam
2239 1871 2377 1914 cum
2417 1856 2552 1914 Deo
2595 1857 2766 1914 Patre
2805 1870 2914 1930 per
2952 1851 3254 1944 Christum
3297 1852 3516 1932 filium,

598 1932 897 2010 obsignet,
938 1941 1117 2009 prout
1136 1941 1223 1992 est
1240 1933 1501 1994 arrhabo
1520 1933 1895 1994 haereditatis
1913 1927 2184 2012 nostrae,
2204 1936 2261 1994 &
2281 1933 2602 2010 acquisitae
2623 1933 2796 1994 nobis
2817 1931 3210 2010 possessionis
3227 1931 3292 1992 in
3311 1900 3516 1994 coelis.

681 2014 737 2070 6.
818 2014 1087 2072 Materia
1140 2011 1441 2090 Euangelij
1497 2013 1622 2073 siue
1678 2015 2130 2075 fundamentum
2181 2013 2564 2091 praecipuum
2611 2011 2784 2073 huius
2821 2011 3077 2073 foederis
3115 2021 3204 2072 est
3247 2012 3518 2073 Christus

602 2091 944 2169 crucifixus,
984 2100 1279 2170 mortuus,
1321 2094 1428 2152 &c
1471 2092 1595 2154 siue
1634 2094 1822 2170 (quod
1861 2093 2018 2154 idem
2062 2094 2174 2168 est)
2215 2092 2508 2156 mediator
2547 2093 2662 2152 Dei
2703 2096 2760 2153 &
2798 2093 3106 2152 hominum
3145 2092 3205 2151 in
3227 2091 3518 2184 sanguine

600 2188 740 2232 suo.
796 2171 959 2232 cuius
1002 2138 1279 2232 efficacia
1306 2173 1539 2250 duplex.
1583 2172 1773 2250 prima
1814 2184 1903 2233 est
1941 2174 2020 2233 ad
2063 2172 2538 2234 satisfaciendum
2577 2171 2826 2232 iustitiae
2865 2170 3102 2232 diuinae
3141 2173 3197 2232 δι
3236 2171 3357 2232 irae
3398 2171 3518 2232 Dei

600 2251 883 2311 aduersus
921 2270 1033 2312 nos
1070 2271 1353 2312 accensae
1394 2263 1638 2331 propter
1677 2263 1927 2330 peccata
1969 2263 2204 2331 nostra,
2245 2254 2300 2311 δι
2339 2251 2626 2312 violatum
2646 2251 2856 2312 foedus
2875 2249 3024 2311 illud
3043 2268 3307 2342 operum.
3331 2253 3520 2312 altera

601 2342 689 2392 est
726 2332 808 2391 ad
844 2332 1020 2392 nobis
1059 2333 1519 2424 promerendum
1560 2347 1780 2393 nouam
1819 2331 1933 2392 Dei
1974 2299 2223 2409 gratiam
2263 2333 2320 2390 δι
2363 2330 2858 2392 misericordiam:
2899 2331 3020 2391 hoc
3059 2329 3218 2392 enim
3239 2341 3328 2391 est
3347 2331 3519 2408 quod

598 2411 775 2473 nobis
815 2425 1137 2474 annunciat
1168 2413 1601 2505 ‘Euangelium,
1642 2413 1803 2473 vnde
1840 2414 2170 2490 appellatur
2211 2411 2604 2505 Euangelium
2643 2413 2778 2473 Iesu
2811 2409 3057 2489 Christi,
3093 2425 3232 2471 cum
3251 2413 3288 2470 a
3308 2428 3520 2473 caussa

601 2490 892 2553 efficiente
930 2494 1095 2570 quod
1136 2491 1209 2552 sit
1247 2496 1284 2552 a
1326 2492 1591 2569 Christo,
1633 2502 1760 2552 tum
1800 2496 1837 2551 a
1876 2492 2163 2553 materiali
2203 2494 2372 2569 quod
2410 2490 2486 2552 sit
2525 2493 2602 2553 de
2643 2491 2880 2553 Christo
2921 2490 3166 2567 eiusque
3188 2492 3513 2552 beneficiis.

684 2588 737 2647 7.
820 2575 878 2631 A
916 2572 1256 2633 nominibus
1296 2581 1526 2651 autem,
1567 2589 1719 2649 quae
1760 2590 1833 2631 ex
1874 2572 2096 2648 qffectis
2131 2571 2442 2662 imposita,
2479 2570 2707 2649 liquido
2720 2580 2908 2663 patet
2949 2570 3096 2648 quid
3135 2574 3191 2631 81
3229 2570 3417 2648 qualis
3437 2571 3514 2631 sit

602 2652 905 2730 EuangeliJ'
948 2651 1252 2730 doctrina,
1291 2670 1444 2729 quae
1484 2618 1608 2713 eius
1646 2652 1855 2711 effecta
1893 2654 1949 2710 δι
1989 2650 2406 2743 proprietateS.
2448 2654 2602 2712 laeta
2642 2649 2798 2711 enim
2838 2660 2926 2710 est
2967 2651 3023 2708 δι
3063 2652 3254 2729 bona,
3295 2660 3358 2711 vt
3387 2670 3506 2711 vox

600 2732 729 2811 ipsa
788 2740 990 2792 sonat·
976 2778 993 2812 ‚
1050 2731 1190 2809 quia
1232 2731 1533 2791 Christum
1574 2730 1879 2792 annuntiat
1924 2730 2127 2791 omnia
2165 2734 2330 2791 bona
2369 2734 2715 2791 afferentem
2755 2732 3222 2807 offerentemque
3262 2733 3318 2791 &
3357 2750 3524 2808 prae-

599 2822 852 2871 stantem
893 2811 1301 2872 credentibus.
1365 2810 1623 2871 Proinde
1659 2810 1863 2871 vocari
1904 2812 2056 2872 solet
2075 2813 2302 2872 bonum
2324 2811 2438 2871 Dei
2461 2813 2736 2887 verbum,
2771 2810 2934 2869 bona
2952 2808 3254 2885 doctrina,
3289 2810 3520 2869 bonum

600 2910 836 2969 semen,
871 2911 1066 2951 sermo
1099 2908 1303 2965 sanuS,
1332 2893 1579 2951 verbum
1615 2889 1796 2969 vitae,
1831 2893 2082 2951 verbum
2114 2890 2642 2967 reconciliationis,
2673 2888 3067 2966 Euangelium
3100 2888 3290 2979 paciS,
3323 2890 3518 2949 Euan-

598 2970 815 3049 gelium
870 2971 1101 3049 salutiS,
1140 2968 1449 3031 brachium
1492 2970 1633 3049 Dei,
1676 2971 1830 3031 odor
1870 2971 2028 3031 vitae
2067 2972 2144 3031 ad
2187 2970 2388 3030 vitam.
2429 2972 2593 3047 quod
2633 2968 2792 3029 enim
2831 2967 3188 3045 quibusdam
3228 2966 3303 3027 sit
3343 2969 3521 3029 etiam

600 3051 753 3111 odor
808 3050 1013 3111 mortis
1061 3051 1139 3111 ad
1178 3058 1470 3120 mortem,
1512 3051 1633 3110 hoc
1676 3068 1749 3109 ex
1788 3050 2082 3111 accidenti
2121 3061 2241 3127 est,
2280 3068 2406 3110 non
2445 3052 2622 3128 culpa
2661 3048 2966 3126 EuangeliJ'
2985 3094 3001 3127 ‚
3042 3050 3180 3108 cum
3219 3048 3519 3108 neminem

600 3128 882 3231 perimat,
941 3131 1048 3190 sed
1088 3130 1324 3190 illorum
1366 3128 1513 3189 vitio
1556 3130 1658 3207 qui
1698 3128 1891 3206 ipsum
1934 3138 2385 3190 contemnentes
2424 3129 2478 3190 ei
2517 3148 2637 3189 non
2684 3130 2964 3200 credunt,
3007 3128 3146 3187 cum
3185 3125 3302 3188 sint
3343 3130 3526 3201 σκεύη

601 3213 768 3288 ὀργῆς
810 3210 1231 3299 κατηρτισμένα
1271 3212 1359 3273 εἰς
1396 3208 1711 3268 ἀπώλειαν.

681 3290 738 3348 8.
818 3286 983 3346 Hinc
1036 3286 1221 3365 surgit
1269 3285 1575 3364 Euangelij
1614 3288 1769 3364 finis
1819 3288 2041 3367 duplex
2055 3333 2073 3366 ,
2129 3287 2433 3365 proximus
2485 3305 2666 3363 vnuS,
2721 3290 2776 3346 δι
2817 3295 3079 3346 remotus
3117 3284 3244 3345 siue
3283 3283 3522 3345 vltimus
3605 3318 3616 3323 -

600 3367 780 3427 alter:
822 3366 919 3427 ille
960 3376 1048 3425 est
1088 3369 1410 3427 electorum
1451 3375 1641 3443 eoque
1676 3367 2044 3428 credentium
2071 3370 2228 3427 salus
2251 3366 2544 3427 οιιιιιίιιιιι.
2583 3376 2897 3444 postquam
2919 3363 3075 3425 enim
3095 3363 3256 3425 venit
3276 3366 3520 3442 plenum

602 3457 832 3538 tempus
884 3445 1042 3505 misit
1089 3447 1254 3506 Deus
1305 3445 1489 3506 filium
1548 3463 1717 3505 suum
1760 3448 1982 3507 facturn
2025 3466 2098 3507 ex
2139 3445 2420 3525 muliere,
2462 3448 2684 3507 factum
2723 3446 2841 3523 legi
2881 3445 3247 3521 subiectum,
3287 3454 3350 3503 vt
3391 3462 3526 3521 eos»,

600 3527 702 3603 qui
743 3534 909 3587 erant
947 3525 1063 3603 legi
1106 3525 1385 3616 obnoxij,
1422 3524 1768 3602 redimeret,
1813 3527 1869 3585 &
1906 3530 1943 3585 a
1982 3544 2169 3604 regno
2214 3528 2463 3585 Satanae
2503 3526 2565 3585 in
2597 3543 2847 3603 regnum
2868 3523 2982 3585 Dei
3001 3526 3369 3584 transferret:
3406 3538 3528 3597 qua

600 3606 676 3666 de
731 3624 939 3667 caussa
993 3609 1047 3664 δι
1100 3604 1491 3682 Euangelium
1533 3604 1735 3664 salutis
1774 3615 2013 3666 nostrae
2055 3609 2111 3665 δι
2151 3604 2316 3681 regni
2357 3604 2469 3665 Dei
2511 3606 2877 3682 appellatum
2919 3614 3027 3664 est.
3085 3601 3340 3663 Vltimus
3381 3605 3525 3661 vero

600 3696 689 3746 est
748 3685 937 3764 gloria
1003 3683 1149 3763 Dei,
1191 3684 1269 3745 ad
1310 3686 1464 3743 hanc
1500 3682 1659 3743 enim
1701 3686 1756 3743 δι
1797 3683 1973 3745 electi
2013 3687 2070 3746 &
2113 3684 2312 3745 vocati
2351 3688 2407 3746 &
2447 3683 2742 3746 iustificati
2783 3688 2838 3745 δι
2877 3684 3118 3743 tandem
3156 3680 3528 3760 glorificandi

602 3784 830 3844 sumus,
870 3765 1032 3824 vnde
1068 3728 1149 3823 ait
1189 3765 1517 3841 Apostolus
1555 3764 1752 3823 Deum
1793 3764 2264 3841 praedestinasse
2305 3782 2417 3824 nos
2459 3764 2518 3822 in
2558 3765 2796 3825 laudem
2837 3762 3060 3841 gloriae
3099 3761 3320 3839 gratiae
3367 3776 3526 3820 suae.

680 3864 735 3922 9.
819 3849 1043 3905 Forma
1083 3842 1207 3903 eius
1249 3844 1501 3920 duplex,
1540 3841 1771 3903 interna
1812 3862 1929 3903 vna
1971 3846 2026 3904 &
2069 3855 2312 3903 externa
2351 3846 2563 3903 altera.
2605 3844 2704 3903 illa
2746 3852 2836 3902 est
2876 3842 3076 3901 diuina
3113 3840 3328 3900 veritas
3349 3838 3442 3899 &
3425 3859 3530 3899 im-

600 3923 783 4000 pletio
826 3922 1271 4002 prophetiarum
1316 3942 1421 4001 per
1463 3922 1833 3982 Patriarchas
1868 3924 1923 3981 &
1947 3924 2279 4000 Prophetas
2303 3923 2445 3983 olim
2468 3924 2858 4000 prolatarum.
2902 3922 3160 3980 Externa
3177 3924 3320 3979 vero
3339 3920 3534 3978 forma

600 4005 878 4075 (modum
917 4004 1011 4077 alij
1050 4005 1295 4079 vocant)
1338 4013 1429 4062 est
1468 4002 1695 4079 oratiO,
1734 4019 1887 4077 quae
1932 4012 1996 4062 vt
2037 4013 2482 4080 contemperata
2523 4012 2644 4073 est,
2688 4004 2744 4063 δι
2784 4000 3032 4061 dicentis
3063 3996 3352 4058 maiestati
3371 4000 3427 4058 &
3448 3997 3534 4057 rei

602 4081 891 4143 dicendae
946 4080 1244 4160 dignitati,
1306 4088 1623 4159 captusque
1676 4080 1913 4140 illorum
1975 4081 2052 4140 ad
2107 4098 2258 4158 quos
2309 4083 2590 4159 habetur,
2633 4081 2715 4143 ita
2755 4078 3100 4156 simpliciter
3139 4097 3265 4139 rem
3303 4086 3533 4155 narrat,

606 4164 660 4221 δι
688 4178 995 4251 ‘summam
1036 4160 1293 4222 ostendit
1334 4160 1734 4238 diuinitatem,
1778 4162 1833 4220 &
1872 4160 2409 4237 incomparabilem
2453 4162 2530 4221 de
2563 4180 2624 4222 se
2645 4159 2846 4238 prodit
2867 4158 3246 4217 maiestatem.
3288 4120 3534 4232 Spiritus

605 4238 767 4299 enim
808 4242 921 4301 Dei
960 4251 1049 4301 est
1086 4240 1190 4317 qui
1232 4241 1292 4300 in
1336 4258 1409 4299 ea
1446 4204 1737 4319 loquitur,
1780 4242 1835 4299 &
1876 4242 2190 4300 efficacem
2230 4240 2371 4301 facit
2411 4240 2470 4299 in
2510 4240 2794 4301 cordibus
2834 4236 3160 4298 hominum.
3201 4246 3265 4298 vt
3301 4234 3460 4296 enirn
3479 4234 3530 4294 is

606 4329 693 4381 est
751 4319 855 4397 qui
894 4330 1019 4381 tum
1058 4338 1281 4380 nouam
1326 4320 1381 4378 &
1422 4320 1746 4381 coelestem
1786 4320 1985 4379 lucem
2029 4320 2090 4380 in
2133 4330 2336 4381 mente
2374 4319 2537 4398 prius
2577 4319 2964 4381 obtenebrata
3003 4320 3166 4393 (nam
3205 4336 3279 4379 ex
3316 4334 3378 4377 se
3371 4332 3535 4476 diffie

3327 4413 3387 4455 vi
