3923 4875
1176 366 1279 411 nn
1337 364 1764 412 vonrrrat
1822 366 2079 411 uosrs
2138 366 2429 415 ossan·
3148 350 3265 430 985

341 525 606 605 septenis
660 544 844 587 vnum
895 524 973 587 ad
1027 543 1411 589 communem
1451 526 1564 589 Dei
1604 528 1828 589 cultum
1867 544 2161 605 veraeque
2200 525 2430 605 pietatis
2468 524 2926 587 exercitamenta
2962 526 3043 586 ab
3080 524 3270 587 homi-

343 606 527 667 nibus
588 606 870 669 omnibus
918 606 1233 684 postulari:
1295 608 1397 687 qui
1443 624 1615 669 secus
1675 607 1878 669 fecerit
1891 654 1910 687 ,
1964 626 2071 669 eos
2118 618 2329 669 contra
2368 607 2458 667 ius
2498 622 2820 667 commune
2858 603 3267 685 rationemque

342 705 731 749 communem
769 687 1000 766 venire,
1041 704 1189 765 quas
1229 706 1323 749 res
1369 691 1534 749 Deus
1574 690 1848 767 exemplo
1889 690 1944 749 &
1983 687 2335 750 auctoritate
2372 705 2481 749 sua
2518 686 2659 747 inde
2695 690 2733 747 a
2772 684 3071 747 creatione
3102 704 3269 747 sanc·

337 766 676 827 tificauerit.
715 766 996 829 Iudiciale
1035 778 1232 829 autem
1272 768 1558 847 quicquid
1597 779 1686 830 est
1723 766 2103 847 simpliciter,
2142 766 2267 829 siue
2306 770 2457 847 po(f.
2484 766 2890 845 1526)liticum
2906 765 3009 845 ,id
3028 766 3265 827 duobus

345 846 548 907 modis
589 846 871 925 distingui
909 866 1154 909 necesse
1198 858 1306 910 est.
1347 850 1504 909 Nam
1543 848 1604 908 in
1645 851 1765 909 hoc
1803 866 2020 928 genere
2058 847 2352 910 inuenitur
2389 847 2611 940 aliquid
2630 845 2916 908 mutabile
2930 890 2948 925 ,
2970 849 3025 907 δι
3044 844 3269 925 aliquid

341 926 714 987 immutabile
745 936 1071 1005 permanet.
1131 929 1286 990 Citm
1327 939 1526 989 autem
1567 928 1880 990 mutabiles
1919 928 1980 989 in
2021 930 2139 989 hoc
2178 946 2397 1007 genere
2436 926 2756 989 dixerimus
2796 925 3267 987 circumstantias

341 1026 476 1069 esse
490 1051 508 1085 ,
551 1026 627 1067 ex
667 1026 743 1069 eo
781 1006 1070 1069 continuo
1109 1010 1376 1087 sequitur
1411 1028 1525 1069 nos
1564 1009 1686 1070 hoc
1727 1018 2000 1087 tempore
2039 1008 2101 1071 in
2140 1027 2214 1071 ea
2250 1007 2604 1069 iudiciorum
2645 1017 2814 1086 parte
2846 1005 3091 1067 minime
3120 1004 3269 1066 obli-

343 1088 505 1166 gari,
546 1106 700 1165 quae
741 1088 802 1147 in
843 1086 1294 1151 circumstantiis
1333 1088 1530 1167 posita
1567 1100 1686 1151 est:
1745 1088 2020 1168 Exempli
2058 1106 2255 1150 causa.
2305 1090 2435 1151 Nos
2477 1087 2804 1150 secundum
2844 1085 3267 1147 conscientiam

343 1186 472 1227 non
534 1167 721 1228 teneri
772 1169 1192 1231 obseruatione
1243 1186 1538 1230 annorum
1577 1167 2027 1231 intermissionis
2041 1214 2060 1248 ,
2098 1178 2201 1231 aut
2236 1169 2655 1241 iubilaeorum‚
2697 1176 2799 1229 aut
2838 1165 3269 1245 consimilium,

341 1264 500 1325 quae
539 1248 636 1307 lex
677 1247 1087 1326 imperauerat.
1127 1250 1321 1311 Leuit.
1364 1266 1460 1328 25.
1501 1270 1558 1325 4.
1599 1253 1657 1311 8.
1697 1253 1810 1311 &c.
1869 1251 2185 1311 Praeterea
2224 1250 2363 1309 cum
2404 1251 2625 1311 multae
2663 1249 2827 1339 leges
2854 1245 2995 1307 iuris
3024 1245 3273 1325 particu-

345 1326 488 1387 laris
533 1326 680 1407 sint,
720 1327 785 1389 id
826 1340 948 1409 est,
987 1327 1414 1409 particulariter
1449 1330 1530 1391 ad
1570 1328 1736 1391 illum
1773 1332 2095 1409 populum,
2136 1328 2283 1391 illud
2322 1340 2588 1408 tempus,
2632 1346 2940 1406 regionem
2980 1326 3174 1406 illam,
3214 1328 3270 1387 δι

343 1418 584 1468 caetera
621 1407 1010 1489 pertinentes3
1049 1412 1169 1471 hoc
1207 1408 1384 1471 etiam
1425 1409 1734 1471 adiicimus
1748 1456 1767 1489 ,
1799 1412 2115 1488 plerasque
2135 1426 2336 1471 earum
2356 1411 2555 1489 legum
2575 1426 2729 1487 quae
2748 1406 2889 1469 iuris
2908 1405 3273 1486 particularis

341 1498 482 1547 sunt
541 1488 602 1547 in
661 1487 868 1549 ritibus
933 1490 1256 1551 forensium
1315 1489 1802 1552 obseruationum
1853 1490 2084 1569 positae
2097 1534 2113 1562 ,
2156 1489 2274 1551 iam
2314 1500 2572 1551 mutatas
2612 1506 2741 1550 esse
2756 1534 2776 1568 ,
2818 1506 2943 1549 non
2984 1488 3169 1549 modo
3210 1485 3273 1547 in

343 1567 830 1648 circumstantiis,
871 1570 976 1630 sed
1019 1569 1198 1631 etiam
1238 1570 1459 1649 reipsa:
1503 1567 1838 1631 cuiusmodi
1877 1569 2257 1632 interdictum
2288 1569 2433 1632 illud
2454 1580 2563 1631 est.
2605 1570 2698 1630 Ne
2716 1566 3055 1631 accendatis
3074 1566 3274 1646 ignem

345 1647 409 1709 in
469 1648 748 1711 omnibus
799 1648 1150 1711 habitaculis
1203 1650 1410 1711 vestris
1448 1649 1546 1711 die
1583 1649 1871 1713 Sabbathi
1884 1696 1903 1719 ,
1943 1651 2139 1712 Exod.
2182 1668 2217 1727 3
2224 1666 2279 1728 5.
2322 1668 2378 1727 3.
2422 1653 2477 1711 δι
2518 1665 2934 1728 quaecumque
2974 1649 3275 1726 praeterea

343 1728 610 1789 instituta
648 1740 786 1791 sunt
825 1729 1149 1809 eiusmodi,
1190 1750 1264 1791 ex
1303 1730 1596 1810 principio
1611 1777 1628 1810 ,
1669 1741 1773 1791 aut
1810 1728 2051 1792 obiecto
2064 1776 2083 1811 ,
2122 1740 2225 1792 aut
2263 1732 2380 1791 fine
2420 1727 2799 1791 ceremoniali
2836 1726 3189 1806 pendentia,
3208 1736 3275 1787 vt

345 1810 740 1887 praecedente
777 1809 972 1888 capite
1013 1811 1399 1873 ostendimus.
1461 1812 1892 1889 Quaecumque
1933 1820 2135 1873 autem
2173 1810 2417 1872 rationis
2458 1810 2792 1871 communis
2828 1818 2965 1869 sunt
2980 1852 2997 1883 ,
3037 1811 3094 1869 &
3134 1805 3275 1868 iuris

345 1888 680 1951 communis
742 1889 804 1950 in
857 1889 1102 1969 politico
1148 1893 1351 1970 legum
1389 1890 1791 1953 Mosaicarum
1827 1908 2075 1970 genere,
2117 1910 2189 1952 ea
2226 1899 2329 1951 aut
2367 1891 2597 1952 ratione
2636 1888 2943 1951 communi
2976 1886 3274 1967 obligant,

345 1979 453 2029 aut
491 1968 798 2048 analogia3
837 1990 910 2030 ac
948 1969 1202 2048 proinde
1243 1970 1401 2033 diem
1442 1972 1608 2033 illum
1648 1970 1950 2046 sabbathi,
1991 1970 2152 2049 quia
2170 1970 2405 2032 Iudaeis
2424 1968 2829 2049 superstitiose
2846 1968 3045 2030 adhuc
3064 1970 3270 2029 obser-

345 2060 520 2109 uatur
533 2094 551 2128 ,
592 2052 868 2110 nolumus
907 2050 1151 2128 quidem
1189 2050 1525 2131 obseruari,
1568 2050 1708 2129 quia
1743 2050 1882 2113 iuris
1923 2050 2262 2113 communis
2294 2053 2352 2111 δι
2380 2050 2624 2111 rationis
2644 2060 2765 2131 est3
2787 2066 2941 2128 quae
2962 2045 3271 2127 publicum

345 2128 620 2190 ordinem
659 2140 838 2207 atque
877 2130 1182 2209 politeiam
1221 2150 1388 2193 suam
1429 2137 1616 2210 aeque
1659 2130 1720 2191 in
1759 2133 1938 2193 rebus
1973 2130 2399 2193 Ecclesiasticis
2419 2132 2475 2191 δι
2496 2128 2714 2191 diuinis
2727 2175 2745 2208 ,
2764 2149 2837 2190 ac
2856 2129 2917 2191 in
2936 2126 3273 2192 forensibus

345 2211 402 2270 &
441 2209 714 2271 humanis
753 2212 1074 2288 postulant.
1115 2210 1550 2273 Ceremonialia
1587 2215 1731 2273 vero
1745 2256 1764 2285 ,
1801 2228 2195 2290 quaecunque
2236 2210 2579 2289 simpliciter
2610 2211 2691 2272 ad
2723 2207 3123 2271 ceremoniam
3144 2226 3275 2286 per-

349 2288 570 2368 tinent,
609 2308 681 2351 ea
717 2290 1062 2352 mutationis
1101 2292 1234 2371 lege
1272 2296 1310 2353 a
1347 2294 1486 2354 Deo
1525 2292 1644 2353 iam
1685 2292 1828 2353 olim
1860 2293 1981 2353 lata
2020 2302 2187 2373 sunt3
2228 2295 2284 2354 δι
2326 2290 2593 2371 quisquis
2634 2310 2705 2352 ea
2726 2289 2941 2351 mutari
2957 2286 3271 2369 prohibet,

348 2369 532 2429 menti
585 2369 936 2450 legislatoris
975 2370 1155 2450 ipsius
1191 2392 1266 2433 ac
1302 2372 1532 2435 veritati
1570 2372 1935 2433 aduersatur.
1990 2372 2111 2435 Sed
2148 2382 2349 2433 tamen
2390 2370 2491 2433 hic
2530 2388 2761 2432 rursum
2806 2385 2957 2450 opus
2990 2380 3079 2430 est
3118 2386 3276 2429 cere-

348 2449 628 2511 monialia
683 2453 1014 2531 prudenter
1069 2455 1108 2512 a
1145 2452 1322 2514 nobis
1379 2452 1692 2532 distingui,
1751 2473 1829 2514 ne
1889 2457 2188 2533 peraeque
2240 2451 2443 2515 omnia
2482 2453 2695 2514 eodem
2742 2454 2881 2513 loco
2920 2452 3269 2512 habeantur.

349 2531 499 2590 Sunt
546 2530 706 2592 enim
747 2529 1196 2612 ceremonialia,
1236 2535 1387 2595 haec
1426 2531 1682 2609 ordinis,
1723 2535 1781 2593 δι
1821 2532 1920 2594 illa
1959 2535 2214 2613 figurae,
2253 2543 2319 2594 vt
2354 2535 2491 2594 ante
2532 2531 2806 2594 diximus.
2870 2531 3041 2608 Quae
3080 2539 3275 2590 autem

347 2609 572 2671 ordinis
617 2623 784 2692 sunt,
827 2611 877 2672 si
915 2612 995 2674 ad
1034 2630 1419 2674 communem
1460 2612 1734 2675 ordinem
1773 2611 2103 2694 pertinent‘,
2134 2623 2277 2693 puta
2299 2622 2632 2676 conuentus
2650 2611 2858 2674 haberi
2872 2656 2890 2691 ,
2910 2621 3079 2672 certo
3097 2611 3237 2672 loco
3251 2655 3270 2689 ,

347 2700 614 2768 tempore
629 2736 647 2770 ,
705 2693 854 2754 haec
912 2711 1038 2753 non
1089 2703 1211 2754 tam
1253 2693 1628 2756 ceremoniae
1642 2739 1660 2770 ,
1713 2697 1894 2772 quam
1933 2693 2211 2772 politeiae
2248 2703 2415 2756 sunt:
2456 2696 2513 2754 δι
2552 2691 2693 2770 quia
2728 2691 2995 2754 instituta
3030 2688 3277 2770 politica

348 2769 489 2830 iuris
547 2772 884 2834 communis
937 2783 1074 2834 sunt
1121 2772 1541 2854 immutabilia,
1594 2785 1661 2834 vt
1697 2777 1836 2834 ante
1875 2773 2273 2852 ostendimus,
2314 2777 2627 2853 propterea
2666 2773 2816 2835 haec
2855 2775 2894 2833 a
2932 2771 3110 2832 nobis
3150 2787 3275 2830 non

349 2861 633 2927 tanquam
675 2851 1092 2914 ceremonialia
1105 2899 1124 2933 ,
1165 2855 1272 2914 sed
1310 2853 1510 2933 potius
1541 2863 1826 2932 tanquam
1864 2853 2109 2933 politica
2150 2853 2487 2933 Ecclesiae,
2518 2851 2582 2914 id
2611 2853 2716 2914 sed
2731 2897 2748 2932 ,
2782 2854 2861 2914 ad
2882 2851 3099 2913 iustum
3122 2849 3279 2910 ordi-

350 2948 486 2990 nem
526 2932 1016 3011 honestatemque
1055 2932 1240 3011 ipsius
1279 2931 1633 3012 pertinentia
1673 2937 1852 3011 (quae
1891 2933 2017 2995 duo
2036 2936 2251 2997 Paulus
2270 2933 2573 3014 praecepit
2590 2931 3033 3012 diligentissime
3061 2951 3111 2990 1.
3132 2930 3275 2991 Cor.

360 3029 448 3084 14·
495 3015 618 3086 40.)
658 3022 936 3074 curantur
977 3012 1261 3093 religione
1301 3031 1552 3075 summa.
1612 3013 1715 3076 Sin
1761 3014 1841 3074 ad
1881 3013 2153 3076 ordinem
2194 3013 2334 3075 iuris
2370 3013 2739 3094 particularis
2778 3020 3075 3092 spectant,
3114 3011 3281 3088 quod

349 3089 439 3150 ius
497 3092 851 3169 particulare
905 3094 985 3154 ad
1026 3093 1394 3156 Christianos
1435 3093 1627 3172 reipsa
1668 3093 1911 3154 minime
1950 3093 2234 3174 pertinet,
2272 3095 2380 3156 sed
2421 3095 2653 3155 tantum
2690 3091 2991 3174 analogia,
3030 3089 3281 3152 omnino

351 3171 662 3232 statuimus
701 3172 1074 3234 ceremonias
1115 3173 1246 3235 illas
1285 3177 1447 3236 recte
1487 3183 1740 3234 mutatas
1781 3193 1912 3234 esse
1925 3219 1943 3252 ,
1978 3185 2081 3235 aut
2098 3193 2209 3255 pro
2229 3172 2659 3236 commoditate
2676 3171 2914 3252 piorum
2936 3170 3279 3233 mutabiles:

353 3249 860 3344 Quandoquidem
899 3255 1062 3332 leges
1103 3253 1442 3316 huiusmodi
1479 3265 1583 3315 aut
1621 3251 1954 3346 principio,
1989 3265 2091 3316 aut
2130 3252 2371 3317 obiecto
2410 3253 2834 3316 ceremoniales
2852 3263 3019 3332 sunt,
3040 3253 3279 3328 aut-fine

349 3330 606 3408 ipsarum
648 3334 968 3412 implexam
1009 3333 1342 3396 necessario
1381 3335 1606 3396 habent
1643 3334 1987 3396 mutationis
2024 3337 2237 3414 legem.
2278 3337 2349 3394 In
2382 3333 2455 3396 iis
2492 3337 2637 3395 vero
2669 3333 2901 3413 legibus
2920 3330 3283 3394 ceremonia-

352 3411 506 3472 libus
561 3429 716 3489 quae
775 3412 1118 3493 figuratiuae
1175 3415 1358 3494 vulgo
1421 3415 1820 3494 appellantur,
1881 3425 1985 3475 aut
2032 3417 2151 3494 qua
2198 3413 2543 3494 figuratiuae
2581 3424 2747 3494 sunt,
2786 3412 2937 3476 ratio
2977 3422 3066 3475 est
3104 3413 3283 3489 longe

351 3491 603 3552 diuersa.
664 3493 820 3554 Nam
861 3494 1055 3555 omnis
1093 3495 1281 3572 figura
1319 3493 1730 3556 ceremonialia
1744 3539 1763 3574 ,
1799 3504 1903 3556 aut
1940 3511 2140 3555 rerum
2181 3493 2627 3575 praeteritarum
2664 3503 2756 3555 est
2792 3492 3129 3556 recordatio
3143 3537 3163 3570 ,
3181 3501 3285 3552 aut

353 3571 750 3649 praesentium
808 3573 1266 3653 demonstratio,
1325 3585 1429 3636 aut
1487 3577 1815 3635 futurarum
1877 3573 2393 3654 praesignificatio.
2469 3574 2641 3651 Quae
2690 3574 2768 3635 ad
2808 3571 3284 3636 recordationem

353 3651 799 3728 praeteritorum
840 3653 1268 3715 beneficiorum
1307 3655 1544 3716 fuerunt
1576 3651 1720 3715 olim
1753 3657 1790 3712 a
1832 3655 1969 3716 Deo
2006 3655 2303 3717 institutae
2344 3655 2401 3716 δι
2440 3655 2520 3714 ad
2558 3653 2955 3733 praesentium
2994 3651 3280 3732 significa·

355 3730 576 3793 tionem
593 3775 610 3806 ,
671 3751 908 3812 semper
959 3733 1202 3812 quidem
1261 3735 1500 3796 fuerunt
1560 3731 1904 3812 mutabiles3
1953 3735 2061 3796 sed
2112 3753 2237 3796 non
2290 3753 2501 3796 omnes
2552 3734 2824 3796 eamdem
2876 3731 3283 3796 necessitatem

357 3811 696 3874 mutationis
739 3813 1103 3876 subiuerunt‚
1149 3815 1324 3890 Quae
1363 3816 1442 3877 ad
1481 3813 1847 3876 ceremonias
1887 3814 2277 3892 praenuncias
2314 3831 2511 3876 rerum
2548 3815 2875 3876 futurarum
2912 3813 2972 3874 in
3014 3811 3253 3874 Christo
3268 3856 3286 3890 ,

357 3891 602 3954 omnino
642 3903 821 3972 atque
860 3893 1126 3954 funditus
1166 3893 1466 3972 perierunt
1480 3939 1498 3974 ,
1536 3894 1676 3974 quia
1715 3895 1829 3955 hae
1863 3895 1990 3956 sine
2020 3895 2356 3974 turpissima
2374 3897 2429 3957 δι
2448 3893 2632 3973 impia
2650 3893 3017 3956 abiuratione
3035 3890 3255 3953 Christi
3270 3937 3289 3970 ,

357 3971 470 4032 Dei
509 3972 570 4032 in
610 3993 790 4034 carne
829 3973 922 4035 his
961 3973 1334 4053 temporibus
1373 3975 1591 4036 vltimis
1631 3973 1939 4055 patefacti,
1978 3975 2178 4054 vigere
2214 3994 2339 4037 non
2370 3984 2637 4055 possunt.
2676 3977 2881 4054 Itaque
2904 3973 3289 4050 sabbathum,

358 4054 476 4128 qua
529 4053 866 4115 recordatio
909 4053 1019 4114 fuit
1058 4053 1402 4135 creationis,
1443 4065 1739 4116 mutatum
1781 4065 1900 4115 est:
1941 4056 2049 4116 sed
2090 4075 2215 4117 non
2254 4055 2335 4117 ita
2372 4055 2705 4116 necessarie
2719 4100 2738 4135 ,
2770 4053 2915 4134 quin
2954 4051 3289 4116 recordatio

359 4131 670 4193 creationis
713 4135 834 4194 hoc
871 4150 1116 4211 quoque
1155 4143 1425 4214 tempore
1463 4133 1769 4197 obseruari
1801 4145 2005 4213 posset
2018 4180 2036 4215 ,
2074 4135 2125 4197 si
2157 4134 2303 4198 nihil
2330 4135 2583 4214 amplius
2612 4134 2827 4196 inesset
2846 4132 3120 4196 sabbathi
3138 4132 3291 4193 illius

363 4211 782 4274 obseruationi.
824 4214 963 4291 Qua
1003 4225 1374 4292 praesentem
1417 4215 1676 4294 quietem
1719 4214 2187 4277 Christianorum
2210 4214 2477 4277 omnium
2492 4260 2511 4295 ,
2530 4214 2591 4274 in
2612 4215 2851 4278 Christo
2869 4233 3081 4294 pacem
3132 4212 3290 4272 iusti-

363 4290 502 4383 tiam
515 4339 534 4372 ,
575 4293 878 4372 vitamque
919 4293 1336 4374 obtinentium,
1375 4305 1800 4374 repraesentat3
1840 4313 1965 4356 non
2007 4298 2355 4358 obseruatur
2368 4341 2386 4377 ,
2424 4295 2564 4374 quia
2591 4295 2744 4356 haec
2768 4295 3059 4358 beneficia
3074 4259 3293 4354 &bristi

361 4373 476 4432 alio
521 4373 622 4434 die
669 4375 848 4436 nobis
885 4387 1083 4454 parta,
1127 4377 1182 4436 δι
1221 4378 1400 4454 plene
1439 4386 1853 4438 consummata
1887 4387 2057 4456 sunt,
2093 4385 2273 4456 atque
2311 4377 2629 4456 patefacta3
2659 4374 2937 4438 nimirum
2940 4372 3292 4516 brarimoddie

1878 4476 1956 4534 49
2862 4457 2939 4516 he
3024 4473 3165 4516 orna
3208 4471 3293 4532 1s3
