3923 4875
1709 1134 1881 1198 DE

601 1370 1266 1453 LEGIBVS
1369 1370 1830 1453 MOSIS
1928 1370 3019 1454 IVDICIALIBVS

1768 1592 1842 1635 m·

993 1750 1454 1825 EARVM
1529 1752 2615 1826 OBSERUATIONE.

1570 2171 1623 2232 C
1647 2173 1700 2231 A
1721 2173 1770 2231 P
1788 2174 1847 2231 V
1867 2172 1923 2231 T
1983 2174 2033 2234 Ι.

657 2378 706 2431 q
1135 2349 1238 2409 De
1276 2351 1434 2410 iusta
1470 2350 1652 2425 Legis
1691 2348 2024 2423 defim'tione
2063 2350 2141 2408 ἐπ’
2182 2352 2482 2410 diuisione.

423 2527 814 2588 enavsmvs
855 2525 998 2589 olim
1039 2526 1115 2589 de
1153 2529 1284 2607 lege
1324 2526 1616 2606 dictur-m,
1644 2527 1995 2608 dignitatem
2028 2545 2321 2590 summam
2334 2573 2355 2608 ,
2387 2527 2717 2608 vtilitatem,
2736 2526 3267 2606 necessitatemque

344 2607 496 2668 illius
535 2606 628 2668 his
667 2607 864 2669 verbis
903 2607 1116 2688 legitur
1149 2607 1554 2688 descripsisse:
1594 2609 1720 2668 Lex
1763 2619 1852 2670 est
1893 2608 2161 2678 omnium
2189 2625 2388 2670 rerum
2408 2607 2741 2669 diuinarum
2760 2608 3270 2686 humanarumque

345 2685 580 2765 regina,
625 2705 806 2767 quam
855 2687 1190 2767 praesidem
1231 2697 1470 2767 oportet
1506 2707 1635 2750 esse
1677 2691 1733 2751 &
1773 2688 1946 2750 bonis
1986 2692 2043 2750 δι
2085 2688 2274 2766 malis,
2313 2687 2763 2767 principemque
2800 2707 2875 2748 ac
2914 2687 3159 2766 ducem,
3198 2708 3271 2750 ac

346 2767 598 2846 proinde
659 2769 925 2846 regulam
965 2787 1095 2830 esse
1133 2768 1421 2829 iustorum
1462 2770 1519 2829 δι
1556 2767 1906 2830 iniustorum
1922 2814 1940 2847 ,
1986 2786 2195 2829 eorum
2236 2785 2415 2829 causa
2453 2767 2839 2830 animantium
2878 2769 3078 2830 datam
3116 2786 3271 2846 quae

346 2851 384 2906 a
422 2857 629 2908 natura
669 2847 916 2926 politica
955 2858 1091 2909 sunt
1128 2850 1184 2909 δι
1217 2848 1560 2910 societatem
1600 2865 1738 2908 cum
1778 2848 2008 2910 ratione
2048 2849 2283 2926 colunt,
2322 2848 2787 2928 praecipientem
2826 2867 2898 2909 ea
2916 2866 3069 2927 quae
3090 2867 3265 2927 opor-

347 2936 433 2990 tet
465 2927 615 3007 fien',
656 2945 810 3008 quae
849 2933 992 2990 vero
1031 2928 1304 2990 facienda
1341 2947 1466 2990 non
1505 2939 1641 2990 sunt
1680 2927 2116 3006 prohibentem.
2156 2931 2330 2989 Haec
2356 2928 2674 3008 descriptio
2694 2927 2903 3008 Legis,
2944 2929 3269 2990 secundum
3370 2945 3375 2949 ·

347 3018 622 3068 naturam
680 3011 717 3067 a
779 3008 1118 3088 Chrysippo
1171 3009 1228 3068 δι
1288 3007 1417 3070 aliis
1456 3007 1867 3087 consimiliter,
1927 3019 2031 3069 aut
2074 3009 2133 3069 in
2174 3010 2446 3070 eamdem
2478 3010 2833 3072 sententiam
2866 3009 3105 3070 tradita:
3151 3026 3270 3087 qua

345 3089 479 3166 lege
539 3089 814 3150 mortales
874 3089 1094 3166 quique
1153 3088 1295 3150 inde
1332 3091 1370 3148 a
1409 3086 1704 3167 principio
1735 3088 1816 3149 ad
1855 3100 2083 3150 certum
2125 3088 2398 3151 ordinem
2436 3087 2497 3149 in
2537 3089 2819 3150 societate
2856 3089 3119 3151 humana
3155 3108 3271 3148 ser-

352 3168 616 3229 uandum
676 3167 918 3230 adducti
975 3179 1141 3231 sunt:
1202 3178 1384 3247 prout
1421 3167 1769 3248 dignitatem
1785 3213 1804 3248 ,
1852 3168 2165 3230 vtilitatem
2178 3215 2197 3250 ,
2250 3168 2782 3247 necessitatemque
2822 3168 2975 3230 illius
3012 3185 3271 3248 agnoue-

347 3258 484 3308 runt
549 3259 759 3310 natura
812 3249 968 3310 duce
987 3293 1006 3327 ,
1065 3249 1123 3310 δι
1181 3257 1332 3310 teste
1385 3247 1763 3327 experientia.
1813 3248 1968 3310 Cum
2008 3259 2207 3310 autem
2247 3249 2515 3310 salutaris
2555 3248 2671 3310 Dei
2706 3248 2895 3328 gratia
2932 3247 3275 3310 hominibus

349 3327 630 3408 illuxerit,
690 3347 765 3389 ex
819 3347 938 3408 qua
977 3326 1296 3390 Christiani
1335 3329 1589 3390 dicimur
1627 3329 1683 3388 &
1724 3347 1959 3408 sumus3
2009 3345 2132 3407 quo
2172 3331 2306 3407 plus
2346 3329 2605 3390 veritatis
2645 3329 2701 3388 &
2738 3328 3119 3406 perfectionis
3158 3327 3275 3406 legi

347 3407 501 3468 illius
557 3409 780 3488 gratiae
839 3412 1002 3470 Iesus
1061 3409 1332 3471 Christus
1391 3420 1660 3470 seruator
1721 3419 1924 3471 noster
1961 3407 2182 3488 attulit,
2223 3429 2297 3471 eo
2339 3411 2470 3488 plus
2515 3407 2842 3488 dignitatis,
2884 3407 3176 3484 firmitatis,
3216 3411 3272 3470 δι

349 3487 713 3550 necessitatis
768 3489 1158 3550 animaduerti
1213 3493 1251 3550 ὲ,
1290 3489 1466 3551 nobis
1505 3507 1658 3568 opus
1693 3500 1782 3552 est
1829 3489 1890 3549 in
1926 3488 2130 3550 officio
2171 3500 2408 3550 nostro:
2460 3508 2584 3550 non
2619 3491 2814 3550 solum
2850 3506 2970 3568 qua
3000 3487 3273 3550 homines

350 3585 552 3630 sumus
565 3615 585 3648 ,
625 3567 861 3630 socialis
904 3569 1058 3631 vitae
1101 3571 1157 3632 &
1196 3568 1755 3631 communicationis
1787 3569 2103 3648 participes
2140 3571 2470 3630 secundum
2508 3580 2811 3651 naturam3
2844 3571 3051 3631 verum
3072 3567 3270 3647 etiam,

351 3649 407 3710 &
466 3648 712 3726 quidem
771 3647 1056 3728 maxime,
1115 3665 1234 3728 qua
1273 3649 1590 3711 Christiani
1627 3666 1830 3711 sumus
1844 3695 1864 3729 ,
1913 3647 2127 3711 adsciti
2166 3649 2244 3710 ad
2284 3649 2769 3711 communionem
2808 3651 2865 3710 δι
2904 3647 3270 3710 consortium

349 3729 616 3790 caelestis
655 3728 811 3791 vitae
848 3729 1178 3791 secundum
1217 3729 1468 3808 gratiam
1505 3728 1604 3790 hic
1643 3729 1706 3790 in
1745 3728 1914 3791 terris
1935 3730 2259 3791 colendum
2277 3739 2457 3809 atque
2474 3729 2931 3792 obseruandum.
2969 3727 3271 3806 Quemad-

351 3809 604 3871 modum
665 3808 826 3871 enim
879 3828 954 3871 eo
995 3809 1162 3887 quud
1200 3809 1518 3871 Christiani
1557 3809 1760 3888 fimus,
1813 3829 1936 3871 non
1976 3809 2299 3871 desinimus
2336 3810 2607 3872 homines
2649 3829 2809 3889 esse,
2852 3809 2959 3871 sed
2996 3807 3271 3870 homines

352 3887 670 3951 Christiani
709 3906 944 3951 sumus:
985 3889 1066 3950 ita
1109 3890 1286 3952 etiam
1325 3890 1701 3951 statuendum
1743 3889 1918 3952 nobis
1959 3900 2079 3970 est,
2132 3909 2206 3952 eo
2253 3891 2418 3968 quod
2465 3888 2811 3951 Christianis
2848 3889 3077 3969 legibus
3110 3901 3274 3950 tene-

352 3985 516 4049 mur,
577 3988 703 4032 non
763 3967 1052 4031 continuo
1091 3989 1202 4031 nos
1241 3969 1516 4030 humanis
1555 3969 1784 4048 legibus
1822 3971 2053 4032 solutos
2088 3989 2237 4033 esse.
2276 3970 2433 4030 Nam
2472 3969 2661 4049 gratia
2700 3981 2971 4032 naturam
3012 3969 3241 4049 perficit
3254 4014 3273 4048 ,

351 4067 476 4111 non
502 4059 702 4111 autem
736 4051 970 4111 abolet:
1013 4051 1108 4110 Ac
1146 4061 1462 4130 propterea
1502 4051 1660 4130 leges
1701 4051 1916 4128 quibus
1955 4060 2167 4111 natura
2203 4049 2335 4128 ipsa
2373 4050 2735 4130 continetur,
2774 4049 3275 4128 instauratur-que,

349 4127 602 4191 restituit
639 4129 912 4208 amissaS,
952 4140 1262 4209 corruptas
1300 4130 1582 4191 instaurat
1595 4177 1612 4205 ,
1673 4131 1729 4191 δι
1767 4129 1947 4192 tradit
1986 4129 2337 4210 incognitas.
2377 4132 2584 4208 Itaque
2623 4129 2701 4190 de
2740 4130 3112 4193 sanctissimo
3155 4132 3273 4192 hoc

351 4208 779 4289 vtilissimoque
837 4220 1188 4302 argumento
1245 4209 1460 4272 dicturi
1520 4221 1808 4287 quantum
1856 4229 1931 4272 ex
1989 4209 2218 4272 ratione
2274 4209 2644 4290 Theologica
2694 4212 2774 4272 ad
2806 4210 3271 4289 tranquillandas

349 4289 664 4352 hominum
721 4289 1114 4352 conscientias
1176 4309 1326 4370 opus
1379 4289 1613 4352 videtur
1650 4291 1804 4368 fore,
1865 4301 1929 4354 vt
1968 4289 2325 4372 intelligatur
2364 4291 2513 4370 quid
2552 4289 2626 4352 sit
2664 4289 2727 4350 id
2767 4293 2843 4352 de
2883 4310 3007 4371 quo
3046 4289 3270 4383 agitur,

351 4371 388 4430 a
449 4369 792 4432 definitione
851 4370 1030 4450 Legis
1092 4371 1346 4448 primum
1399 4369 1767 4432 instituemus
1820 4389 2157 4432 sermonem
2197 4381 2497 4432 nostrum:
2540 4369 2759 4432 deinde
2799 4377 2943 4433 vero
2985 4369 3273 4510 disungtis

2956 4470 3157 4530 generi
3202 4467 3271 4510 us
