3923 4875
575 311 688 382 278
1499 321 1823 364 'russas
1887 320 2552 369 Tusonooicas.

569 483 836 563 coniugis
876 481 1218 562 coniugium
1259 483 1547 554 Schegal,
1588 487 1623 543 a
1663 483 2055 560 generationis
2097 497 2234 544 actu
2277 486 2382 545 Ps.
2427 502 2522 564 45.
2572 506 2662 546 10.
2703 495 2767 546 vt
2805 489 2860 545 &
2883 487 3160 558 Graecis,
3187 491 3366 566 γάμος
3393 495 3488 566 (ex

570 566 991 626 nonnullorum
1034 562 1322 624 sententia
1386 563 1500 622 απὸ
1541 571 1643 624 τσῦ
1688 573 1889 644 γεννᾶν
1930 565 2248 626 deriuatur.

654 667 707 706 2.
768 643 1271 737 Quandoquidem
1324 653 1523 704 autem
1562 649 1733 720 (teste
1773 644 2122 722 Ambrosio)
2163 645 2606 707 matrimonium
2643 657 2745 707 aut
2785 647 3128 726 coniugium
3143 691 3162 726 ,
3224 648 3490 740 despon-

571 725 799 787 satione
859 724 1069 802 initur,
1130 722 1555 784 commixtione
1609 723 1940 804 perficitur,
1985 725 2242 803 primum
2285 727 2364 786 de
2403 725 2892 804 desponsatione,
2934 727 3057 788 siue
3093 727 3493 808 sponsalibus,

569 811 629 883 (a
672 807 1026 885 spondendo
1068 805 1270 878 dictis,
1321 807 1471 865 Gell.
1512 806 1609 866 lib.
1650 825 1707 877 4.
1749 825 1795 864 c.
1839 825 1897 878 4.
1938 809 1994 866 &
2033 825 2107 866 ex
2145 807 2390 884 antiqua
2432 809 2488 866 δι
2527 807 2809 868 laudabili
2847 807 3278 869 consuetudine
3317 809 3491 872 nobis

572 887 821 961 traditis)
864 885 1053 946 acturi
1095 901 1313 946 sumus.

652 986 709 1043 3.
752 970 923 1027 Haec
966 965 1375 1044 desponsatiO,
1416 984 1491 1025 ex
1528 965 1645 1026 Dei
1681 964 1982 1044 institutO,
2024 969 2184 1028 Deu.
2227 987 2322 1027 22.
2367 987 2460 1044 23.
2501 970 2685 1029 Matr.
2733 989 2782 1026 1.
2825 988 2915 1026 ro.
2935 969 3082 1027 Luc.
3111 988 3164 1030 1.
3187 984 3280 1044 27.
3301 989 3492 1030 exem-

572 1048 683 1125 plis
742 1048 1001 1138 piorum,
1065 1048 1122 1105 δι
1178 1047 1490 1106 honestate
1548 1045 1789 1123 publica
1836 1046 2114 1126 comiugij
2157 1047 2618 1108 celebrationem
2657 1048 2958 1126 praeiens,
2997 1048 3276 1108 definitur
3313 1051 3492 1128 iusta,

572 1140 809 1207 sancta,
850 1125 1233 1204 legitimaque
1271 1126 1529 1204 coniugij
1572 1127 1725 1186 inter
1765 1128 1917 1188 duos
1958 1126 2304 1206 promissi0,
2347 1129 2462 1188 ad
2445 1129 2588 1188 iuris
2607 1128 2868 1190 diuini&
2891 1128 3170 1188 humani
3153 1141 3306 1188 mter
3327 1130 3490 1208 ipsos

568 1173 1188 1270 communicationem.
1230 1208 1497 1284 Ideoque
1533 1205 1659 1266 fieri
1694 1208 1845 1268 solet
1884 1207 2448 1286 ad(f.1742)11ibitis
2486 1208 2718 1270 idoneis
2755 1208 3034 1285 testibuS,
3075 1211 3260 1270 Ruth.
3302 1230 3360 1284 4.
3405 1231 3496 1271 ιο.

582 1311 600 1348 ι
616 1310 665 1349 1
708 1289 809 1364 qui
850 1289 927 1348 de
968 1287 1441 1350 contrahentium
1483 1288 1827 1366 Parentum,
1866 1300 1969 1349 aut
2009 1307 2219 1350 eorum
2239 1307 2496 1366 quorum
2515 1289 2790 1362 interest,
2813 1306 3116 1348 consensu
3137 1292 3194 1350 δι
3215 1307 3496 1366 persona·

569 1389 699 1430 rum
743 1368 1089 1446 aptidudine
1128 1368 1325 1428 testari
1366 1377 1633 1444 possunt.
1674 1369 1775 1428 Ad
1814 1369 1984 1428 cuius
2025 1369 2109 1429 rei
2154 1369 2602 1445 certitudinem
2641 1388 2767 1429 non
2786 1368 3099 1442 inutiliter,
3139 1369 3202 1428 in
3223 1370 3496 1430 Ecclesia

612 1449 897 1526 rimitiua,
936 1461 1001 1509 vt
1042 1452 1097 1509 &
1139 1447 1354 1524 hodie,
1396 1448 1787 1526 promulgatio
1827 1449 2066 1524 publica
2086 1449 2195 1510 fuit
2213 1449 2506 1528 instituta,
2549 1454 2604 1511 δι
2631 1448 3038 1524 confirmatiO,
3079 1453 3134 1508 &
3155 1449 3496 1510 benedictio

570 1472 897 1590 §linistro
892 1531 1277 1590 demandata.
1322 1529 1489 1604 quod
1530 1531 1669 1588 cum
1710 1527 2004 1589 hodierno
2045 1531 2142 1590 die
2179 1541 2245 1590 vt
2285 1529 2478 1592 minus
2519 1529 2913 1590 necessarium
2957 1495 3220 1590 reiiciant
3261 1530 3496 1590 Pontifi-

570 1611 674 1686 cij,
740 1610 983 1670 videant
1040 1629 1159 1702 qua
1218 1609 1449 1668 ratione
1508 1607 1828 1669 conciliare
1888 1615 2120 1687 possint
2181 1612 2420 1671 decreta
2479 1629 2722 1670 suorum
2785 1607 3140 1669 Pontificum
3181 1611 3456 1688 GregoriJ'
3475 1657 3494 1688 ,

572 1689 859 1756 Euaristi.
900 1693 1013 1750 διο.
1054 1691 1156 1766 qui
1194 1687 1562 1748 clandestina
1602 1690 1927 1767 sponsalia,
1972 1702 2035 1751 vt
2072 1689 2402 1768 illegitima,
2440 1691 2564 1751 imo
2605 1701 2668 1750 vt
2695 1701 2928 1768 stupra,
2969 1689 3422 1768 fornicationes,
3441 1695 3498 1751 &

572 1775 927 1849 μιαιγαμὶας
970 1771 1273 1829 damnant.
1312 1771 1615 1829 Innocent.
1658 1788 1711 1844 3.
1758 1772 1820 1828 in
1860 1781 1990 1850 cap.
2031 1774 2128 1832 vlt.
2165 1780 2314 1831 extr.
2355 1773 2424 1830 de
2470 1773 2753 1832 Olandest.
2793 1773 3058 1850 despons.
3101 1768 3386 1830 Bellarm.
3427 1773 3501 1830 de

574 1851 831 1912 matrim
863 1868 910 1907 c.
957 1868 1012 1925 7.
1052 1852 1290 1909 Decret.
1333 1851 1431 1908 lib.
1473 1869 1527 1921 4.
1570 1852 1656 1909 tit.
1700 1869 1756 1925 3.
1804 1861 1933 1930 cap.
1978 1871 2035 1927 3.

652 1949 710 2001 4.
793 1928 886 1987 Fit
944 1939 1143 1989 autem
1208 1929 1519 2006 promissio
1579 1931 1673 1989 vel
1712 1947 1851 1990 cum
1892 1929 2237 1991 conditione
2277 1932 2558 2006 honesta,
2597 1930 2786 2008 qualis
2827 1941 2918 1990 est
2955 1929 3006 1990 si
3043 1931 3320 1990 Parentes
3361 1949 3502 1990 con·

574 2007 889 2086 senserint,
930 2011 1038 2068 &c.
1084 2013 1139 2070 &
1184 2008 1459 2069 dicuntur
1502 2009 1835 2070 Canonistis
1874 2010 2172 2103 sponsalia
2211 2010 2288 2070 de
2328 2013 2558 2090 futur03
2599 2013 2800 2070 Lomb.
2843 2012 2940 2069 lib.
2983 2029 3040 2084 4.
3087 2012 3220 2070 dat.
3267 2014 3362 2070 28.
3405 2013 3500 2070 vel

575 2088 699 2149 sine
764 2089 1139 2152 conditione.
1202 2109 1341 2148 cum
1400 2089 1733 2181 categorice
1793 2091 2157 2182 promittitur
2217 2056 2589 2168 coniugium,
2649 2093 2706 2151 δι
2767 2090 3044 2150 dicuntur
3085 2090 3384 2166 sponsalia
3423 2091 3500 2150 de

572 2169 916 2260 praesenti3
962 2163 1179 2246 quibus
1240 2168 1481 2248 proprie
1540 2169 1718 2229 initur
1780 2171 2254 2250 matrimonium,
2316 2173 2373 2230 δι
2431 2171 2513 2230 ita
2554 2169 2926 2262 desponsati,
2987 2168 3048 2228 in
3089 2169 3282 2229 Sacris
3320 2169 3504 2230 literis

572 2249 847 2308 dicuntur
894 2249 1177 2328 coniuges
1216 2252 1398 2310 Deut.
1437 2270 1529 2310 22.
1577 2269 1672 2323 24.
1712 2253 1937 2316 Matth.
1986 2271 2038 2310 2.
2085 2271 2180 2310 2ο.
2219 2269 2466 2329 νιιοιεε,
2517 2249 2740 2326 mariti,
2791 2252 2942 2310 Gen.
2996 2268 3086 2327 19.
3135 2269 3228 2322 14.
3267 2251 3505 2328 generi,

573 2333 685 2390 &a
728 2328 859 2390 talis
897 2330 1057 2390 enim
1098 2329 1411 2407 promissio
1453 2329 1893 2391 matrimonium
1937 2330 2102 2408 facit,
2146 2331 2364 2424 copula
2403 2341 2602 2391 autem
2642 2330 2889 2408 perficit.

655 2426 710 2488 5.
792 2413 1125 2471 Perfectum
1185 2421 1383 2471 autem
1444 2413 1499 2471 δι
1558 2421 2037 2471 consummatum
2079 2411 2520 2473 matrimonium
2561 2410 2728 2489 quod
2765 2414 2803 2471 a
2839 2413 2974 2471 Deo
3017 2419 3106 2470 est
3141 2407 3500 2487 institutum,

582 2494 728 2555 Gen.
773 2510 825 2551 2.
872 2512 965 2565 24.
1015 2496 1053 2551 a
1094 2492 1331 2552 Christo
1374 2492 1759 2568 honoratum,
1820 2493 1994 2552 Ioan.
2043 2512 2098 2551 2.
2141 2514 2196 2553 2.
2235 2495 2313 2553 ab
2353 2494 2649 2569 Apostolo
2691 2491 3025 2583 laudatum,
3083 2490 3380 2567 Heb.13
3442 2511 3502 2563 4.

574 2569 849 2631 definitur
888 2592 925 2631 a
964 2572 1138 2631 variis
1177 2570 1363 2650 varie,
1406 2590 1516 2632 nos
1558 2570 1964 2633 definitionem
2003 2582 2268 2632 nostram
2307 2592 2380 2633 ex
2419 2572 2534 2633 Dei
2569 2574 2756 2632 verbo
2775 2572 2860 2631 sie
2877 2569 3236 2642 stabilimuS,
3278 2573 3502 2631 Matri-

572 2654 822 2711 monium
865 2662 954 2712 est
992 2670 1065 2713 ex
1104 2652 1219 2711 Dei
1256 2651 1525 2712 instituto
1567 2652 1738 2711 vuius
1776 2652 1887 2712 viri
1929 2656 1986 2713 δι
2027 2651 2284 2713 mulieris
2325 2652 2510 2713 libere
2549 2650 2998 2726 consentientiS,
3037 2648 3222 2719 iusta
3265 2660 3500 2729 sancta,

570 2730 951 2823 legitimaque
989 2732 1050 2791 in
1092 2751 1275 2791 vnam
1316 2750 1557 2791 carnem
1598 2732 1973 2810 coniunctiO,
2013 2743 2076 2793 vt
2116 2735 2250 2793 Deo
2292 2732 2466 2792 simul
2501 2736 2704 2793 sancte
2723 2732 2956 2807 viuant,
2997 2728 3425 2790 scortationem
3445 2697 3504 2792 8}

570 2810 863 2871 vstionem
905 2813 1121 2883 vitent,
1162 2812 1437 2871 sobolem
1476 2823 1791 2903 procreent
1829 2830 2081 2890 eamque
2120 2812 2216 2889 pie
2255 2812 2514 2873 educent
2555 2812 2633 2873 ad
2668 2810 2782 2872 Dei
2820 2810 3070 2889 gloriam
3109 2810 3164 2867 δι
3197 2810 3502 2871 Ecclesiae

571 2891 1045 2952 aedificationem
1093 2891 1401 2952 indiuidua
1434 2892 1591 2952 vitae
1634 2893 2064 2953 consuetudine
2109 2894 2313 2952 Genes.
2359 2913 2414 2953 2.
2458 2913 2552 2965 24.
2594 2894 2819 2953 Matth.
2871 2912 2962 2969 19.
3000 2906 3056 2968 5.
3077 2891 3295 2966 Ephes.
3325 2906 3382 2967 5.
3406 2910 3504 2967 31.

648 2974 705 3032 6.
755 2972 951 3034 Causa
996 2971 1258 3032 efficiens
1298 2970 1657 3064 Matrimonij
1699 2983 1787 3033 est
1828 2974 2078 3051 duplex3
2119 2972 2312 3049 prima
2354 2975 2409 3032 δι
2447 2976 2750 3032 instituens
2789 2982 2877 3032 est
2921 2972 3116 3047 DeuS,
3161 2971 3426 3030 secunda
3449 2974 3504 3031 δι

571 3054 915 3113 constituens
977 3064 1067 3114 est
1126 3054 1368 3129 vtriusq.
1431 3053 1609 3129 partis
1671 3052 2072 3113 contrahentis
2123 3056 2176 3111 δι
2219 3069 2474 3129 quorum
2516 3052 2758 3112 interest
2795 3068 3120 3111 consensus
3161 3068 3474 3127 expressus
3489 3094 3508 3127 ,

574 3134 667 3191 vel
730 3132 967 3209 tacitus,
1028 3152 1100 3192 ex
1156 3132 1343 3193 libera
1382 3134 1721 3210 voluntate,
1790 3136 1845 3192 &
1884 3152 2032 3193 sano
2073 3132 2293 3193 iudicio
2338 3136 2662 3210 profectus.
2713 3152 2738 3190 1
2791 3132 2926 3190 Cor.
2977 3149 3030 3206 7.
3071 3131 3168 3205 36.
3217 3132 3366 3191 Gen.
3411 3150 3506 3207 29.

576 3231 669 3290 23.
712 3215 890 3275 Deut.
940 3232 1035 3273 22.
1078 3216 1285 3289 Itaque
1329 3212 1685 3305 Vbicumque
1727 3222 1813 3271 est
1856 3224 2079 3290 metuS,
2144 3212 2411 3283 coactio,
2457 3230 2625 3273 error
2665 3212 2724 3272 in
2765 3230 3021 3288 persona
3061 3209 3306 3285 eiusque
3338 3210 3504 3271 casti-

572 3302 721 3363 tate,
782 3303 846 3353 vt
901 3294 1179 3371 qualitate
1221 3292 1501 3369 requisita
1542 3292 1698 3369 eiuS,
1740 3293 1795 3350 δι
1836 3291 2047 3353 similia
2086 3310 2240 3369 quae
2279 3312 2418 3352 cum
2457 3293 2644 3352 libera
2683 3294 2986 3353 voluntate
3027 3298 3320 3369 pugnant,
3361 3291 3502 3350 item

570 3374 907 3451 vbicunque
950 3386 1041 3433 est
1080 3377 1277 3451 furor,
1319 3372 1611 3453 ebrietaS,
1651 3372 1921 3453 fatuitaS,
1960 3377 2016 3434 &
2057 3384 2290 3434 caetera
2330 3390 2481 3450 quae
2523 3390 2670 3433 sano
2707 3371 2929 3433 iudicio
2969 3370 3388 3447 aduersantur,
3419 3368 3505 3431 ibi

567 3472 895 3514 consensus
934 3454 1129 3513 nullus
1174 3462 1281 3513 est.

652 3551 705 3609 7.
784 3536 1057 3594 Materia
1095 3532 1349 3611 coniugii
1392 3544 1529 3592 sunt
1572 3532 1661 3593 vir
1700 3532 1757 3592 δι
1797 3533 2037 3594 mulier:
2077 3542 2170 3593 tot
2189 3532 2350 3592 enim
2386 3535 2443 3593 δι
2462 3534 2608 3592 tales
2627 3528 2926 3591 sufficiunt
2944 3530 3024 3591 ad
3043 3529 3506 3623 generationem,

568 3611 857 3690 ideoque,
921 3614 1074 3673 duos
1126 3622 1357 3672 tantum
1410 3613 1470 3673 in
1510 3612 1677 3674 initio
1720 3613 1945 3673 creauit
1987 3614 2178 3687 Deus,
2241 3622 2304 3673 vt
2349 3612 2412 3672 ιιι
2451 3610 2521 3673 iis
2561 3612 2812 3689 perfecti
2853 3608 3207 3686 matrimonij
3251 3612 3506 3671 formam

568 3706 947 3770 proponeret.
992 3692 1113 3769 Qui
1150 3704 1349 3752 autem
1391 3693 1529 3753 huic
1568 3693 1763 3772 primo
1806 3695 1862 3752 δι
1908 3704 2116 3754 sancto
2158 3692 2429 3753 instituto
2450 3702 2982 3767 contrauenerunt,
3026 3701 3128 3750 aut
3148 3690 3361 3767 plane
3345 3690 3506 3768 impij

572 3774 839 3849 fuerunt,
911 3774 1018 3833 Ge.
1086 3776 1177 3833 16.
1242 3794 1297 3834 2.
1354 3792 1412 3865 3.
1474 3776 1529 3833 &
1573 3777 1665 3833 26.
1710 3792 1807 3848 34.
1849 3774 1986 3835 Iud.
2031 3777 2088 3833 8.
2131 3792 2228 3848 30.
2273 3793 2322 3833 c.
2372 3794 2420 3832 1.
2465 3772 2627 3833 Sam.
2673 3788 2763 3849 25.
2811 3791 2907 3845 42.
2947 3774 3004 3833 &
3045 3771 3124 3849 pij
3169 3770 3510 3831 infirmitate

570 3854 829 3927 quadam
868 3854 1019 3931 lapsi
1057 3855 1337 3915 falluntur
1374 3854 1607 3930 itaque,
1650 3856 1707 3913 δι
1727 3853 1937 3913 fallunt
1954 3852 2246 3932 grauiter,
2287 3853 2390 3930 qui
2433 3870 2572 3913 cum
2605 3850 2900 3913 veteribus
2920 3851 3252 3928 nonnullis,
3273 3860 3510 3911 sanctos

570 3930 705 3992 illos
756 3935 958 3992 Patres
998 3936 1076 3993 ab
1117 3932 1281 3994 omni
1322 3936 1497 4011 culpa
1537 3933 1758 3994 liberos
1800 3934 2224 4009 pronunciant,
2271 3934 2415 3993 dum
2459 3951 2717 4006 morem,
2757 3930 3286 4008 consuetudinem,
3327 3930 3512 3991 inten-

572 4012 830 4084 tionem,
892 4016 948 4073 &
1012 4014 1193 4073 finem
1252 4015 1480 4073 bonum
1547 4012 1759 4089 (qualis
1800 4024 1891 4072 est
1932 4011 2159 4075 sobolis
2201 4013 2630 4091 propogandae
2671 4011 2966 4089 studium,
3027 4030 3148 4071 non
3191 4010 3512 4088 voluptatis

575 4057 972 4169 perficiendae
1013 4093 1521 4170 concupiscentia)
1558 4103 1933 4169 praetexunt,
1976 4093 2219 4171 quando
2261 4113 2384 4153 non
2425 4093 2748 4154 videndum
2791 4102 2880 4153 est
2921 4093 3115 4151 solum
3135 4092 3283 4168 quid
3303 4092 3360 4151 δι
3393 4108 3514 4167 quo

572 4170 775 4231 animo
816 4173 1009 4247 (quod
1048 4172 1294 4263 quidem
1332 4172 1603 4231 nonnihil
1644 4178 1905 4245 excusat)
1941 4176 2146 4234 Patres
2187 4173 2250 4233 id
2291 4173 2571 4242 fecerint
2611 4174 2719 4235 sed
2753 4172 2898 4262 quid
2930 4172 2980 4231 is
3015 4171 3119 4262 qui
3139 4182 3278 4231 ante
3301 4189 3513 4231 omnes

574 4254 629 4310 &
696 4252 899 4311 omnia
963 4251 1071 4311 fuit
1134 4251 1257 4311 fieri
1302 4252 1691 4313 mandauerit.
1754 4254 1910 4313 Illud
1950 4265 2148 4314 autem
2189 4254 2478 4315 mandato
2520 4253 2725 4313 diuino
2767 4256 2822 4312 δι
2859 4250 3112 4311 iustitiae
3153 4251 3514 4311 aduersatur.

574 4330 712 4391 vide
773 4334 932 4406 Aug.
993 4334 1061 4391 de
1127 4342 1287 4409 nupt.
1350 4333 1427 4391 ὁ·
1468 4343 1704 4412 concup.
1742 4334 1841 4392 lib.
1893 4354 1942 4393 1.
1985 4343 2112 4411 cap.
2149 4353 2206 4411 9.
2255 4336 2550 4403 chrysost.
2597 4336 2659 4392 in
2709 4334 2914 4393 Genes.
2947 4333 3269 4391 Lombard.
3313 4332 3411 4389 lib.
3455 4348 3511 4402 4.
