3923 4875
606 399 721 462 352
1434 395 1536 440 ns
1599 395 2023 442 pomi-ran
2083 397 2336 444 uos1s
2393 395 2686 442 ossen.

604 573 835 640 menta,
874 565 931 622 &
972 560 1200 622 similia.
1253 562 1409 620 Nam
1450 563 1586 622 cum
1626 579 2045 640 personarum,
2089 579 2315 640 rerum,
2355 562 2410 620 δι
2453 559 3029 622 circumstantiarum
3071 563 3342 624 omnium
3383 583 3542 626 con-

604 642 749 703 ditio
810 643 995 702 variet
1055 653 1179 701 tum
1242 641 1302 702 in
1362 660 1427 700 se
1479 639 1647 732 ipsis,
1695 653 1819 702 tum
1860 641 2040 700 etiam
2083 640 2234 701 inter
2275 660 2368 701 se:
2412 643 2675 719 aequitas
2717 642 2863 703 illud
2903 645 3250 736 postulauit,
3291 655 3356 705 vt
3396 645 3552 724 lege

599 723 861 783 humana
898 723 975 782 de
1017 719 1259 800 singulis
1298 724 1475 782 rebus
1508 721 1632 782 istis
1672 721 2098 782 conuenienter
2129 732 2373 782 naturae
2407 722 2462 780 δι
2485 721 2726 800 publico
2750 723 2946 783 ordini
2965 737 3303 786 caueretur:
3326 743 3546 802 quem-

603 804 929 864 admodum
970 803 1031 862 in
1074 801 1454 880 sequentibus
1488 805 1759 881 exempla
1789 821 1863 862 ex
1882 804 2014 882 lege
2036 803 2148 862 Dei
2170 801 2522 881 deprompta
2543 803 2858 866 manifesto
2883 805 3356 866 demonstratura
3375 818 3546 868 sunt.

1872 1057 2258 1068 ———-———-——-

1878 1248 1929 1308 C
1949 1251 2006 1307 A
2027 1249 2092 1309 P.
2149 1249 2180 1308 1
2194 1251 2241 1310 Ι.

1262 1425 1361 1482 De
1402 1426 1525 1500 lege
1566 1429 1650 1488 M
1646 1429 1793 1507 ostie.
1840 1430 1917 1488 ἂν
1960 1429 2286 1489 substantia
2327 1429 2486 1488 illius
2527 1431 2588 1487 in
2619 1448 2854 1506 genere.

680 1603 1015 1674 Pos‘erAu
1079 1603 1155 1663 de
1214 1603 1475 1683 Legibus
1537 1623 1689 1684 quae
1749 1606 2094 1668 communia
2149 1616 2286 1666 sunt
2338 1605 2596 1668 breuiter
2649 1603 3060 1684 exposuimus,
3105 1603 3338 1668 videtur
3375 1607 3540 1668 iusta

604 1683 863 1744 docendi
902 1683 1051 1744 ratio
1092 1688 1128 1744 a
1167 1685 1340 1745 nobis
1380 1689 1714 1764 postulare,
1752 1698 1817 1745 vt
1856 1687 1932 1748 de
1964 1688 2096 1766 lege
2127 1685 2349 1766 Mosis,
2371 1687 2539 1748 cuius
2558 1705 2738 1748 causa
2756 1688 2876 1747 hoc
2895 1685 3179 1765 scriptum
3199 1687 3536 1748 institutum

600 1773 687 1822 est
740 1762 996 1824 maxime
1013 1810 1031 1844 ,
1085 1765 1407 1826 videamuS.
1468 1767 1691 1846 Legem
1746 1765 1935 1828 Mosis
1977 1769 2346 1846 appellamus
2385 1772 2566 1846 vulgo
2605 1767 2820 1828 Libros
2859 1767 2994 1826 illos
3033 1766 3326 1845 quinque,
3363 1769 3530 1830 iussu

597 1843 713 1904 Dei
776 1848 814 1903 a
862 1847 1036 1905 Mose
1091 1857 1361 1908 exaratos
1377 1892 1394 1925 ,
1454 1848 1511 1906 δι
1552 1847 1612 1908 in
1654 1849 1908 1909 sacrario
1952 1847 2256 1926 depositos
2298 1851 2376 1910 ab
2418 1850 2688 1910 Ecclesia
2728 1849 3081 1927 seruandos,
3122 1850 3532 1926 colendosque

602 1922 1051 2001 religiosissime.
1096 1927 1215 1987 Sed
1256 1925 1395 2003 quia
1431 1927 1521 1986 his
1562 1927 1725 1990 libris
1766 1929 2147 1989 continentur
2183 1927 2296 1988 alia
2325 1931 2712 2010 διηγηματικοὶ
2748 1927 2874 1988 siue
2894 1927 2957 1986 in
2979 1929 3314 1990 narratione
3330 1931 3532 2022 posita

598 2005 893 2064 factorum
934 2007 1359 2086 humanorum,
1400 2011 1455 2068 δι
1494 2007 1955 2086 promissionum
1999 2007 2361 2086 diuinarum,
2401 2011 2514 2068 alia
2555 2013 2762 2086 νομικοὶ
2805 2009 2928 2068 siue
2959 2009 3040 2068 ad
3061 2011 3446 2070 substantiam
3467 2015 3528 2072 δι

604 2085 855 2144 modum
915 2087 1059 2164 legis
1108 2087 1484 2166 pertinentia:
1534 2088 1835 2167 speciatim
1889 2089 2036 2168 legis
2075 2089 2374 2149 Mosaicae
2413 2088 2810 2166 appellatione
2850 2088 2910 2146 in
2951 2089 3066 2148 hac
3103 2101 3308 2150 nostra
3347 2110 3530 2151 causa

604 2167 881 2226 volumus
933 2165 1177 2246 intelligi
1234 2187 1334 2247 ea,
1390 2186 1543 2245 quae
1582 2171 1873 2248 pertinent
1910 2171 1988 2229 ad
2031 2169 2271 2230 rationis
2309 2168 2744 2229 ordinationem
2783 2171 3072 2230 moralem
3111 2169 3303 2250 illam,
3344 2189 3528 2248 quam

602 2248 739 2305 ante
779 2243 1373 2328 circumscripsimus:
1416 2267 1539 2310 non
1580 2250 1658 2311 ad
1696 2269 1893 2312 rerum
1934 2253 2072 2311 ante
2112 2261 2408 2328 gestarum
2449 2249 2981 2327 promissionumve
3020 2251 3422 2312 narrationem
3461 2251 3526 2312 in

602 2321 765 2386 libris
804 2325 917 2386 illis
956 2331 1465 2408 comprehensam.

682 2407 861 2467 Thes,
904 2410 960 2469 8.
1023 2411 1102 2469 In
1141 2412 1254 2471 hac
1292 2412 1483 2489 igitur
1520 2413 1680 2489 Lege
1719 2413 1932 2491 Masis,
1975 2411 2038 2474 id
2078 2420 2196 2492 est,
2239 2411 2300 2471 in
2342 2421 2507 2489 parte
2545 2409 2645 2472 illa
2683 2410 2975 2491 legitima,
3015 2429 3172 2491 quae
3202 2433 3310 2493 per
3340 2411 3528 2475 libros

600 2486 862 2565 quinque
920 2488 1102 2569 iuius,
1160 2493 1319 2553 velut
1357 2493 1592 2571 sanguis
1633 2514 1739 2571 per
1778 2504 1972 2553 totum
2014 2510 2226 2570 corpus
2267 2492 2480 2552 diffusa
2519 2503 2640 2572 est,
2683 2492 2988 2553 statuimus
3027 2494 3272 2555 veritate
3311 2494 3426 2555 Dei
3467 2498 3528 2555 &

598 2566 946 2629 auctoritate
1006 2570 1165 2647 freti,
1228 2575 1545 2653 exemplum
1593 2574 1926 2651 perfectum
1994 2592 2114 2632 esse
2161 2592 2364 2633 earum
2424 2575 2612 2649 legum
2667 2573 2934 2633 omnium
2953 2619 2970 2652 .,
3009 2573 3087 2633 de
3127 2574 3342 2652 quibus
3385 2578 3528 2635 ante

598 2648 964 2711 dicebamuS.
1026 2652 1385 2731 Exemplum
1444 2672 1573 2714 esse
1623 2655 2061 2715 demonstratur
2112 2653 2232 2713 hoc
2273 2652 2485 2713 modo:
2529 2654 2702 2729 Quae
2743 2654 2822 2713 ad
2861 2655 3119 2715 formam
3161 2656 3526 2733 modumque

601 2729 955 2807 exemplaris
1014 2733 1184 2794 vnius
1242 2745 1347 2793 aut
1390 2734 1645 2811 plurium
1700 2736 1855 2795 facta
1894 2742 2060 2811 sunt,
2102 2752 2175 2793 ea
2215 2734 2486 2811 exempla
2523 2732 2806 2794 dicuntur
2845 2752 3004 2794 esse:
3065 2738 3191 2796 Lex
3233 2738 3296 2811 (f.
3345 2738 3524 2813 1498)

602 2809 789 2869 Mosis
850 2812 927 2869 ad
986 2816 1283 2890 exemplar
1339 2814 1486 2892 legis
1544 2824 1813 2875 aeternae
1827 2860 1845 2891 ‚
1902 2816 1959 2873 &
2013 2816 2291 2875 naturalis
2305 2860 2323 2893 ,
2372 2816 2427 2872 δι
2467 2812 2730 2891 diuinae,
2773 2815 2829 2875 δι
2869 2816 3164 2876 humanae
3204 2816 3364 2879 facta
3401 2826 3520 2877 est:

600 2888 810 2949 harum
851 2888 1028 2967 igitur
1068 2896 1407 2971 exemplum
1450 2904 1557 2956 est.

682 2970 1035 3048 Exemplum
1096 2994 1224 3034 esse
1277 2975 1433 3035 hanc
1492 2986 1765 3037 aeternae
1825 2974 1970 3053 legis
2031 2974 2324 3035 constabit
2389 2977 2596 3053 plane,
2657 2973 2705 3033 si
2765 2975 3076 3053 naturalis,
3137 2974 3405 3051 diuinae,
3469 2978 3526 3037 &

600 3049 893 3112 humanae
932 3054 1077 3131 legis
1116 3056 1549 3117 ostenderimus
1588 3059 1924 3133 exemplum
1965 3074 2122 3131 esse:
2167 3055 2304 3133 quia
2347 3056 2441 3116 lex
2487 3064 2724 3115 aeterna
2779 3056 2986 3117 harum
3023 3056 3292 3117 omnium
3331 3075 3525 3117 exem-

594 3131 727 3208 plar
768 3142 856 3191 est
892 3132 1289 3210 immutabile,
1333 3138 1388 3195 81
1430 3138 1541 3196 hae
1580 3135 1835 3196 vicissim
1878 3136 2151 3213 exempla
2191 3148 2464 3197 aeternae
2503 3134 2667 3213 legiS.

676 3212 783 3270 Est
830 3222 1027 3273 autem
1080 3217 1176 3275 lex
1228 3216 1415 3277 Mosis
1458 3219 1793 3294 exemplum
1842 3217 1988 3295 legis
2029 3216 2342 3295 naturaliS,
2383 3216 2661 3277 notiones
2703 3224 2944 3275 naturae
2990 3234 3342 3275 communes
3390 3217 3528 3295 lege

598 3292 845 3351 naturali
890 3292 1107 3355 inditas
1148 3295 1481 3373 exprimens
1522 3296 2099 3357 conuenientissime.
2163 3298 2320 3356 Nam
2359 3296 2646 3375 principia
2687 3297 2742 3354 &
2785 3295 3200 3357 conclusiones
3241 3297 3526 3357 naturalis

598 3370 778 3449 legiS‚
833 3371 899 3433 id
945 3386 1062 3454 est,
1118 3394 1465 3439 communes
1506 3376 1637 3437 illae
1680 3377 1953 3437 notiones
1995 3387 2239 3437 naturae
2280 3376 2338 3436 in
2381 3379 2510 3454 lege
2553 3376 2740 3437 Mosis
2781 3378 3041 3452 perfecte
3083 3377 3526 3455 exprimuntur,

601 3469 753 3529 quae
793 3450 853 3511 in
896 3466 1103 3515 natura
1143 3456 1401 3517 hominis
1438 3476 1564 3517 non
1606 3460 1798 3519 solum
1840 3468 2150 3535 corrupta,
2195 3456 2308 3517 sed·
2333 3457 2558 3535 integra
2579 3455 2676 3515 illa
2695 3454 3162 3534 primigeniaque
3185 3456 3526 3519 extiterunt.

600 3534 670 3591 In
722 3544 929 3595 natura
970 3535 1129 3595 enim
1170 3548 1449 3616 corrupta
1486 3548 1689 3598 nostra
1726 3538 2002 3599 notiones
2044 3538 2290 3597 eaedem
2333 3550 2502 3617 sunt,
2542 3554 2694 3615 quae
2737 3540 2874 3597 ante
2917 3538 3146 3597 fuerant
3186 3536 3525 3615 inintegra:

602 3614 741 3691 sed,
804 3618 1309 3690 quemadmodum
1366 3628 1572 3679 natura
1619 3618 1747 3695 ipsa
1790 3621 1949 3679 facto
1991 3628 2300 3695 parentum
2343 3628 2680 3679 nostrorum
2725 3627 3004 3693 corrupta
3045 3628 3164 3695 est,
3204 3616 3264 3677 in
3309 3618 3526 3694 quibus

602 3693 953 3772 principium
1003 3708 1245 3758 naturae
1297 3698 1431 3758 fuit:
1477 3698 1693 3759 eodem
1734 3700 1918 3759 modo
1960 3698 2238 3759 notiones
2276 3708 2518 3758 naturae
2559 3696 2762 3773 huiuS,
2804 3696 3246 3775 principiaque,
3287 3698 3342 3756 δι
3383 3716 3526 3759 con·

599 3774 894 3837 clusiones
954 3778 1152 3837 labem
1216 3776 1610 3857 corruptionis
1670 3783 1725 3840 &
1786 3778 2224 3855 deprauationis
2285 3788 2688 3856 susceperunt.
2753 3779 2924 3836 Haec
2984 3789 3180 3839 autem
3237 3777 3528 3855 principia

600 3854 833 3933 omnia,
896 3875 1047 3933 quae
1105 3877 1267 3919 nunc
1322 3860 1383 3919 in
1444 3858 1617 3920 nobis
1676 3858 2116 3937 deprauationis
2166 3859 2389 3919 habent
2442 3877 2618 3935 quam
2674 3856 3022 3935 plurimum,
3071 3876 3336 3936 quaeque
3379 3859 3526 3919 olim

598 3935 833 3995 fuerunt
872 3936 1101 4017 integra
1140 3939 1201 3999 in
1242 3940 1445 4018 primis
1490 3940 1835 4017 parentibus
1872 3939 2090 3999 nostris
2131 3941 2460 3999 secundum
2503 3937 2932 4017 perfectionem
2971 3950 3216 3999 naturae
3255 3950 3526 4013 nostrae,

600 4016 877 4077 facultate
928 4019 1075 4097 legis
1112 4020 1263 4081 illius
1305 4039 1484 4097 quam
1526 4022 1851 4081 naturalem
1892 4022 2258 4097 appellamus
2301 4024 2386 4095 (vt
2429 4020 2754 4097 Apostolus
2794 4018 2873 4076 ad
2919 4021 3178 4080 Roman.
3226 4038 3275 4077 2.
3319 4018 3526 4095 docet)

600 4096 775 4175 haee,
838 4098 1115 4179 inquam,
1174 4102 1235 4161 in
1288 4104 1419 4179 lege
1472 4101 1659 4161 Mosis
1712 4100 2081 4177 perfectione
2135 4118 2364 4159 summa
2417 4104 2452 4159 a
2493 4096 2873 4175 corruptione
2915 4098 3325 4174 vindicantur,
3365 4100 3422 4159 &
3463 4099 3522 4159 in

599 4174 891 4253 integrum
946 4180 1327 4242 restituuntur
1380 4180 1659 4241 aduersus
1702 4200 1941 4241 omnem
1986 4180 2346 4258 impietatem
2389 4183 2444 4241 δι
2487 4178 2824 4239 iniustitiam
2865 4180 3176 4239 hominum
3218 4176 3526 4239 veritatem

600 4254 659 4314 in
704 4259 1014 4319 mendacio
1058 4262 1471 4321 detinentium:
1518 4262 1775 4339 denique
1818 4262 2140 4338 perfectam
2184 4262 2378 4321 lucem
2418 4263 2471 4319 δι
2511 4258 2856 4337 dignitatem
2899 4278 3068 4321 suam
3101 4258 3160 4319 in
3181 4278 3244 4319 se
3263 4260 3528 4337 perfecta

600 4336 744 4427 legis
797 4338 947 4399 illius
1002 4342 1400 4403 declaratione
1450 4342 1667 4418 adepta
1706 4353 1883 4401 sunt(
1924 4344 2104 4401 Hanc
2159 4341 2586 4417 perfectionem
2627 4340 2920 4401 Moralem
2963 4339 3247 4417 exemplis
3285 4338 3526 4399 euiden-

598 4416 834 4478 tissimis
876 4440 1191 4497 possumus
1234 4424 1619 4499 confirmare,
1660 4422 1714 4481 δι
1758 4420 2024 4481 Christus
2069 4423 2288 4481 Matth.
2332 4438 2383 4499 5.
2429 4420 2716 4498 interpres
2751 4422 2806 4479 81
2839 4420 3002 4481 testis
3023 4430 3109 4480 est
3131 4418 3294 4479 omni
3319 4438 3526 4557 εἴρερ-

3386 4516 3522 4561 1onc
