3923 4875
601 305 712 360 104
1564 299 1900 345 rna-sss
1952 295 2603 342 THEOLOGICAE.

596 461 658 521 in
717 460 938 522 vnitate
984 479 1319 552 personae,
1366 460 1632 522 Christus
1678 462 1867 530 Iesus:
1918 457 1982 517 in
2022 475 2178 536 qu0‚
2221 467 2503 535 tanquam
2539 459 2852 520 Seruatore
2891 458 3182 537 perfecto,
3223 459 3510 520 exsistunt

597 559 806 602 omnes
866 507 1319 602 iustificationis
1345 558 1586 602 causae·
1636 541 1739 618 qui
1790 536 1996 598 dilexit
2037 556 2184 615 nos,
2225 539 2414 598 factus
2455 549 2544 598 est
2583 541 2910 598 Immanuel
2950 505 3276 600 Nomsciuu
3317 557 3474 599 Dssvs
3491 585 3510 618 ,

597 622 653 679 δι
695 620 951 698 seipsum
991 620 1234 682 tradidit
1272 641 1382 699 pro
1421 621 1618 682 nobiS.

677 705 731 762 6.
811 703 1030 762 Forma
1087 712 1203 778 est,
1266 702 1431 778 quod
1490 701 1673 762 Filius
1730 699 1845 758 Dei
1886 697 2214 758 secundum
2247 696 2528 774 Spiritum
2567 700 2660 758 vel
2699 697 2995 761 Deitatem
3043 716 3210 758 suam
3243 707 3404 760 totus
3444 699 3510 759 in

594 780 769 841 nobis
809 780 1068 860 habitat,
1105 788 1391 860 suamque
1430 780 1709 842 iustitiam
1749 780 1803 837 δι
1846 777 2251 869 obedientiam
2290 788 2553 839 nostram
2577 778 2747 857 facit,
2766 797 2889 838 non
2911 779 3102 838 solum
3121 778 3510 856 imputatione

594 878 799 920 coram
856 862 1021 922 Deo:
1076 861 1183 922 sed
1242 861 1420 922 etiam
1468 859 1863 940 applicatione
1915 856 2278 918 remissionis
2320 868 2724 936 peccatorum,
2779 857 3032 918 iustitiae
3069 861 3126 918 &
3165 859 3508 919 reconcilia-

594 939 771 1000 tionis
811 941 1095 1033 gratuitae
1129 939 1194 1001 in
1232 959 1378 1002 sese.

680 1037 735 1095 7.
815 1019 1097 1082 Diuinum
1158 1022 1373 1082 horum
1434 1020 1798 1099 signaculum
1860 1027 1949 1078 est
2002 1016 2248 1108 Spiritus
2303 1028 2536 1079 sanctus
2576 1023 2614 1078 a
2653 1020 2824 1078 Patre
2863 1021 2918 1078 δι
2957 1016 3108 1079 Filio
3147 1017 3508 1110 procedenS‚

594 1117 701 1176 per
758 1117 937 1177 quem
990 1100 1105 1163 Dei
1157 1102 1426 1162 Charitas
1465 1100 1527 1160 in
1566 1100 1850 1161 cordibus
1894 1097 2112 1158 nostris
2154 1097 2532 1178 diffunditur,
2571 1103 2626 1158 ὅτ
2667 1118 2776 1159 nos
2818 1097 2877 1157 in
2920 1117 3159 1158 omnem
3199 1098 3506 1160 veritatem

596 1198 670 1239 ex
709 1179 1103 1256 promissione
1139 1179 1268 1257 Filij
1311 1179 1677 1242 deducimur.

670 1261 730 1318 8.
809 1259 925 1320 His
977 1259 1233 1338 denique
1284 1259 1719 1339 prehendendis
1767 1260 1823 1317 δι
1858 1254 2282 1347 percipiendis
2295 1275 2616 1318 commune
2657 1258 2893 1336 piorum
2933 1268 3021 1318 est
3059 1257 3506 1318 instrumentum

590 1338 765 1399 fides·
827 1357 945 1418 qua
996 1340 1289 1401 iustificati
1329 1359 1541 1418 pacem
1578 1341 1867 1400 habemus
1910 1353 2052 1396 cum
2088 1338 2224 1396 Deo
2265 1335 2326 1396 in
2367 1339 2608 1399 Christo
2649 1341 2814 1416 Iesu,
2855 1339 2908 1396 δι
2951 1337 3077 1398 sine
3117 1355 3235 1414 qua
3272 1339 3507 1414 placere

592 1419 729 1479 Deo
769 1437 890 1479 non
932 1436 1263 1499 possumus.

672 1518 728 1576 9.
810 1499 1217 1591 Quamobrem
1266 1499 1376 1560 etsi
1424 1502 1699 1579 figurate,
1750 1495 2175 1557 conuenienter
2228 1505 2428 1558 tamen
2471 1501 2527 1558 &
2569 1501 2704 1558 vere
2745 1497 3027 1576 dicimus,
3067 1516 3178 1558 nos
3218 1497 3334 1556 fide
3373 1497 3507 1556 solo

592 1577 918 1658 iustificari,
958 1581 1116 1640 facta
1149 1579 1274 1640 eius
1310 1581 1755 1658 comparatione
1796 1593 1935 1636 cum
1977 1575 2259 1653 operibus
2303 1579 2360 1637 δι
2401 1577 2648 1639 meritis:
2693 1581 2746 1638 &
2767 1596 2892 1638 non
2911 1597 2985 1638 ex
3005 1578 3281 1654 operibus
3301 1576 3507 1654 LegiS,

591 1657 697 1718 sed
734 1677 809 1718 ex
847 1659 965 1719 fide
1004 1659 1182 1738 gratis
1220 1659 1281 1720 in
1323 1661 1560 1720 Christo
1600 1663 1737 1721 Iesu
1774 1655 2040 1717 Domino
2081 1667 2288 1716 nostro
2329 1659 2392 1731 (s.
2441 1662 2636 1736 1592.)

1387 2050 1438 2108 1.
1519 2050 1649 2109 DE
1699 2051 1987 2109 VERA
2045 2048 2714 2110 THEOLOGIA.

1864 2229 2232 2288 THESES.

687 2399 737 2440 1.
817 2379 959 2440 CVM
1000 2398 1119 2442 vox
1158 2379 1527 2461 Theologiae
1564 2399 1687 2441 non
1738 2399 1859 2441 vno
1902 2382 2089 2442 modo
2129 2391 2397 2441 sumatur
2433 2381 2496 2441 in
2536 2398 2646 2441 vsu
2686 2381 3020 2460 communi,
3059 2378 3182 2441 eius
3221 2379 3506 2454 homony-

600 2459 780 2519 miam
818 2462 949 2521 tolli
986 2472 1224 2539 oportet
1262 2472 1579 2539 antequam
1620 2462 1698 2521 ad
1738 2480 1863 2521 rem
1906 2462 2097 2539 ipsam
2136 2462 2420 2522 veniatur.
2463 2460 2770 2539 Accipitur
2802 2472 2997 2523 autem
3027 2458 3348 2537 tripliciter.
3387 2460 3508 2517 Aut

598 2558 711 2617 pro
765 2560 1036 2602 sermone
1088 2540 1269 2619 ipsius
1320 2542 1468 2618 Dei,
1506 2551 1609 2601 aut
1646 2560 1755 2619 pro
1798 2561 2073 2603 sermone
2117 2543 2192 2601 de
2228 2544 2396 2621 De0,
2438 2540 2616 2619 idque
2651 2542 2971 2632 aliquando
3011 2539 3246 2618 proprie
3286 2558 3395 2617 pro
3435 2556 3510 2597 eo

600 2638 873 2682 sermone
914 2621 1015 2697 qui
1055 2622 1133 2681 de
1170 2624 1303 2682 Deo
1345 2624 1474 2682 solo
1487 2665 1505 2700 ,
1546 2620 1672 2682 eius
1712 2620 1963 2681 essentia
2003 2625 2058 2683 δι
2099 2588 2396 2682 attributis
2432 2620 2573 2713 agit:
2613 2623 2736 2680 Aut
2773 2619 2944 2681 latius
2983 2622 3037 2679 &
3079 2617 3511 2697 synecdochice

600 2718 711 2777 pro
752 2721 856 2779 eo,
897 2701 998 2777 qui
1036 2720 1160 2761 non
1200 2704 1427 2761 tantum
1467 2702 1544 2761 de
1583 2711 1794 2761 natura
1834 2700 1980 2781 Dei,
2019 2702 2126 2762 sed
2168 2702 2346 2762 etiam
2385 2700 2599 2761 diuinis
2639 2700 2945 2792 omnibus,
2987 2700 3050 2761 id
3082 2710 3197 2779 est,
3229 2699 3512 2760 relatione

600 2792 1006 2843 creaturarum
1036 2780 1113 2841 ad
1152 2782 1349 2842 Deum
1389 2780 1528 2859 agit.
1569 2798 1689 2873 quo
1732 2747 2062 2859 significato
2101 2782 2200 2843 hic
2239 2786 2277 2841 a
2316 2782 2492 2841 nobis
2531 2781 2834 2857 accipitur.

685 2880 737 2921 2.
818 2863 963 2923 Esse
1002 2870 1200 2921 autem
1240 2880 1372 2921 eam
1414 2861 1464 2921 si
1501 2861 1633 2938 quis
1670 2872 1878 2939 negat,
1922 2863 1978 2921 δι
2015 2866 2216 2921 lumen
2253 2862 2400 2920 illud
2441 2860 2502 2920 in
2543 2860 2750 2920 animis
2782 2858 3089 2920 hominum
3108 2862 3146 2918 a
3163 2858 3357 2939 primo
3380 2868 3516 2918 ortu

600 2952 913 3001 accensum
952 2940 1169 3019 pariter
1208 2940 1538 3020 extinguat,
1581 2942 1637 2999 δι
1676 2944 1872 3001 Deum
1913 2942 2105 3019 ipsum
2147 2946 2179 3002 ὲ
2223 2940 2420 3001 medio
2453 2943 2620 3000 tollat
2653 2959 2892 3000 necesse
2913 2950 3016 3031 est,
3057 2940 3212 3000 Cum
3232 2942 3287 2999 81
3309 2956 3514 2999 omnes

600 3018 681 3078 ita
740 3038 868 3081 esse
927 3031 1252 3113 agnoscant
1301 3032 1545 3081 naturae
1597 3023 1759 3099 luce,
1799 3023 1855 3080 δι
1897 3024 2064 3082 Deus
2105 3042 2230 3081 non
2269 3021 2344 3081 sit
2383 3022 2579 3097 DeuS,
2623 3020 2735 3079 nisi
2773 3022 2828 3079 δε
2869 3019 2959 3080 sui
2997 3018 3175 3097 ipsius
3217 3021 3290 3078 sit
3327 3018 3516 3077 sciens

600 3116 711 3176 pro
751 3100 936 3160 modo
975 3118 1185 3180 ipsius,
1226 3102 1281 3160 δι
1322 3102 1399 3161 ab
1441 3119 1515 3161 eo
1558 3100 1751 3162 omnis
1792 3102 1940 3162 boni
1983 3102 2250 3162 defluxus
2290 3102 2600 3178 procedat.

681 3196 738 3252 3.
819 3180 927 3239 Est
966 3190 1161 3240 autem
1210 3182 1563 3273 Theologzja,
1604 3180 1901 3273 Sapientia
1940 3200 2135 3242 rerum
2167 3181 2522 3241 diuinarum.
2561 3180 2917 3258 Sapientiam
2939 3180 3176 3257 appello
3193 3223 3211 3257 ,
3231 3178 3368 3255 quia
3386 3178 3518 3237 solo

599 3256 719 3317 hoc
757 3276 973 3335 genere
1012 3260 1235 3336 optime
1274 3260 1399 3321 eius
1436 3260 1523 3321 vis
1563 3260 1933 3338 exprimitur.
1979 3272 2043 3321 vt
2065 3274 2226 3353 ‘pote
2260 3259 2582 3321 certissima
2610 3259 3034 3337 principiorum
3056 3259 3261 3336 index,
3283 3257 3517 3335 amplis-

600 3335 750 3396 sima
800 3336 1172 3399 scientiarum
1216 3339 1483 3401 omnium
1522 3339 1829 3419 princeps,
1870 3344 1913 3399 Sc
1953 3340 2383 3419 sapientissima
2425 3339 2694 3400 omnium
2734 3340 3070 3420 actionum,
3109 3338 3520 3412 rationumque

600 3416 836 3477 arbitra.
878 3418 1243 3479 Diuinarum
1282 3440 1484 3479 rerum
1524 3386 1891 3497 adiectiotie,
1932 3424 1988 3480 &
2033 3424 2336 3499 objectum
2379 3420 2503 3481 eius
2545 3420 2810 3480 diuinum
2850 3384 3170 3499 indicatur,
3209 3422 3265 3479 &
3303 3418 3518 3477 modus

600 3494 724 3556 eius
852 3499 1233 3575 pernaturalis
1292 3498 1615 3578 principie,
1675 3499 1942 3579 actione,
2001 3503 2056 3560 &
2098 3503 2311 3562 effectu
2353 3518 2463 3588 suo
2505 3510 2775 3575 notatur,
2819 3519 2891 3559 ac
2930 3500 3186 3577 denique
3225 3498 3356 3557 finis
3395 3496 3519 3556 eius

600 3514 1053 3654 perfefflssimus
1094 3576 1474 3656 significatur.

680 3677 737 3730 4.
814 3656 1112 3718 Diuiditur
1152 3660 1509 3748 ἀναλογικῶς
1549 3658 1610 3718 in
1651 3659 1978 3737 ἀρχέτυπον
2017 3664 2070 3721 &
2109 3664 2374 3722 ἔκτυπον.
2429 3662 2536 3720 Illa
2576 3669 2665 3720 est
2705 3658 2882 3737 ipsius
2924 3659 3066 3737 Dei,
3109 3677 3227 3737 qua
3263 3656 3518 3734 seipsum

598 3736 655 3795 δι
697 3736 899 3797 omnia
936 3738 1151 3798 Diuina
1193 3736 1413 3797 Diuino
1456 3738 1511 3796 &
1552 3738 1835 3798 ineffabili
1874 3741 2061 3801 modo
2103 3741 2391 3819 intelligit.
2433 3758 2584 3817 quae
2625 3744 2712 3815 (vt
2750 3743 2805 3799 δι
2844 3759 3055 3799 omnes
3095 3739 3348 3799 Diuinae
3387 3756 3522 3815 pro·

598 3816 898 3893 prietates)
937 3820 1075 3879 cum
1113 3816 1375 3877 increata
1416 3816 1522 3895 sit,
1564 3812 1995 3908 simplicissima
2035 3820 2140 3898 sit,
2180 3820 2406 3880 infinita
2440 3820 2546 3899 sit,
2578 3839 2702 3879 non
2727 3819 2910 3897 magis
2935 3817 3363 3879 communicari
3383 3834 3521 3877 cum

598 3907 864 3956 creatura
920 3907 1145 3975 potest,
1202 3899 1383 3973 quam
1444 3898 1508 3971 (f.
1558 3900 1753 3975 1593.)
1815 3896 1943 3974 ipsa
2001 3866 2205 3959 diui'na
2260 3900 2529 3960 essentia.
2593 3902 2768 3959 Haec
2809 3906 2952 3961 vero
3002 3902 3268 3975 ἓκτυπος,
3311 3917 3383 3957 ex
3422 3896 3521 3957 illa

598 3973 795 4050 priore
847 3996 953 4055 per
999 3976 1318 4056 gratiosam
1369 3974 1968 4039 communicationem
2020 3997 2297 4058 expressa
2336 3989 2515 4057 atque
2560 3980 2874 4039 informata
2914 3990 3033 4059 est,
3079 3981 3156 4039 ad
3196 3978 3520 4038 communi·

601 4053 792 4113 cantis
869 4056 1100 4119 loriam.

682 4148 737 4209 5.
816 4076 1112 4202 ’gratumve
1153 4147 1353 4197 autem
1396 4136 1546 4197 haec
1589 4137 2068 4199 communicatur
2107 4136 2446 4215 tripliciter,
2477 4141 2574 4200 vel
2594 4158 2701 4215 per
2719 4138 3000 4198 vnionem
3022 4148 3267 4197 naturae
3290 4136 3524 4197 diuinae

600 4228 737 4271 cum
781 4224 1009 4291 creata,
1048 4214 1238 4291 qualis
1280 4226 1369 4276 est
1406 4215 1468 4275 in
1511 4217 1749 4279 Christo
1794 4220 2150 4309 &amonium
2192 4220 2519 4279 secundum
2560 4218 3015 4295 humanitatem,
3058 4235 3209 4295 quae
3244 4217 3382 4277 licet
3413 4216 3524 4276 alia

600 4290 673 4350 sit
730 4294 769 4350 a
825 4293 1140 4373 superiori,
1198 4304 1263 4354 vt
1321 4305 1463 4373 pote
1502 4297 1627 4357 eius
1666 4298 1991 4376 increatae,
2029 4284 2323 4377 infinitae,
2373 4302 2428 4359 δι
2473 4297 2796 4359 essentialis
2837 4300 3191 4378 ἀπαύγασμα
3228 4306 3489 4357 creatum
3505 4342 3522 4375 ,

3297 4375 3527 4435 finitum

3877 4557 3889 4875 -ο--ῄ-
3885 4428 3890 4493 *A
