3923 4875
580 377 707 432 324
1370 363 1381 376 '
1526 369 1842 412 THESES
1902 367 2552 412 THEOLOGICAE.

654 549 747 610 ²5·
826 533 915 592 Ex
954 526 1297 607 hypothesi3
1339 545 1491 605 quae
1534 547 1605 589 ex
1638 527 1869 588 alterius
1912 543 2152 589 caussae
2195 527 2486 606 positione
2525 526 2692 587 aliter
2732 546 2795 588 se
2838 527 3070 588 habere
3113 545 3234 588 non
3273 539 3510 608 potest,

568 631 692 672 non
730 623 928 672 autem
968 629 1039 672 ex
1080 607 1167 669 sui
1206 607 1441 689 υκαι-ἐς
1506 617 1682 685 atque
1722 610 1869 668 haec
1914 607 2244 668 Necessitas
2291 607 2749 686 consequentiae
2791 609 3156 686 appellatur,
3211 617 3304 685 vt,
3347 609 3508 670 Ossa

577 693 793 752 christi
810 691 1043 770 frangi
1076 709 1193 750 non
1224 697 1564 765 potuerunt.
2465 710 2468 713 ·

654 775 745 832 26.
828 769 1157 832 Necessitas
1214 769 1364 829 haec
1405 787 1477 828 ex
1517 765 1862 846 hypothesi,
1925 783 2063 828 cum
2105 767 2165 828 in
2203 767 2272 827 iis
2313 777 2543 828 tantum
2583 768 2784 828 locum
2824 767 3079 845 habeat,
3139 786 3296 846 quae
3331 767 3510 829 inter·

570 869 717 912 num
754 851 843 912 sui
882 861 1079 911 motus
1118 849 1471 927 principium
1511 849 1731 908 habent
1752 890 1770 926 ,
1830 865 1951 907 non
2006 845 2158 908 tollit
2198 846 2712 926 Contingentiam,
2767 847 3136 908 Libertatem
3157 894 3173 926 ,
3233 851 3288 910 81
3331 867 3508 926 spon-

568 942 807 992 taneam
846 933 1237 993 voluntatem:
1282 931 1473 990 Multa
1512 926 1669 990 enim
1707 927 1891 988 libere
1934 926 2111 987 simul
2151 930 2208 990 δι
2251 927 2582 989 necessario
2623 928 2859 988 euenire
2902 938 3184 1007 possunt,
3207 939 3303 1008 vt.
3326 931 3512 990 Mors

580 1014 819 1072 Christi.

655 1111 746 1166 27.
828 1093 1021 1153 Multo
1080 1088 1273 1150 minus
1330 1085 1720 1150 Coactionem
1782 1087 1959 1148 vllam
2021 1086 2478 1166 praesupponit:
2547 1087 2800 1152 Coactio
2863 1084 3022 1148 enim
3061 1097 3373 1148 externum
3419 1088 3507 1148 sui

572 1182 767 1233 motus
807 1169 1159 1250 principium
1198 1169 1413 1246 habet,
1466 1175 1655 1245 eoque
1709 1181 1849 1227 cum
1892 1169 2195 1228 voluntate
2237 1169 2560 1228 cohaerere
2601 1185 2728 1227 non
2768 1177 2990 1245 potest.
3069 1169 3274 1246 Itaque
3321 1187 3502 1229 nemo

573 1251 803 1330 cogitur
842 1251 921 1312 ad
960 1248 1360 1329 peccandum,
1400 1247 1627 1309 etiamsi
1667 1246 1998 1309 necessario
2039 1257 2282 1326 propter
2315 1257 2584 1310 naturam
2611 1258 2954 1325 corruptam
2978 1267 3104 1308 non
3125 1260 3506 1326 regeneratus

654 1341 803 1393 ccet.

574 1352 745 1472 pe28.
826 1407 1267 1488 Propulsandae
1308 1411 1451 1486 ergo
1494 1425 1673 1468 voces
1712 1405 1847 1467 illae
1887 1407 2267 1484 blasphemae
2307 1406 2748 1468 Libertinorum
2769 1451 2788 1486 ,
2829 1407 2964 1485 qui,
3005 1423 3144 1468 cum
3184 1408 3385 1468 omnia
3434 1411 3511 1470 ab

569 1489 918 1552 immutabili
971 1491 1083 1550 Dei
1136 1486 1511 1548 Prouidentia
1563 1485 1823 1566 pendere
1862 1485 2107 1547 audiunt
2125 1531 2143 1565 ‚
2183 1488 2380 1548 Deum
2419 1489 2649 1566 peccati
2687 1488 2996 1548 authorem
3035 1486 3373 1550 insimulare
3389 1534 3408 1568 ,
3455 1492 3510 1552 δι

570 1570 630 1631 in
672 1589 811 1632 eum
848 1569 1045 1649 operis
1083 1567 1173 1630 sui
1210 1565 1595 1628 vitiositatem
1634 1569 1691 1628 &
1728 1566 2154 1645 turpitudinem
2195 1565 2442 1628 reiicere
2481 1586 2607 1627 non
2649 1577 2944 1629 verentur.

659 1671 751 1728 29.
833 1652 962 1712 Nec
1020 1647 1357 1709 Stoicorum
1416 1665 1678 1708 errorem
1715 1645 1814 1706 hic
1860 1647 1982 1707 vllo
2021 1657 2198 1724 pacto
2239 1646 2670 1708 admittendum
2713 1663 3054 1726 censemus,
3121 1646 3222 1726 qui
3265 1651 3509 1728 Fatum,

574 1733 631 1791 &
672 1733 997 1792 naturalem
1037 1728 1338 1806 quandam
1378 1745 1451 1786 ex
1489 1725 1835 1788 aeternitate
1876 1727 2238 1806 pendentem
2279 1744 2476 1788 rerum
2499 1727 2767 1787 omnium
2788 1729 3199 1788 necessitatem
3222 1727 3508 1790 inducere

576 1821 896 1886 conantur,
936 1827 1087 1886 quae
1127 1805 1353 1868 adferat
1392 1808 1567 1868 rebus
1608 1806 1915 1899 omnibus²
1955 1805 2133 1866 etiam
2174 1808 2309 1867 Deo
2347 1805 2457 1885 ipsi
2476 1852 2492 1880 ,
2530 1805 2932 1868 ineuitabilem
2973 1807 3408 1868 necessitatem.

656 1910 753 1966 30.
832 1891 961 1950 Nec
1002 1887 1330 1966 Epicureos
1368 1885 1669 1965 audimuS,
1710 1886 1815 1963 qui
1856 1885 2121 1948 dlssimili
2164 1888 2336 1958 plane
2375 1885 2602 1948 ratione
2645 1885 2848 1948 omnia
2890 1898 3119 1966 ponunt
3158 1887 3216 1946 in
3260 1888 3504 1949 arbitrio

581 1971 635 2028 δι
677 1969 1005 2030 temeritate
1043 1971 1373 2040 Fortunae,
1414 1974 1668 2045 eamque
1710 1985 1905 2027 rerum
1940 1967 2208 2028 omnium
2252 1967 2655 2028 dominam.&
2698 1967 2988 2046 Reginam
3018 1967 3418 2046 constituunt,
3447 1968 3506 2028 in

577 2049 693 2110 Dei
731 2047 1170 2111 Prouidentiam
1211 2045 1426 2122 iniurij.

656 2149 750 2205 31·
834 2124 1199 2207 Peripatetici
1238 2127 1317 2186 ad
1354 2137 1715 2202 extremum,
1756 2126 1865 2186 etsi
1906 2125 2165 2186 mediam
2205 2127 2504 2206 quandam
2541 2125 2892 2187 sententiam
2913 2129 2968 2188 δι
2989 2125 3146 2187 viam
3169 2137 3508 2206 sequantur,

578 2219 639 2269 vt
682 2229 795 2270 nec
838 2208 1040 2270 omnia
1079 2205 1422 2268 necessitate
1464 2205 1591 2266 fieri
1630 2206 1862 2283 dicant,
1902 2225 2016 2267 nec
2054 2205 2255 2266 omnia
2291 2209 2545 2288 temeri-⁸23
2587 2209 2723 2266 cum
2766 2217 2961 2268 tamen
3003 2206 3123 2268 vim
3157 2207 3318 2268 illam
3341 2217 3505 2266 natu-

578 2307 706 2368 rae,
749 2299 1067 2369 postquam
1108 2307 1145 2348 a
1181 2288 1318 2346 Deo
1358 2287 1541 2348 semel
1578 2285 1753 2346 insita
1792 2285 1998 2364 fuerit,
2037 2297 2377 2348 asseuerent
2416 2287 2552 2348 satis
2592 2285 2782 2365 ipsam
2822 2307 2928 2364 per
2972 2307 3034 2347 se
3057 2307 3184 2348 esse
3207 2299 3510 2366 potentem

578 2370 632 2428 δι
678 2369 932 2431 validam
971 2370 1050 2429 ad
1089 2367 1416 2446 agendum,
1459 2365 1634 2426 etiam
1676 2367 1800 2427 sine
1842 2367 2007 2445 Dec,
2062 2367 2315 2426 illudunt
2355 2365 2620 2428 eiusdem
2661 2366 3093 2428 Prouidentiae.

663 2466 759 2527 52.
841 2451 997 2510 Vsus
1046 2448 1219 2509 huius
1280 2447 1585 2507 doctrinae
1627 2458 1716 2507 est
1760 2449 2082 2524 multiplex.
2143 2450 2190 2509 Ι.
2231 2448 2315 2507 Vt
2352 2448 2542 2525 gloria
2585 2450 2717 2508 Deo
2763 2447 3051 2509 tribuatur
3093 2446 3413 2526 sapientiae
3453 2450 3509 2507 &

580 2530 883 2607 potentiae
924 2547 1190 2591 summae
1232 2526 1313 2587 in·
1334 2528 1509 2587 rebus
1551 2526 1829 2588 omnibus
1874 2526 2172 2603 creandis,
2216 2526 2670 2603 conseruandis,
2713 2526 3055 2605 dirigendis,
3135 2530 3217 2589 11.
3277 2530 3361 2587 Vt
3400 2546 3508 2605 pro

582 2610 841 2689 acceptis
878 2607 1183 2673 beneficiis
1222 2608 1354 2667 Deo
1396 2606 1577 2667 simus
1616 2606 1786 2685 grati.
1828 2610 1933 2669 111.
1981 2608 2063 2667 Vt
2103 2606 2166 2666 in
2205 2607 2466 2669 aduersis
2514 2606 2694 2668 simus
2733 2608 3056 2687 patienteS,
3101 2612 3156 2669 δι
3196 2627 3364 2687 spem
3383 2626 3507 2668 cer-

582 2698 705 2751 tam
750 2690 810 2750 in
852 2693 1113 2751 futurum
1154 2686 1473 2765 repositam
1514 2687 1840 2749 habeamus
1880 2689 1939 2749 in
1982 2685 2200 2747 auxilio
2241 2686 2469 2749 diuino.

1861 2940 2234 2953 ———

579 3135 705 3196 DE
756 3133 1121 3195 LIBERO
1178 3104 1633 3195 HOMINIS
1687 3134 2264 3213 ARBITRIO,
2321 3136 2605 3195 ANTE
2653 3136 2709 3197 &
2751 3136 3018 3197 POST
3075 3137 3502 3197 LAPSUM.

1772 3314 2150 3377 .an.srs
2227 3314 2278 3371 1.

662 3490 948 3548 1213va
997 3486 1321 3549 Arbitrium
1384 3498 1472 3549 est
1510 3488 1786 3549 naturalis
1826 3487 2091 3567 potentia
2124 3505 2234 3549 suo
2275 3508 2347 3549 ac
2389 3488 2632 3567 proprio
2677 3496 2843 3549 motu
2882 3486 3009 3549 sine
3049 3488 3360 3550 coactione
3407 3489 3510 3551 eli·

583 3566 765 3649 gendi
804 3569 898 3629 vel
935 3568 1287 3647 repudiandi
1327 3570 1553 3631 bonum
1594 3578 1695 3630 aut
1732 3570 1983 3647 malum,
2025 3569 2192 3647 quod
2229 3568 2519 3630 voluntati
2560 3568 2898 3647 eligendum
2940 3570 3035 3629 vel
3073 3570 3506 3648 repudiandum

622 3668 689 3712 ro
734 3648 951 3710 onitur.

580 3672 621 3729 p
667 3668 733 3791 21.²
801 3731 896 3790 Ac
952 3729 1287 3791 Arbitrium
1352 3727 1597 3806 quidem
1652 3730 1980 3809 appellatur
2041 3738 2314 3807 respectu
2372 3728 2584 3789 mentis
2650 3746 2802 3806 quae
2863 3728 3167 3789 obiectum
3218 3728 3510 3790 voluntati

586 3819 907 3888 monstrat,
949 3808 1261 3889 ipsumque
1302 3809 1397 3870 vel
1437 3810 1652 3886 probat
1692 3808 2153 3887 vel‘improbat:
2196 3810 2442 3869 liberum
2484 3814 2627 3869 vero
2671 3818 2944 3886 respectu
2967 3808 3318 3889 voluntatis,
3360 3826 3512 3887 quae

588 3901 801 3969 sponte
843 3906 949 3950 sua
989 3889 1051 3950 id
1092 3888 1256 3967 quod
1306 3888 1607 3951 obiectum
1648 3888 1821 3951 fuerit
1860 3890 2229 3968 amplectitur
2270 3889 2521 3968 eligens,
2563 3898 2664 3949 aut
2703 3888 3018 3967 repudians
3065 3888 3230 3967 fugit.

667 3989 723 4048 3.
808 3971 1131 4031 Subiectum
1192 3970 1343 4049 itaq3
1418 3968 1587 4029 liberi
1645 3969 1863 4047 arbitrij
1926 3980 2014 4029 est
2072 3968 2400 4031 substantia
2462 3979 2659 4029 creata
2715 3968 3074 4048 intelligenS,
3135 3970 3230 4031 vel
3285 3968 3514 4030 ratione

580 4049 846 4131 praedita
868 4094 886 4130 ,
945 4049 1005 4110 in
1064 4048 1181 4127 qua
1234 4048 1617 4128 intelligentia
1664 4050 1721 4110 δι
1759 4050 2032 4111 voluntas
2071 4059 2267 4127 partes
2305 4050 2661 4110 Essentiales
2701 4060 2835 4110 sunt
2873 4048 3181 4127 analogice
3195 4095 3213 4130 ‚
3270 4049 3514 4109 libertas

584 4134 729 4192 vero
770 4128 863 4191 his
903 4130 1169 4209 partibus
1210 4128 1399 4191 inesse
1442 4127 1658 4190 dicitur
1698 4139 1761 4191 vt
1804 4130 2073 4191 subiecto
2114 4128 2388 4191 accidens
2429 4130 2773 4208 separabile.

671 4232 727 4285 4.
820 4210 1103 4272 obiectum
1166 4214 1309 4272 vero
1362 4210 1529 4271 liberi
1568 4208 1819 4290 arbitrij‚
1880 4211 2048 4289 quod
2091 4208 2189 4271 hic
2229 4208 2468 4288 quidem
2511 4210 2699 4289 agitur
2714 4255 2730 4283 ,
2791 4219 2882 4269 est
2921 4211 3148 4269 morale
3187 4211 3417 4271 bonum
3457 4211 3513 4270 &

591 4292 811 4351 malum
874 4294 994 4368 quo
1048 4290 1233 4352 libere
1296 4292 1478 4351 fertur
1538 4301 1839 4351 creaturae
1890 4289 2227 4368 arbitrium,
2288 4300 2390 4351 aut
2429 4290 2594 4369 quod
2633 4299 2938 4351 auersatus·
2976 4289 3197 4350 libere:
3260 4308 3398 4350 nam
3434 4289 3512 4349 de

585 4370 775 4432 libero
810 4370 1049 4432 arbitrio
1090 4370 1151 4431 in
1196 4370 1377 4431 causa
1416 4371 1690 4431 naturalis
1730 4370 1907 4451 boni,
1948 4370 2215 4449 quaestio
2257 4368 2444 4449 magis
2485 4369 2732 4447 Physica
2771 4378 2863 4431 est
2902 4371 3080 4447 quam
3121 4368 3505 4447 Theologica.

3009 4466 3065 4527 5.
3129 4452 3510 4527 Quapropter
