3923 4875
1452 29 1858 73 :intrucl
1918 29 2132 73 PARS
2195 29 2234 72 1.
3168 25 3282 86 4⁸13

52 221 71 262 ι
382 191 557 252 nobis
600 189 935 270 longissime
976 191 1198 252 isthaec
1238 190 1481 252 insania.
1544 191 1877 252 Statuamus
1922 190 2116 266 potius
2157 207 2294 250 cum
2336 189 2545 250 animis
2587 188 2802 249 nostris
2821 234 2839 264 ,
2893 190 3040 278 Nos·
3057 207 3303 265 omnes,

52 303 71 346 ς
382 283 675 350 quotquot
717 269 1025 331 Christiani
1065 289 1298 346 sumus,
1340 291 1550 349 operas
1591 271 1701 331 Dei
1743 291 1897 331 esse:
1942 291 2013 331 ac
2055 282 2366 348 propterea
2414 269 2724 330 vocatione
2768 269 3074 328 communi
3113 269 3299 328 teneri

52 365 71 426 ᾗ
380 354 533 412 ferre
584 367 972 430 quaecunque
1025 352 1137 410 fert
1180 353 1337 412 Deus
1354 395 1369 424 ,
1423 353 1480 412 δι
1528 350 1833 429 proximos
1884 369 2094 411 omnes
2135 361 2370 410 nostros
2412 351 2742 409 secundum
2783 359 3085 425 naturam,
3127 367 3304 408 voca-

52 463 71 508 .
380 431 636 509 tionem,
674 431 731 490 δι
769 431 1016 509 gratiam
1054 431 1134 490 ad
1168 431 1423 492 eandem
1462 431 1947 492 communionem
1989 431 2304 490 aduocare.
2360 433 2430 489 In
2473 428 2677 508 primis
2721 440 2920 488 autem
2966 428 3306 505 quicunque

52 543 69 588 t
380 511 633 588 operarii
677 523 813 571 sunt
868 509 1115 571 Domini
1154 529 1225 570 ex
1264 509 1577 572 vocatione
1616 511 1926 588 singulari,
1971 523 2070 570 aut
2109 509 2169 570 in
2209 527 2460 570 numero
2505 507 2850 587 dignissimo
2892 507 3300 586 operariorum

52 625 67 672 ⁸
384 591 511 650 eius
550 610 625 650 ex
676 591 889 650 ordine
935 589 1139 650 haberi
1188 593 1426 667 volunt,
1473 608 1595 669 quo
1644 590 1897 667 amplius
1946 589 2192 649 honoris
2245 594 2282 648 a
2325 587 2592 649 Domino
2632 587 2804 647 donis
2821 631 2836 660 ,
2890 588 2946 646 &
2994 587 3307 648 vocatione

382 669 584 748 adepti
622 681 787 745 sunt,
828 670 865 746 ij
908 669 995 730 sic
1032 668 1323 747 cogitent,
1364 689 1429 732 se
1467 688 1593 730 non
1632 681 1697 729 vt
1736 680 2016 748 praeeant
2052 670 2336 728 arbitratu
2375 686 2517 746 su0,
2561 667 2666 727 sed
2707 679 2774 726 vt
2793 666 3121 727 Dominum
3143 685 3304 744 prae-

53 784 67 830 Ι
384 764 629 810 euntum
665 760 985 826 sequantur
1024 748 1191 809 omni
1230 749 1515 828 religione
1554 767 1627 810 ac
1666 750 1783 809 fide
1828 761 2075 810 vocatos
2113 767 2272 809 esse:
2315 751 2522 824 Itaque
2553 747 2642 808 sui
2661 765 2790 808 esse
2811 746 3067 807 maxime
3089 747 3268 823 officij
3286 791 3305 826 ,

52 869 69 912 3
382 841 447 888 vt
482 829 751 889 homines
789 828 1063 890 disiectos
1103 830 1160 887 ἅτ
1196 843 1433 890 exteros
1470 831 1549 890 ab
1570 829 1841 892 aedificio
1862 829 2108 889 Domini
2131 829 2480 888 miserentur
2501 827 2698 887 animo
2717 871 2734 903 ,
2775 845 3048 886 sermone
3067 835 3302 904 vocent,

52 951 65 994 3
382 909 439 967 δι
492 927 672 986 opere
726 911 1121 986 exemploque
1172 921 1451 986 praeeant
1490 909 1959 987 diligentissime:
2015 909 2422 987 Quoscunque
2463 925 2606 968 vero
2646 918 2747 966 aut
2785 905 2982 966 verbo-
3013 905 3190 966 trahit
3225 907 3304 966 ad

382 989 630 1048 domum
670 1003 869 1066 suam,
909 989 974 1063 (f.
996 990 1139 1064 692)
1180 1001 1283 1049 aut
1325 989 1535 1049 virtute
1572 988 1807 1066 spiritus
1844 987 2134 1067 applicat,
2173 988 2245 1048 iis
2288 1005 2468 1047 omne
2487 985 2750 1048 officium
2775 985 3002 1062 pietatis
3023 989 3078 1046 &
3099 987 3303 1046 huma·

52 1111 63 1154 ¹
380 1067 575 1128 nitatis
612 1086 719 1144 per
757 1066 1105 1128 charitatem
1142 1066 1527 1147 ἀνυπόκριτον
1568 1080 1863 1145 praestent
1902 1068 1964 1128 in
2011 1067 2290 1128 Domino.
2335 1069 2488 1128 Nam
2527 1084 2850 1127 commune
2886 1068 3005 1126 hoc
3041 1065 3304 1126 officium

53 1193 63 1232 ξ
380 1159 469 1206 est
508 1147 787 1208 omnibus
826 1145 1207 1224 imperatum,
1248 1160 1311 1207 vt
1350 1148 1627 1208 omnibus
1668 1149 2136 1208 benefaciamus:
2179 1149 2286 1208 sed
2328 1147 2466 1207 cum
2506 1146 2582 1206 de
2619 1146 2724 1207 ino
2757 1164 3006 1206 numero
3041 1145 3306 1206 omnium

52 1273 63 1316 1
382 1227 625 1304 propius
661 1225 1057 1304 adiungantur
1094 1225 1267 1287 nobis
1306 1226 1408 1304 qui
1444 1238 1733 1287 vocantur
1773 1230 1959 1288 verbo
2001 1232 2167 1304 (nam
2209 1226 2354 1287 mihi
2393 1224 2762 1287 Christianus
2801 1238 2891 1285 est
2911 1227 3088 1302 quam
3111 1227 3309 1285 Turca

52 1354 61 1398 ε
384 1305 795 1384 propinquior)
834 1305 1101 1381 proxime
1140 1317 1339 1366 autem
1382 1306 1485 1383 qui
1528 1305 1745 1368 vnitate
1782 1307 2020 1399 spiritus
2039 1307 2417 1368 continentur
2449 1305 2759 1366 nobiscum
2793 1304 2856 1364 in
2881 1304 3148 1364 Ecclesia
3165 1304 3308 1364 Dei:

52 1435 61 1482 Ι
384 1403 495 1446 nos
550 1385 639 1445 his
678 1384 929 1446 maxime
970 1385 1237 1446 omnium
1252 1430 1271 1461 ,
1312 1387 1471 1446 velut
1510 1385 1855 1447 domesticis
1894 1386 2067 1461 fidei,
2109 1396 2348 1464 oportet
2380 1387 2748 1446 benefacere.
2809 1386 2988 1445 Nulla
3033 1383 3276 1444 materia
3292 1430 3311 1463 ,

52 1501 63 1560 ᾗ
384 1465 529 1524 dum
582 1465 641 1524 in
696 1464 794 1524 via
840 1481 1043 1525 sumus
1060 1508 1078 1542 ,
1136 1465 1485 1542 negligenda
1525 1470 1686 1543 (nam
1724 1465 1859 1544 quis
1896 1467 2066 1529 nouit
2107 1484 2232 1543 quo
2269 1475 2464 1526 vtatur
2501 1467 2664 1526 Deus
2682 1462 2730 1540 ἓ)
2767 1465 2874 1526 sed
2917 1467 3066 1525 haec
3107 1475 3306 1526 tamen

52 1581 61 1640 ι
384 1543 467 1604 illi
504 1543 921 1621 anteponenda
960 1559 1081 1620 est,
1124 1559 1300 1622 prout
1340 1546 1530 1607 verbo
1570 1547 1627 1606 δι
1666 1563 1851 1625 opere
1892 1549 2265 1608 demonstrat
2305 1547 2489 1606 Demi.
2528 1547 2727 1621 Atque
2763 1546 2912 1605 haec
2953 1545 3030 1604 de
3059 1543 3302 1604 materia

384 1624 461 1683 ad
503 1625 753 1683 domum
794 1625 909 1684 Dei
948 1624 1277 1701 pertinente
1318 1625 1475 1685 satis.

52 1679 65 1736 ¹
464 1705 681 1763 Forma
708 1713 907 1764 autem
940 1703 1261 1764 essentialis
1288 1705 1460 1764 huius
1496 1704 1711 1766 domus
1740 1703 1801 1765 in
1836 1705 2148 1778 relatione,
2185 1706 2249 1766 id
2273 1714 2394 1782 est,
2435 1703 2808 1766 ordinatione
2829 1707 2884 1764 &
2905 1701 3298 1780 applicatione

52 1761 61 1808 ⁸
388 1783 466 1842 ad
506 1782 699 1859 ipsum
740 1783 933 1859 posita
968 1793 1093 1844 est:
1136 1783 1302 1843 cuius
1330 1798 1601 1862 respectu
1634 1785 1851 1845 domus
1880 1787 2140 1844 lehouac
2175 1785 2520 1862 appellatur.
2579 1785 2734 1844 Nam
2775 1796 2837 1842 vt
2867 1799 3084 1859 corpus
3121 1799 3300 1842 vnum

52 1843 63 1884 ¹
388 1881 462 1921 ex
502 1862 781 1922 omnibus
821 1863 1155 1923 hominibus
1196 1863 1585 1924 constituatur
1604 1909 1623 1942 ,
1679 1877 1859 1943 prout
1908 1865 2108 1942 specie
2148 1885 2357 1925 omnes
2409 1881 2610 1924 sumus
2653 1879 2872 1924 vnum:
2937 1881 3057 1922 non
3101 1873 3300 1923 tamen

52 1921 63 1964 ¹
267 1987 288 2002 .
396 1941 681 2002 continue
734 1959 937 2004 sumus
984 1943 1201 2003 domus
1240 1961 1355 2002 vna
1395 1946 1669 2004 leaenae.
1732 1945 1850 2004 Sed
1904 1945 2020 2004 alia
2061 1944 2356 2022 quaedam
2408 1945 2600 2004 forma
2639 1945 2716 2003 ab
2756 1945 2942 2002 altero
2981 1941 3310 2020 principio,

52 2001 61 2046 ¹
390 2025 573 2098 quam
626 2025 665 2081 a
704 2033 913 2082 natura
951 2033 1073 2099 est,
1136 2024 1465 2084 secundum
1504 2041 1685 2100 quarn
1724 2042 1798 2084 ex
1840 2025 1955 2084 hac
1999 2025 2306 2084 communi
2345 2022 2584 2082 materia
2623 2025 2719 2082 vel
2753 2039 3006 2100 corpore
3029 2065 3047 2099 ,
3087 2020 3150 2080 id
3189 2033 3310 2100 est,

52 2082 63 2128 ¹
394 2122 467 2160 ex
528 2099 725 2178 specie
785 2101 1031 2161 humani
1080 2102 1313 2180 generis
1364 2105 1579 2162 domus
1628 2105 1886 2164 [cleonae
1924 2104 2256 2164 conficitur.
2318 2104 2543 2163 Notum
2585 2113 2676 2162 est
2715 2113 2910 2160 autem
2951 2100 3013 2160 in
3053 2099 3274 2162 scholis
3293 2146 3310 2177 ,

394 2179 773 2258 relationem,
836 2197 1012 2258 quam
1056 2193 1307 2257 vocant,
1366 2185 1621 2242 sormam
1676 2199 1806 2243 esse
1858 2201 2062 2243 earum
2112 2201 2310 2244 rerum
2359 2199 2512 2260 quae
2555 2183 2635 2242 ad
2673 2181 2896 2260 aliquid
2935 2182 3304 2242 referuntur:

388 2279 461 2320 ac
505 2258 756 2336 proinde
812 2261 959 2320 citra
1010 2261 1357 2321 relationem
1414 2281 1485 2322 ea
1538 2280 1691 2340 quae
1731 2261 1927 2340 reipsa
1965 2265 2149 2322 relata
2187 2272 2354 2339 sunt,
2415 2262 2478 2321 id
2518 2261 2709 2339 ipsum
2751 2260 2916 2338 quod
2955 2271 3118 2336 sunt,
3179 2280 3303 2322 non

388 2357 563 2416 posse
602 2359 747 2399 esse.
811 2339 1185 2402 Relationem
1224 2353 1419 2401 autem
1434 2387 1451 2412 ,
1492 2342 1819 2402 secundum
1855 2341 2036 2418 quam
2073 2344 2222 2402 haec
2263 2342 2480 2402 domus
2513 2361 2586 2402 ex
2625 2341 2915 2419 lapidibus
2949 2337 3098 2401 viuis
3131 2357 3305 2432 coag-

388 2429 645 2481 mentata
686 2437 885 2479 veram
926 2439 1093 2481 suam
1133 2422 1387 2481 formam
1425 2425 1481 2483 δι
1521 2419 1893 2483 essentialem
1912 2421 2144 2483 obtinet
2159 2468 2176 2500 ,
2199 2421 2566 2483 demonstrat
2585 2440 2808 2481 nomen
2827 2422 3083 2481 lehouae
3103 2435 3126 2478 .·
3161 2440 3302 2497 quia

393 2499 663 2559 Ecclesia
706 2500 919 2560 domus
958 2500 1212 2560 Ielzouae
1250 2503 1608 2579 appellatur.
1648 2514 1931 2578 tanquam
1973 2502 2202 2562 domini
2241 2503 2358 2577 sui:
2397 2504 2453 2562 ἃ
2487 2500 2744 2562 vicissim
2786 2500 3078 2561 Dominus
3095 2546 3113 2578 ,
3133 2501 3305 2561 huius

384 2579 599 2639 domus
613 2624 632 2655 ,
670 2596 851 2655 quarn
892 2579 1219 2640 Ecclesiam
1260 2598 1541 2643 vocamus
1560 2626 1577 2657 ,
1620 2582 1917 2642 dominus.
1981 2582 2090 2643 Est
2128 2594 2328 2643 autem
2361 2581 2684 2643 essentialis
2717 2583 2940 2657 forma,
2979 2598 3086 2657 per
3121 2598 3300 2659 quam

389 2676 483 2719 res
522 2670 611 2719 est
650 2670 826 2735 atque
864 2670 1160 2736 operatur.
1239 2662 1423 2738 Quod
1462 2661 1511 2721 si
1552 2680 1645 2721 res
1686 2662 1931 2723 relatiua
1970 2673 2060 2722 est
2079 2707 2098 2739 ,
2159 2661 2285 2723 eius
2324 2664 2520 2722 forma
2559 2660 2881 2722 essentialis
2921 2678 3107 2737 vsque
3144 2660 3300 2722 adee

388 2736 448 2797 in
489 2748 759 2815 respectu
797 2738 1033 2799 alterius
1070 2743 1129 2800 ὅτ
1168 2740 1453 2803 relatione
1490 2740 1683 2818 posita
1720 2752 1839 2819 est,
1882 2751 1947 2801 vt
1979 2741 2128 2802 citra
2161 2741 2328 2801 illurn
2369 2752 2702 2819 respectum
2737 2757 2852 2801 nec
2885 2740 2989 2818 sit,
3029 2756 3143 2799 nec
3161 2750 3301 2819 agat

386 2816 725 2895 quicquam.
784 2815 882 2878 Sic
921 2819 1187 2879 Ecclesia
1202 2865 1221 2897 ,
1262 2820 1545 2899 quioquid
1582 2830 1701 2895 est,
1742 2820 2030 2899 quicquid
2069 2820 2192 2901 agit
2233 2820 2353 2899 qua
2393 2820 2662 2882 Ecclesia
2699 2832 2788 2881 est
2805 2864 2820 2893 ‚
2872 2819 2935 2879 id
2978 2830 3172 2881 totum
3210 2832 3300 2880 est

388 2898 442 2955 δι
484 2898 605 2975 agit
642 2897 703 2957 in
742 2897 1039 2959 Domino:
1077 2902 1134 2960 &
1166 2901 1371 2961 relatio
1402 2900 1527 2961 eius
1562 2901 1643 2961 ad
1676 2902 2034 2976 Dominum,
2075 2900 2402 2962 certissima
2431 2904 2486 2961 &
2521 2900 2696 2961 vnica
2727 2901 2921 2959 forma
2947 2898 3074 2959 eius
3105 2918 3298 2959 essen-

52 2970 57 3043 !
389 2974 539 3036 tialis
578 2989 683 3037 est.
760 2978 1043 3037 Formam
1092 2990 1289 3039 autem
1342 2978 1481 3040 dico
1522 2980 1661 3039 inde
1700 2984 1739 3041 a
1779 2979 2070 3058 principio
2092 3026 2110 3057 ,
2171 2983 2230 3040 &
2269 2981 2598 3041 secundum
2639 2998 2806 3053 esse,
2869 2981 2926 3040 δι
2971 2980 3299 3039 secundum

52 3050 59 3093 ¹
388 3056 709 3132 potentiam
725 3102 741 3134 ,
782 3060 837 3117 δι
876 3059 1201 3119 secundum
1240 3060 1505 3120 actiones
1545 3060 2039 3138 operationesque
2081 3060 2296 3137 ipsius,
2335 3063 2392 3121 δι
2435 3059 2765 3121 secundum
2801 3061 3014 3119 finem:
3055 3060 3194 3137 quia
3227 3078 3300 3119 ex

52 3132 57 3173 f
388 3154 492 3207 eo,
530 3137 587 3196 δι
626 3154 729 3214 per
770 3155 907 3197 eum
946 3139 1003 3197 &
1042 3137 1101 3197 in
1140 3157 1279 3199 eum
1318 3152 1455 3199 sunt
1493 3139 1729 3200 omnia:
1770 3140 1887 3201 Cui
1924 3140 2000 3200 sit
2037 3138 2225 3218 gloria
2263 3140 2324 3199 in
2365 3142 2586 3202 secula.
2629 3140 2811 3201 Rom.
2839 3158 2928 3199 11.
2964 3141 3062 3215 36.

52 3216 57 3253 ⁵
469 3216 705 3277 Etenim
756 3218 919 3277 Deus
970 3218 1131 3279 solus
1180 3221 1375 3279 solum
1418 3231 1504 3279 est
1557 3218 1909 3297 principium
1960 3222 2404 3297 supernaturale
2457 3218 2711 3297 gratiae,
2776 3220 2964 3293 DeuS,
3025 3218 3300 3295 inquam,

393 3295 562 3355 Pater
602 3295 663 3355 in
701 3296 939 3357 Christo
976 3298 1111 3358 Iesu
1150 3316 1257 3375 per
1296 3298 1897 3359 communicationem
1938 3298 2206 3377 Spiritus.
2283 3300 2668 3377 Quapropter
2709 3311 2835 3358 tum
2873 3298 2952 3358 ab
2992 3316 3068 3358 eo
3105 3297 3300 3358 omnis

391 3376 669 3452 cognatio
704 3374 916 3435 dicitur
956 3376 1247 3437 nominari
1286 3376 1347 3437 in
1387 3380 1554 3439 caelo
1595 3379 1651 3437 δι
1688 3378 1875 3451 terra,
1916 3388 2043 3439 tum
2077 3382 2218 3439 vero
2239 3379 2510 3438 Ecclesia
2528 3381 2586 3439 δι
2607 3377 2840 3456 singula
2861 3378 3012 3438 illius
3032 3379 3302 3437 membra

391 3454 662 3515 dicuntur
696 3473 823 3515 esse
862 3454 1105 3535 Christi,
1144 3460 1201 3518 ὅτ
1240 3458 1506 3518 Christus
1544 3458 1675 3519 Dei.
1719 3458 1937 3535 EpheS.
1978 3478 2037 3537 3.
2087 3474 2178 3536 15.
2229 3460 2442 3519 1.Cor.
2485 3478 2543 3535 3.
2589 3478 2686 3517 22.
2743 3462 2945 3534 Atque
2987 3456 3084 3517 hic
3125 3458 3298 3517 etiam

388 3535 555 3595 locus
590 3540 667 3596 eo
706 3533 957 3611 pertinet
995 3540 1195 3613 (prout
1231 3550 1641 3616 argumentum
1682 3538 1863 3598 docet
1900 3538 2200 3616 Apostoli)
2241 3551 2306 3598 vt
2345 3538 2744 3617 intelligamus
2776 3540 2936 3597 hunc
2969 3546 3298 3615 respectum

52 3618 57 3687 l
390 3614 513 3673 siue
552 3614 937 3693 relationem,
974 3617 1055 3675 ad
1094 3616 1407 3677 essentiam
1448 3628 1635 3677 totam
1675 3617 2008 3693 Ecclesiae,
2051 3619 2172 3677 hoc
2209 3630 2327 3694 est,
2367 3636 2490 3678 non
2511 3618 2592 3678 ad
2611 3616 3060 3694 generationem
3081 3616 3300 3691 solum,

53 3728 55 3733 ·
390 3696 595 3754 verum
650 3693 827 3754 etiam
878 3697 957 3755 ad
1007 3694 1487 3757 constitutionem
1542 3697 1667 3758 eius
1716 3698 1994 3774 protendi
2048 3709 2365 3775 oportere:
2426 3698 2566 3779 quia
2609 3706 2678 3757 vt
2699 3698 2794 3757 ab
2833 3715 2909 3757 eo
2925 3740 2945 3775 ,
3003 3695 3090 3755 sic
3125 3695 3184 3755 in
3223 3714 3300 3756 eo

390 3773 648 3835 subsistit
688 3774 991 3835 Ecclesia:
1032 3774 1155 3837 ime
1194 3778 1373 3854 longe
1414 3778 1633 3837 firmins
1673 3796 1747 3837 ac
1785 3777 2096 3855 gloriosius
2136 3777 2198 3837 in
2239 3796 2314 3837 eo
2333 3777 2628 3855 subsistit,
2647 3777 2754 3857 qui
2773 3778 2938 3837 solus
2957 3775 3300 3835 immortalis

396 3866 483 3913 est
520 3856 575 3914 ἅτ
618 3852 877 3914 subsistit
916 3873 1022 3931 per
1060 3874 1155 3929 se,
1216 3859 1396 3933 quam
1436 3856 1593 3917 aliud
1632 3855 1972 3933 quicquam.
2055 3856 2216 3932 Quin
2257 3856 2432 3917 etiam
2471 3860 2611 3919 cum
2653 3856 2824 3918 omni
2861 3854 3150 3917 essentiae
3191 3872 3298 3915 sua

396 3933 469 3993 sit
514 3936 551 3992 a
599 3945 807 3994 natura
856 3933 1157 3995 inclinatio
1210 3938 1265 3995 δι
1319 3935 1619 4013 operatio,
1681 3935 1867 4013 gratia
1906 3941 2048 3997 vere
2087 3947 2355 3997 naturam
2397 3948 2630 3998 anteeat
2671 3937 2938 3997 numeris
2976 3935 3297 4011 omnibus:

397 4032 471 4073 ex
508 4032 583 4075 eo
620 4032 859 4091 quoque
896 4014 1041 4075 illud
1078 4016 1484 4095 consequitur,
1522 4016 1691 4094 qued
1723 4034 1968 4077 ornnem
2001 4032 2166 4076 suam
2201 4017 2530 4095 potentiam
2549 4016 2828 4082 Ecclesia
2857 4022 2894 4077 a
2916 4018 3048 4076 Deo
3069 4012 3298 4153 obtingt

3005 4106 3224 4175 gratios
3281 4114 3299 4175 3
