3923 4875
1394 357 1718 400 ‘russas
1783 354 2433 400 τιιιιοιοσιοιιιι..
3256 355 3367 414 229

445 523 642 582 forma
681 519 866 580 libera
903 529 992 579 est
1031 520 1291 596 (respicit
1334 519 1494 580 enim
1535 519 1723 598 magis
1763 521 1985 580 orantis
2024 519 2313 597 animum,
2356 523 2535 598 quam
2556 521 2875 580 verborum
2900 519 3237 593 numerum)
3260 515 3367 578 sed

445 602 773 662 substantia
811 617 948 660 cum
989 600 1088 659 illa
1127 601 1410 662 orationis
1451 603 1704 661 formula
1743 599 2124 661 conueniens.

535 701 626 754 14.
704 682 936 740 Inter&
981 681 1316 740 Adorantes
1357 691 1595 757 oportet
1633 680 1917 742 adhibere
1955 690 2157 758 gestus
2200 680 2505 739 modestos
2546 679 2600 738 δι
2643 677 3041 770 compositOS‚
3084 688 3367 754 tanquam

443 762 506 821 in
565 772 888 836 conspectu
953 759 1227 819 Domini·
1263 779 1386 822 non
1423 771 1622 821 autem
1661 760 1934 821 insolitos
1981 761 2037 820 &
2076 758 2547 850 superstitiosos,
2587 759 2761 836 quale
2800 757 2981 818 hodie
3022 757 3207 818 ferme
3248 768 3369 832 est,

445 841 613 918 quod
651 840 922 918 expansis
965 841 1218 900 brachiis
1262 853 1464 916 orant,
1507 853 1608 901 aut
1645 839 1840 901 cilicio
1883 840 2168 914 inuoluti,
2211 840 2397 900 cereis
2438 837 2750 916 abhibitis,
2799 838 2859 898 in
2903 850 3119 898 terram
3163 855 3365 896 coram

445 920 802 998 imaginibus
842 921 1271 998 procumbunt,
1315 933 1498 981 ιιοειιι
1541 921 1718 981 certis
1759 921 1957 988 horis,
2016 931 2182 980 certo
2226 921 2399 996 loce,
2440 931 2634 979 certus
2674 936 2917 996 precum
2958 919 3026 976 fit
3065 933 3371 992 numerus,

448 1019 606 1078 quae
643 999 846 1060 omnia
885 1001 1284 1076 superstitiosa
1321 1013 1456 1062 sunt
1495 1005 1552 1062 δι
1595 1001 1888 1062 cauenda.
1933 999 2096 1062 Hinc
2138 1001 2463 1078 Apostolus
2509 1009 2743 1074 monet,
2788 1009 2851 1058 vt
2891 997 3000 1056 viri
3037 1007 3243 1074 aperto
3274 1017 3368 1058 ca-

444 1080 568 1158 pite
607 1092 810 1152 orent,
853 1079 1126 1140 mulieres
1169 1086 1311 1141 vero
1356 1088 1537 1141 tecto,
1589 1103 1634 1140 1.
1681 1081 1817 1142 Cor.
1875 1102 1900 1139 1
1916 1102 1965 1140 1.
2009 1084 2209 1158 Atque
2250 1083 2405 1140 hanc
2436 1045 2922 1158 significationem
2944 1077 3169 1155 optime
3184 1077 3371 1138 dictat

447 1160 698 1238 Spiritus
735 1159 860 1238 ipse
903 1162 1182 1233 Sanctu3‚
1222 1162 1322 1238 qui
1363 1161 1425 1220 in
1465 1160 1579 1222 Piis
1623 1163 1837 1222 format
1880 1165 1937 1222 8z
1984 1163 2192 1239 verba,
2234 1163 2289 1222 δι
2332 1171 2557 1238 motus,
2605 1163 2661 1220 δι
2698 1170 2895 1238 gestus
2936 1168 3358 1236 competentes

1111 1578 1238 1636 XL.
1301 1578 1432 1636 DE
1493 1577 1848 1638 CVLTV
1906 1575 2737 1639 INVOCATIONIS.

1689 1781 2019 1838 Tussis
2080 1781 2129 1838 1.

532 1954 720 2014 Οιυιι
721 1971 786 2013 ιο
846 1971 950 2014 seu
999 1956 1310 2016 Inuocatio
1365 1965 1454 2016 est
1492 1957 1647 2017 actio
1685 1973 1858 2016 sacra
1893 1973 2001 2016 seu
2040 1953 2273 2016 diuinus
2306 1957 2531 2048 cultus,
2572 1974 2751 2050 quem
2794 1953 2890 2034 pia
2934 1969 3128 2017 mente
3164 1959 3221 2017 δι
3262 1959 3373 2016 fer-

453 2045 632 2095 uente
661 2034 863 2094 animo
904 2033 1248 2096 exhibemus
1291 2038 1426 2096 Deo
1467 2037 1528 2096 in
1569 2035 1808 2097 Christo
1853 2039 1983 2096 Iesu
2024 2054 2129 2113 per
2170 2035 2479 2114 Spiritum,
2502 2039 2717 2130 gratias
2737 2049 2978 2114 agentes
3008 2038 3085 2097 de
3114 2037 3375 2115 acceptis

459 2115 688 2191 bene(f.
737 2133 906 2189 1700.
909 2115 1107 2192 )ficiis,
1149 2116 1205 2175 &
1233 2117 1312 2177 de
1352 2116 1715 2196 accipiendis
1756 2116 2173 2194 imploranteS,
2215 2116 2292 2176 ad
2326 2118 2575 2195 gloriam
2598 2115 2721 2178 eius
2743 2121 2795 2176 δε
2818 2129 3085 2177 nostrum
3108 2118 3371 2194 ipsorum

457 2196 708 2254 bonum.

535 2291 592 2333 2.
674 2274 995 2334 Actionem
1031 2293 1260 2336 sacram
1300 2276 1698 2370 appellamus,
1741 2295 1846 2336 seu
1884 2275 2155 2338 diuinum
2198 2277 2450 2356 cultum,
2492 2278 2629 2355 quia
2669 2277 2893 2354 species
2932 2287 3022 2337 est
3050 2275 3234 2336 diuini
3255 2280 3375 2337 cul·

464 2365 600 2422 tus..
662 2356 719 2414 δι
779 2353 1023 2424 Quidem
1065 2355 1236 2418 facile
1275 2355 1603 2434 principem
1645 2359 1846 2416 locum
1887 2355 1948 2415 in
1992 2355 2105 2417 isto
2135 2377 2355 2434 genere
2390 2357 2702 2418 obtinens.
2744 2357 2896 2417 adeo
2937 2368 2999 2416 vt
3040 2358 3377 2435 frequenter

451 2435 550 2493 dod
605 2437 958 2510 συνεκδοχῆς
996 2446 1156 2497 totus
1196 2435 1431 2498 diuinus
1471 2439 1662 2497 cultus
1690 2435 1931 2497 nomine
1974 2437 2367 2500 inuocationis
2408 2437 2739 2501 denotetur.

535 2532 594 2589 3.
681 2514 880 2574 Posito
925 2527 1122 2577 autem
1164 2536 1380 2596 genere
1423 2516 1609 2577 diuini
1650 2520 1868 2595 cultus,
1907 2517 2086 2578 etiam
2129 2520 2472 2595 differentia
2512 2518 2843 2579 secundum
2882 2534 3088 2579 causas
3128 2518 3369 2578 adhibe-

457 2604 550 2653 tur
595 2592 672 2651 ad
715 2592 924 2657 iustam
968 2596 1372 2658 definitionem
1414 2596 1585 2658 illius.

534 2691 588 2744 4.
677 2670 872 2734 Causa
911 2675 1170 2753 efficiens
1211 2689 1298 2739 est
1338 2678 1435 2757 pia
1473 2696 1641 2738 mens
1679 2679 1735 2737 δι
1777 2680 2011 2738 feruens
2052 2676 2312 2756 animus,
2358 2677 2421 2737 id
2463 2686 2579 2755 est,
2620 2675 3003 2756 intelligentia
3056 2677 3153 2755 pie
3194 2677 3375 2737 insor-

455 2765 644 2829 mata5
701 2754 758 2811 δι
815 2757 1090 2816 voluntas
1146 2761 1278 2819 zelo
1335 2760 1599 2819 feruente
1660 2769 1966 2818 commota
2006 2758 2081 2818 ad
2122 2723 2340 2819 iustum
2399 2759 2558 2818 hunc
2598 2760 2824 2818 cultum
2878 2757 3151 2836 religiose
3190 2768 3379 2835 atque

457 2830 720 2911 legitime
761 2834 814 2893 ei
857 2835 933 2893 ad
975 2853 1150 2914 quem
1195 2838 1445 2931 pertinet
1483 2836 1913 2898 adhibendum.

534 2934 588 2991 5.
673 2916 930 2974 Materia
965 2916 1251 2977 orationis
1291 2936 1364 2977 ex
1403 2916 1714 2993 speciebus
1754 2917 1878 2977 eius
1917 2918 2325 3010 cognoscitur.
2366 2937 2504 2979 nam
2544 2929 2645 2979 aut
2685 2928 2773 2979 est
2827 2918 3149 2996 gratiarum
3186 2917 3345 2977 actio
3361 2962 3379 2995 ‚

452 2996 528 3053 de
589 2994 846 3070 acceptis
891 2996 1220 3073 beneficiis,
1265 3006 1364 3057 aut
1401 2996 1606 3075 petitio
1647 3014 1843 3057 rerum
1882 2997 1960 3056 ad
2000 2996 2251 3075 gloriam
2294 2997 2473 3075 ipsius
2513 3002 2569 3059 δι
2610 3001 2835 3058 bonum
2877 3008 3147 3059 nostrum
3196 2996 3371 3075 perti-

451 3076 734 3134 nentium.
779 3074 927 3133 Sunt
969 3074 1144 3153 igitur
1187 3077 1475 3139 beneficia
1513 3078 1628 3137 Dei
1669 3078 1912 3137 materia
1953 3077 2239 3139 orationis
2282 3088 2536 3139 nostrae.

528 3158 584 3215 6.
667 3156 892 3213 Forma
931 3168 1019 3215 est
1060 3158 1216 3218 actio
1254 3156 1528 3237 religiose
1581 3160 1636 3217 δι
1675 3156 1936 3235 legitime
1976 3156 2243 3217 instituta
2284 3159 2482 3237 specie
2524 3158 2738 3237 ipsiuS,
2778 3162 2833 3218 δι
2872 3158 3022 3236 fine,
3043 3159 3099 3217 δι
3120 3158 3367 3217 circum-

452 3234 697 3295 stantiis.

533 3336 587 3405 ⁷.·
669 3314 1010 3375 Secundum
1051 3316 1312 3395 speciem
1363 3316 1638 3395 religiose
1679 3320 1735 3377 δι
1772 3316 2033 3395 legitime
2073 3316 2337 3379 insututa
2377 3329 2465 3379 est
2506 3318 2727 3389 oratiO‚
2770 3334 2925 3395 quae
2954 3320 2991 3377 a
3020 3316 3175 3377 iusto
3216 3317 3371 3395 prin-

447 3393 606 3471 cipio
647 3397 830 3453 fertur
868 3395 947 3453 ad
991 3394 1207 3457 iustum
1249 3398 1552 3457 obiectum
1593 3396 1794 3474 ipsius.
1835 3398 1941 3456 Est
1984 3406 2184 3458 autem
2225 3396 2585 3477 principium
2628 3396 2752 3457 eius
2794 3400 2958 3459 Iesus
2979 3396 3249 3458 Christus
3272 3416 3375 3475 per

453 3474 734 3553 Spiritum
774 3473 836 3532 in
877 3474 1050 3535 nobis
1085 3476 1385 3537 habitans:
1426 3476 1728 3538 obiectum
1765 3477 2037 3551 Vnicum,
2079 3479 2263 3539 Deus,

533 3560 590 3616 8.
673 3554 847 3613 Finis
901 3556 1230 3616 secundum
1289 3576 1468 3633 quem
1535 3556 1804 3635 religiose
1867 3555 2250 3635 legitimeque
2292 3556 2611 3619 instituitur
2653 3556 2845 3618 oratio
2887 3568 3003 3633 est,
3044 3558 3092 3617 si
3133 3573 3377 3617 oramus

453 3636 648 3695 Deum
692 3643 942 3723 propter
981 3635 1231 3727 gloriam
1275 3636 1487 3714 ipsius,
1527 3639 1584 3697 δι
1625 3639 1852 3698 bonum
1893 3656 2215 3698 commune
2256 3648 2434 3717 atque
2475 3638 2767 3716 singulare
2810 3648 3100 3698 nostrum.
3144 3640 3234 3697 De
3276 3637 3383 3697 cir·

455 3710 851 3787 cummunis,
896 3716 1036 3790 quia
1077 3734 1198 3776 non
1241 3728 1378 3777 sunt
1417 3717 1493 3777 de
1527 3726 1738 3777 natura
1779 3717 1896 3794 rei,
1951 3716 2096 3777 alibi
2136 3718 2353 3779 dicturi
2388 3734 2607 3778 sumus.

531 3816 588 3871 9.
671 3797 765 3853 Ac
805 3797 1018 3871 spectes
1057 3796 1300 3873 quidem
1341 3798 1479 3857 illae
1521 3806 1656 3857 sunt
1696 3796 1878 3871 duae,
1919 3815 2069 3873 quas
2109 3802 2245 3859 ante
2286 3797 2571 3859 diximus:
2616 3798 2721 3857 sed
2761 3816 2965 3857 earum
3008 3796 3136 3873 vni,
3172 3796 3235 3857 id
3258 3806 3373 3873 est,

448 3872 770 3965 gratiarum
811 3872 1032 3934 actioni
1074 3875 1222 3937 ratio
1263 3876 1516 3955 simplex
1556 3889 1646 3937 est
1686 3881 1741 3937 δι
1779 3876 1981 3937 vnica:
2026 3876 2330 3955 petitionis
2380 3881 2523 3938 vero
2537 3922 2557 3957 ,
2597 3895 2709 3955 pro
2766 3876 3015 3937 diuersis
3058 3876 3242 3955 ipsius
3282 3896 3369 3935 ar·

455 3952 780 4032 gumentis,
819 3954 971 4013 ratio
1011 3954 1246 4016 diuersa
1283 3968 1391 4018 est.

537 4054 626 4093 10.
707 4036 856 4092 Tres
897 4044 1094 4095 autem
1132 4035 1358 4113 species
1396 4040 1434 4095 ὲ.
1473 4038 1656 4096 Paulo
1697 4044 2117 4101 numerantur
2164 4040 2494 4117 προσευχὴ,
2535 4039 2771 4114 dique,
2810 4039 2866 4097 &
2910 4039 3211 4113 ἔντευξις,
3232 4054 3387 4115 quae

449 4112 690 4191 proprie
725 4111 968 4190 quidem
1011 4114 1163 4175 inter
1203 4136 1268 4177 se
1309 4116 1620 4177 distinctae
1657 4127 1820 4193 sunt,
1860 4116 1969 4177 sed
2010 4102 2255 4194 figurate
2298 4136 2475 4194 saepe
2516 4134 2653 4176 cum
2694 4132 2805 4176 suo
2838 4133 3057 4194 genere
3100 4134 3371 4177 commu·

449 4204 679 4271 tantur,
722 4196 779 4253 δι
841 4212 954 4285 pro
993 4214 1070 4254 eo
1111 4206 1482 4273 vsurpantur.

540 4293 563 4332 1
581 4294 628 4332 1.
715 4276 818 4333 Est
861 4274 1018 4333 enim
1049 4276 1290 4353 proprie
1331 4280 1658 4354 προσευχὴ,
1681 4292 1866 4353 quum
1884 4294 2225 4335 successum
2248 4292 2443 4335 rerum
2466 4287 2801 4335 nostrarum
2824 4292 3173 4353 prosperum
3198 4294 3377 4352 exop-

457 4364 652 4413 tamus
691 4357 728 4412 ἐι
771 4352 1062 4415 Domino:
1105 4358 1340 4433 δὲησις,
1381 4372 1566 4433 quum
1609 4356 1764 4415 mala
1783 4354 2115 4433 praesentia
2135 4363 2235 4416 aut
2254 4353 2657 4433 impendentia
2676 4357 3094 4433 deprecamur:
3118 4358 3378 4495 gnavius

3159 4452 3375 4513 emque
