3923 4875
651 240 727 312 46
1629 252 1733 295 1111
1789 252 2017 295 vana
2077 248 2603 295 rnnotocu.

659 413 932 475 stantiam
970 412 1338 492 Theologiae
1378 412 1619 473 minime
1657 413 1971 491 pertinent.
2030 415 2137 474 Est
2176 411 2336 473 enim
2372 410 2734 490 Theologia‚
2770 420 2837 471 vt
2874 410 3112 471 scientia
3131 410 3353 490 omnis,
3374 429 3576 473 rerum

661 492 1095 573 communium,
1134 493 1250 554 Dei
1289 502 1487 553 autem
1527 510 1724 554 sermo
1763 493 1826 554 in
1863 495 2041 556 rebus
2080 492 2256 553 etiam
2294 491 2738 570 particularibus
2773 508 2899 552 non
2938 509 3073 552 raro
3114 500 3459 569 occupatur.

735 575 832 633 De
889 574 1004 633 hac
1055 573 1230 653 igitur
1268 574 1628 653 Theologia,
1667 574 1858 652 prima
1895 575 2048 635 haec
2086 572 2352 651 quaestio
2388 570 2621 633 videtur
2658 570 2835 631 nobis
2872 570 3241 649 expedienda
3276 590 3431 647 esse,
3470 572 3573 632 An

654 654 850 731 aliqua
889 654 962 713 sit
998 673 1070 714 ea
1109 670 1262 731 quae
1300 652 1634 732 Theologia
1670 656 1708 713 a
1733 654 1907 715 nobis
1937 654 2119 731 vulgo
2150 652 2507 713 nominatur.
2539 669 2680 711 nam
2706 667 2845 711 cum
2864 668 3073 711 eorum
3092 668 3245 728 quae
3261 652 3571 711 nominan-

653 746 749 795 tur
787 752 1062 795 sermone
1099 742 1340 811 nostr0,
1391 733 1505 794 alia
1543 732 1689 813 sint,
1729 736 1786 795 81
1824 734 1938 795 alia
1976 752 2099 794 non
2138 733 2253 793 sint
2292 732 2355 791 in
2392 734 2617 792 Natura
2655 746 2885 810 rerum3
2924 730 3037 791 alia
3074 730 3207 793 sciri
3246 731 3471 809 possint
3510 735 3569 792 ὅτ

651 814 766 875 alia
819 831 947 874 non
1006 814 1259 892 possint3
1319 814 1530 873 frustra
1587 814 1666 873 de
1724 833 1798 874 ea
1856 833 1920 875 re
1972 815 2011 873 a
2048 812 2223 874 nobis
2264 820 2560 889 ageretur,
2600 829 2753 887 quae
2790 829 2906 870 nec
2946 819 3115 871 esset-
3138 810 3297 890 ipsa,
3336 830 3449 871 nec
3488 812 3568 871 ab

650 894 893 954 homine
933 894 1067 954 sciri
1107 904 1328 972 posset.
1376 894 1548 954 Thes.
1594 913 1619 952 1
1635 913 1684 953 1.
1724 894 1877 953 Esse
1913 901 2102 953 autem
2148 892 2521 968 Theologiam
2558 892 2681 949 Res
2718 893 2881 969 ipsae
2897 892 2975 950 ὁ·
2993 910 3299 951 consensus
3318 894 3567 950 omnium

646 975 994 1051 populorum
1033 974 1266 1039 docent,-
1305 974 1427 1032 Res
1442 993 1465 1033 .·
1503 994 1639 1033 nam
1681 974 1759 1034 ὁ·
1795 975 1966 1033 Deus
2006 980 2116 1045 est,
2159 973 2236 1032 ὃν
2278 973 2422 1031 idem
2449 972 2809 1049 princzpium
2829 978 2917 1030 est
2930 971 3113 1029 omnis
3132 972 3270 1033 bons·
3284 972 3347 1031 in
3364 990 3565 1029 rerum

651 1054 936 1131 Natura,
997 1054 1074 1113 ὁ·
1131 1055 1418 1130 loquitur,
1479 1054 1557 1112 ὁ·
1619 1056 1751 1131 agit
1807 1061 1869 1115 vt
1905 1051 2076 1112 Deus
2089 1071 2111 1112 .·
2160 1051 2484 1111 Consensus
2492 1067 2520 1123 ;
2560 1070 2697 1110 nam
2737 1069 2929 1110 omnes
2968 1052 3053 1109 ita
3090 1069 3209 1111 esse
3248 1059 3574 1127 agnoscunt

653 1134 936 1193 Naturae
972 1134 1112 1193 luce.
1154 1133 1426 1196 Pluribus
1465 1131 1708 1210 quidem
1745 1132 2106 1211 argumentis
2144 1149 2339 1192 rerum
2354 1175 2374 1209 ,
2412 1130 2612 1207 eisque
2639 1128 3138 1207 luculentissimis,
3180 1130 3571 1191 demonstrari

652 1222 853 1291 posset
889 1212 1283 1289 Theologiam
1327 1212 1488 1275 illam
1518 1231 1644 1277 esse
1683 1232 1758 1273 ex
1797 1213 2069 1291 veritate,
2090 1212 2254 1271 cuius
2274 1210 2758 1289 significationem
2780 1210 2966 1270 modo
2988 1210 3570 1287 circumscripsimus,

655 1293 774 1353 Sed
828 1293 981 1353 haec
1039 1292 1162 1353 duo
1201 1294 1262 1355 in
1303 1294 1634 1374 praesentia
1671 1311 1846 1371 posse
1887 1291 2159 1353 videntur
2197 1290 2277 1351 ad
2316 1308 2653 1351 sermonem
2690 1290 3019 1350 institutum
3056 1289 3231 1353 nobis
3270 1290 3571 1371 sufficere3

649 1374 875 1449 reliqua
913 1373 974 1433 in
1019 1372 1178 1434 aliud
1215 1384 1450 1453 tempus
1489 1372 1560 1451 (si
1598 1374 1762 1433 Deus
1800 1374 1989 1448 volet)
2027 1370 2346 1433 reiecturiS.
2386 1371 2551 1431 Prius
2592 1371 2657 1445 (f.
2698 1388 2719 1429 1
2732 1373 2894 1449 375.)
2924 1380 3333 1448 argumentum
3356 1378 3445 1430 est
3469 1389 3570 1430 res

647 1457 827 1531 ipsae.
883 1453 922 1513 i.
988 1452 1320 1516 subiectum
1376 1452 1556 1531 ipsius
1615 1452 2013 1531 Theologiaez
2073 1450 2370 1513 Posterius
2428 1468 2735 1510 consensus
2776 1452 3133 1528 populorum
3196 1451 3445 1509 omnium
3458 1494 3478 1529 ,
3515 1453 3573 1511 &

649 1533 890 1595 scientia
945 1532 1239 1596 Naturalis
1297 1534 1449 1595 illius
1508 1532 1783 1611 subiecti,
1845 1541 2133 1609 quatenus
2172 1529 2320 1590 illud
2354 1530 2684 1591 subiectum
2722 1528 2785 1588 in
2824 1528 3223 1607 cognitionem
3261 1529 3573 1591 hominum

649 1612 851 1673 venire
890 1620 1104 1691 potest.
1145 1614 1288 1675 Non
1330 1624 1419 1673 est
1459 1622 1658 1673 autem
1701 1611 1975 1691 dubium,
2024 1611 2166 1689 quin
2206 1628 2415 1672 eorum
2455 1626 2607 1687 quae
2626 1619 2761 1669 sunt
2779 1610 3067 1670 habeatur
3086 1609 3280 1687 aliqua
3298 1608 3573 1669 scientia:

653 1697 708 1753 δι
769 1692 1026 1753 Scientia
1083 1710 1292 1753 eorum
1351 1694 1424 1753 sit
1481 1691 1543 1751 in
1581 1690 1650 1768 ijs
1692 1692 1795 1769 qui
1833 1691 2058 1769 sciunt,
2099 1708 2209 1769 pro
2249 1690 2437 1751 modo
2477 1692 2533 1751 &
2572 1698 2751 1767 captu
2787 1688 3073 1767 ipsorum.
3115 1688 3177 1749 Si
3216 1707 3283 1749 er
3322 1706 3361 1749 o
3402 1688 3571 1748 Deus

656 1780 772 1852 est,
836 1775 893 1833 &
950 1770 1140 1832 sciens
1199 1784 1320 1853 est,
1379 1774 1578 1833 Deum
1642 1780 1804 1833 certe
1863 1771 2149 1832 scientem
2189 1771 2278 1831 sui
2317 1770 2495 1849 ipsius
2538 1787 2664 1829 esse
2704 1768 2970 1829 dicamus
3009 1787 3120 1847 pro
3162 1788 3225 1829 m
3308 1787 3349 1829 o
3388 1768 3569 1847 ipsius

658 1870 901 1913 necesse
939 1859 1060 1932 est3
1100 1851 1175 1912 Id
1217 1863 1306 1915 est
1343 1860 1541 1913 autem
1557 1897 1574 1931 ,
1613 1851 1904 1913 infinitum
1917 1898 1935 1930 ,
1976 1870 2051 1912 ac
2090 1851 2374 1912 scientem
2414 1848 2505 1910 sui
2540 1848 2765 1909 infinita
2804 1852 2861 1909 &
2893 1848 3069 1927 plane
3089 1848 3288 1911 diuina
3308 1848 3569 1912 seientia.

661 1932 724 1992 Si
781 1933 946 1991 Deus
997 1933 1346 2013 princtpium
1404 1940 1492 1992 est
1544 1934 1729 1992 omnis
1788 1933 1925 1992 boni
1973 1934 2037 1991 in
2075 1931 2327 1991 Natura
2362 1949 2565 1990 rerum
2578 1974 2597 2007 ,
2635 1927 2860 2007 optime
2896 1946 2969 1989 ex
3010 1947 3087 1989 eo
3126 1929 3535 1991 concludimus
3554 1974 3574 2003 ,

663 2030 872 2072 omnes
928 2020 1255 2093 creamras,
1296 2032 1446 2091 quae
1498 2012 1727 2073 bonum
1766 2011 2096 2072 intellectus
2136 2019 2314 2087 atque
2353 2009 2631 2071 scientiae
2672 2010 2749 2069 ab
2787 2009 2889 2069 illo
2930 2008 3219 2087 principio
3261 2008 3575 2069 vniuersali

663 2091 960 2170 obtinent,
1019 2092 1215 2169 aliqua
1271 2094 1478 2153 saltem
1536 2092 1652 2153 Dei
1706 2094 1762 2153 δι
1821 2090 2188 2169 Theologiae
2248 2090 2488 2151 scientia
2546 2107 2673 2150 esse
2725 2089 3042 2167 praeditaS,
3092 2106 3211 2166 qua
3249 2099 3577 2169 agnoscant

659 2172 921 2249 singulae
959 2170 1107 2232 illud
1144 2173 1494 2252 principium
1534 2188 1705 2232 suum
1743 2171 1900 2232 vnde
1940 2180 2371 2250 processerunt.
2423 2170 2486 2231 Si
2523 2172 2687 2231 Deus
2728 2171 3015 2248 loquitur,
3055 2172 3110 2229 &
3148 2168 3411 2249 loquitur
3448 2186 3574 2229 non

660 2272 754 2313 res
814 2252 1006 2313 solum
1064 2254 1468 2333 particulareS,
1529 2253 1635 2315 sed
1696 2254 1752 2312 81
1792 2268 2141 2312 communes
2180 2251 2259 2311 ad
2294 2270 2497 2311 veram
2535 2250 2715 2328 ipsius
2750 2248 3150 2327 cognitionem
3188 2248 3574 2327 pertinentes:

661 2334 723 2394 Si
763 2331 1020 2409 denique
1058 2336 1190 2409 agit
1223 2342 1288 2395 vt
1319 2335 1490 2393 Deus
1529 2351 1671 2409 erga
1709 2342 2006 2392 creaturas
2047 2348 2283 2409 omneS,
2324 2346 2575 2408 quarum
2594 2328 2686 2390 his
2711 2330 2968 2390 obscura
2998 2329 3243 2407 vestigia
3262 2327 3575 2391 maiestatis

661 2429 829 2493 suae,
868 2412 978 2474 illis
1017 2422 1242 2475 certam
1279 2413 1598 2493 imaginem
1637 2411 1930 2491 impressit
1967 2409 2030 2472 in
2070 2420 2281 2471 natura
2318 2410 2579 2490 ipsarum
2618 2409 2865 2471 omnino
2906 2409 3300 2488 Theologiam
3340 2418 3579 2489 oportet

660 2511 816 2572 esse,
858 2509 1038 2571 quam
1077 2497 1134 2554 &
1172 2514 1266 2556 res
1306 2503 1537 2554 creatae
1576 2492 1904 2571 percipiant
1943 2491 2481 2552 communicatione
2500 2535 2518 2568 ,
2558 2493 2614 2550 &
2653 2493 2817 2550 Deus
2855 2491 3155 2568 possith
3186 2488 3248 2552 in
3269 2509 3397 2552 sese
3417 2499 3581 2550 tanta

660 2573 1051 2652 perfectione,
1110 2583 1176 2634 vt
1233 2591 1427 2651 neque
1485 2572 1878 2652 apprehendi,
1939 2589 2137 2649 neque
2197 2571 2455 2632 enarrari
2512 2570 2697 2648 possit
2751 2589 2863 2648 pro
2904 2569 3185 2648 dignitate
3224 2569 3431 2650 ipsiuS,
3474 2571 3579 2630 sed

662 2653 944 2744 destringi
991 2653 1184 2714 solum
1223 2672 1334 2731 pro
1373 2653 1620 2714 modulo
1659 2651 2010 2713 infirmitatis
2046 2660 2302 2713 nostrae.
2363 2650 2890 2726 Quemadmodum
2928 2660 3127 2710 autem
3166 2659 3579 2730 argumentum

663 2732 912 2794 subiecti
969 2732 1122 2794 illius
1173 2733 1531 2794 admirabilis
1570 2731 1965 2811 Theologiam
2006 2751 2135 2792 esse
2174 2733 2623 2810 confirmamus,
2664 2730 2749 2790 sic
2787 2730 2963 2790 etiam
3002 2739 3354 2808 argumento
3393 2727 3580 2790 nostri

664 2813 926 2890 ipsorum
986 2815 1042 2874 &
1100 2825 1344 2874 naturae
1402 2825 1638 2874 nostrae
1677 2831 1884 2874 omnes
1923 2811 2315 2890 Theologiam
2356 2811 2612 2888 aliquam
2646 2829 2774 2871 esse
2812 2809 3203 2888 agnoscimus.
3262 2811 3420 2870 Nam
3460 2810 3581 2870 siue

666 2895 950 2953 Naturam
1009 2894 1335 2954 secundum
1392 2893 1680 2954 rationem
1741 2911 2122 2954 communem
2182 2900 2409 2970 spectes
2468 2889 2853 2952 vniuersitatis
2901 2889 3091 2970 istius,
3129 2889 3279 2952 haec
3314 2892 3580 2969 profecto

665 2985 895 3034 enarrat
954 2973 1202 3048 gloriam
1260 2973 1376 3034 Dei
1390 3019 1407 3052 ,
1467 2976 1523 3035 δι
1582 2972 1748 3050 quasi
1800 2974 2128 3051 proclamat
2165 2991 2346 3047 voce,
2384 2983 2733 3046 exsertoque
2772 2969 2957 3048 digito
3000 2982 3428 3032 commonstrat
3466 2989 3579 3030 ser-

665 3069 908 3112 monem
948 3051 1114 3113 illum
1153 3053 1561 3130 rationemque
1599 3053 1677 3113 de
1716 3052 2020 3114 diuinitate
2038 3097 2055 3132 ,
2095 3069 2275 3129 quam
2313 3051 2707 3129 Theologiam
2728 3051 3116 3128 appellamus:
3153 3048 3275 3112 siue
3293 3051 3581 3110 Naturam

665 3149 1044 3192 communem
1104 3145 1334 3211 spectes
1373 3133 1616 3194 humani
1654 3132 1909 3211 generis:
1951 3143 2118 3192 tanta
2158 3142 2247 3191 est
2285 3131 2347 3191 in
2388 3149 2461 3191 eo
2502 3139 2755 3192 naturae
2792 3132 2926 3208 lux,
2966 3133 3021 3190 &
3060 3129 3393 3192 communis
3430 3129 3582 3191 adeo

663 3210 1004 3288 ingenerata
1042 3214 1240 3292 notin,
1281 3225 1348 3273 ut
1387 3231 1594 3274 omnes
1627 3212 1896 3274 homines
1915 3222 2041 3274 tam
2063 3209 2331 3273 docuerit
2353 3229 2479 3271 esse
2498 3209 2892 3287 Theologiam
2910 3209 3166 3286 aliquam
3186 3209 3584 3286 Diuinamque

664 3291 1008 3367 sapientiam
1023 3335 1044 3370 ,
1093 3295 1272 3369 quam
1325 3292 1505 3353 docet
1545 3311 1670 3353 esse
1709 3293 1935 3352 Deumz
1979 3293 2115 3353 Siue
2156 3289 2413 3367 denique
2452 3308 2564 3350 nos
2603 3290 2763 3368 ipsos
2806 3295 3302 3366 recognoscamus
3342 3289 3551 3367 singuli
3566 3335 3585 3368 ,

664 3373 720 3432 δι
760 3371 927 3447 quasi
966 3373 1424 3450 peruestigemus
1463 3371 1716 3449 penitius
1755 3382 2021 3434 tortuosa
2060 3373 2161 3432 illa
2198 3371 2519 3448 penetralia
2557 3373 2613 3430 &
2652 3368 3045 3430 abditissimos
3079 3387 3341 3432 recessus
3372 3367 3583 3429 mentis

663 3462 928 3529 nostrae,
983 3450 1144 3511 Nihil
1191 3453 1252 3512 in
1299 3451 1474 3512 nobis
1515 3453 1774 3512 futurum
1813 3462 1902 3512 est
1941 3452 2107 3528 quod
2145 3468 2269 3510 non
2312 3451 2587 3510 ostendat
2624 3449 3015 3526 Theologiam
3056 3468 3210 3528 esse,
3252 3452 3307 3510 δι
3348 3460 3587 3510 contra-

664 3531 928 3592 dicentes
967 3530 1200 3593 euincat
1239 3531 1724 3592 manifestissime.
1763 3533 1958 3592 Tanta
1997 3543 2083 3592 est
2122 3531 2381 3592 Naturae
2420 3528 2507 3589 vis
2524 3575 2540 3602 ‚
2578 3531 2773 3590 Tanta
2811 3529 3088 3590 veritatis,

742 3612 943 3689 Atque
980 3612 1130 3672 haec
1171 3611 1411 3690 quidem
1451 3611 1535 3672 sic
1573 3611 1635 3671 in
1673 3611 1979 3671 communi
2019 3622 2163 3671 nota
2202 3621 2368 3688 sunt,
2410 3614 2465 3671 &
2494 3609 2733 3687 singulis
2772 3612 2809 3669 a
2828 3612 2963 3670 Deo
2988 3609 3283 3688 exposita,
3315 3620 3381 3669 vt
3403 3625 3583 3670 nemo

662 3693 850 3754 homo
865 3738 884 3770 ,
924 3691 1193 3769 quamuis
1233 3691 1392 3752 rudis
1431 3701 1532 3752 aut
1571 3692 1726 3752 serus
1766 3693 1822 3751 &
1860 3693 1937 3752 ab
1980 3691 2143 3751 omni
2181 3690 2543 3750 humanitate
2564 3689 2815 3769 alienus,
2848 3690 3119 3767 ignorare
3139 3689 3325 3768 possit
3339 3735 3357 3767 ,
3389 3689 3548 3750 illam
3562 3733 3580 3768 ,

662 3772 738 3832 de
780 3790 898 3849 qua
938 3772 1214 3852 dicimuS,
1253 3771 1648 3848 Theologiam
1688 3770 1981 3832 exsistere.
2019 3769 2139 3830 Sed
2178 3787 2331 3846 quae
2370 3771 2431 3830 in
2472 3771 2774 3832 communi
2806 3771 3095 3830 docemur
3126 3769 3298 3830 insita
3318 3771 3577 3829 Naturae

662 3851 795 3911 luce
809 3897 826 3932 ,
871 3871 942 3912 ea
981 3851 1344 3930 particularis
1385 3853 1645 3913 Naturae
1685 3852 1746 3912 in
1787 3850 2027 3929 singulis
2067 3849 2351 3910 caecitate
2392 3853 2447 3910 &
2486 3850 2819 3911 infirmitate
2860 3851 3249 3911 obscurantur
3262 3894 3281 3930 ,
3322 3853 3377 3910 &
3418 3867 3582 3927 prae·

662 3931 972 4008 stinguitur
1030 3934 1482 4011 quodammodo
1541 3931 1696 3992 acies
1757 3931 1967 3992 mentis
2016 3942 2284 4007 nostrae,
2326 3947 2403 3989 ne
2440 3929 2505 3990 id
2544 3928 2735 4007 ipsum
2776 3930 2943 4007 quod
2979 3930 3206 3992 Natura
3246 3931 3577 3991 communis

667 4009 846 4070 docet
859 4056 875 4085 ,
937 4017 1098 4074 recte
1158 4014 1440 4092 percipiat
1505 4011 1865 4091 particularis
1923 4011 1983 4070 in
2039 4028 2403 4088 vnoquoque
2441 4007 2727 4070 nostrflm.
2792 4029 2865 4071 ex
2905 4027 3025 4088 quo
3066 4010 3159 4090 fit,
3198 4021 3263 4070 vt
3302 4009 3578 4071 Veritatis

665 4090 886 4168 aliquid
945 4103 1250 4170 tamquam
1307 4115 1414 4173 per
1471 4095 1740 4154 vmbram
1801 4095 1835 4151 ὲ
1892 4090 2222 4168 longinquo
2274 4089 2607 4150 videamus:
2650 4090 2755 4151 sed
2794 4109 2901 4168 per
2940 4090 3214 4152 tenebras
3252 4090 3483 4151 innatas
3521 4093 3578 4150 &

666 4170 1108 4232 circumstantes
1165 4191 1307 4252 nos,
1365 4191 1490 4233 non
1549 4173 1659 4234 nisi
1714 4173 1861 4232 falso
1912 4170 2217 4232 videamus
2255 4170 2415 4231 illam
2453 4170 2640 4248 ipsam
2655 4213 2674 4248 ,
2714 4188 2894 4248 quam
2932 4169 3201 4230 videmus
3214 4215 3232 4246 ,
3270 4171 3577 4232 veritatem

663 4251 798 4314 Dei.
856 4252 929 4312 Id
967 4268 1080 4313 nos
1118 4253 1498 4341 enunciamus
1537 4252 1597 4312 in
1636 4254 1796 4313 hunc
1836 4252 2112 4331 modum,
2162 4251 2333 4312 Thes.
2372 4267 2459 4312 111.
2500 4251 2641 4310 Etsi
2674 4257 2863 4312 autem
2904 4250 2979 4310 ab
3019 4251 3280 4310 omnibus
3319 4252 3601 4325 credcwr·

3463 4351 3583 4393 CSSC
