3923 4875
1383 361 1551 404 THE
1624 363 1711 406 ts
1772 361 2422 407 Tutotoclcan.
3248 361 3354 424 145

452 522 599 584 alius
646 527 685 583 a
732 521 885 582 Filio
931 519 1163 582 dicitur.
1205 522 1377 582 Ioan.
1426 537 1480 600 5.
1524 540 1619 597 32·
1662 539 1782 582 vox
1823 529 1966 598 puta
2006 523 2160 580 alius
2201 519 2636 581 distinctionem
2675 520 2736 579 in
2775 537 3028 597 persona
3065 521 3362 602 designat:

454 600 753 664 distinctio
805 605 947 662 vero
1008 603 1125 678 qua
1174 619 1426 679 persona
1466 619 1584 661 vna
1626 601 1704 661 ab
1747 603 1930 660 altera
1971 598 2344 677 distinguitur
2357 645 2375 679 ,
2415 599 2586 662 realis
2625 609 2732 660 est.
2793 599 2970 660 Ratio
3010 600 3168 662 idem
3210 623 3361 665 asse-

451 703 585 744 rens
646 683 795 742 haec
835 690 923 742 est
936 726 954 758 ,
991 680 1129 757 quia
1166 681 1347 742 Filius
1386 697 1559 742 suum
1602 679 1915 741 subsistere
1953 698 1992 738 a
2032 681 2204 739 Patre
2243 681 2500 760 accepit,
2540 691 2604 741 vt
2640 683 2678 739 a
2717 679 3004 758 principio
3045 685 3360 759 personali-

450 764 585 823 tatis
633 779 803 822 suae:
846 759 1205 839 Principium
1242 764 1385 823 vero
1420 762 1477 820 δι
1519 759 1933 838 principiatum
1975 778 2040 818 re
2079 758 2240 819 idem
2281 778 2406 819 non
2445 770 2598 821 sunt.
3325 781 3332 786 ·

530 845 588 903 6.
668 844 935 901 Primam
993 842 1052 900 S.
1111 840 1416 902 Trinitatis
1464 859 1781 918 personam
1838 841 2070 900 Patrem
2125 839 2552 917 appellauimus
2569 885 2587 920 ,
2644 839 3127 916 quandoquidem
3168 846 3254 918 (vt
3287 843 3362 902 de

453 921 659 982 ordine
698 921 761 981 in
804 919 1241 1012 operationibus
1281 920 1427 982 nihil
1466 919 1763 1000 dicamus,
1804 919 1905 997 qui
1946 919 2064 978 hoc
2104 919 2429 980 secundum
2471 919 2880 981 oeconomiam
2901 918 3164 981 diuinam
3185 921 3363 1000 exigit

452 1001 813 1070 necessario)
852 1001 949 1060 ille
991 1019 1054 1060 se
1092 1001 1270 1061 talem
1312 999 1704 1080 praedicauit,
1749 1001 1886 1060 ciun
1926 1000 2158 1058 Patrem
2198 999 2373 1078 dixit,
2415 1017 2606 1078 neque
2631 999 2788 1060 enim
2809 997 2988 1060 Filius
3009 1002 3181 1062 Patre
3198 1002 3362 1081 prior

454 1091 574 1161 est,
612 1091 754 1159 puta
794 1083 872 1141 ab
892 1099 967 1140 eo
988 1079 1215 1158 genitus
1231 1128 1248 1159 ,
1268 1099 1461 1160 neque
1482 1080 1730 1158 Spiritus
1750 1081 1811 1142 S.
1830 1078 1933 1157 qui
1951 1080 2029 1139 ab
2050 1089 2300 1157 vtroque
2320 1081 2650 1157 procedens
2671 1089 2920 1156 vtroque
2938 1080 3232 1158 posterior
3252 1092 3360 1142 est.

534 1181 588 1236 7.
669 1159 958 1221 Addimus
1010 1178 1136 1221 esse
1190 1162 1467 1240 ἄναρχον,
1510 1163 1587 1220 &³
1627 1163 1667 1218 ὰ
1706 1180 1767 1219 se
1802 1163 2073 1238 cml-tere,
2112 1158 2597 1237 quandoquidem
2637 1178 2890 1238 persona
2931 1160 3116 1220 Patris
3156 1179 3357 1223 secun-

452 1241 595 1301 dum
636 1241 856 1301 nullam
896 1239 985 1300 sui
1024 1240 1558 1302 considerationem
1574 1286 1591 1319 ,
1629 1240 1813 1300 vllum
1851 1240 2033 1300 habet
2069 1239 2420 1318 principium
2434 1286 2453 1320 ,
2493 1240 2618 1301 siue
2654 1250 2817 1299 ortus
2832 1286 2849 1317 ,
2871 1239 2994 1300 siue
3013 1250 3176 1302 actus
3189 1287 3207 1320 ,
3228 1242 3351 1303 siue

452 1319 755 1398 temporis:
816 1336 1009 1397 neque
1069 1319 1229 1380 enim
1290 1321 1620 1381 secundum
1671 1317 2160 1380 considerationis
2211 1320 2500 1381 rationem
2539 1337 2919 1380 communem
2960 1320 3020 1379 in
3063 1321 3312 1382 essentia
3327 1368 3344 1402 ,

452 1405 569 1476 qua
607 1402 770 1460 Deus
809 1409 921 1460 eet:
962 1399 1212 1460 essentia
1249 1409 1419 1479 puta,
1457 1404 1577 1478 qua
1618 1398 1865 1460 essentia
1878 1443 1895 1478 ,
1936 1399 2164 1460 nullum
2203 1400 2384 1460 habet
2403 1398 2784 1478 principium:
2811 1415 3003 1476 neque
3023 1403 3350 1461 secundum

450 1479 799 1557 singularem
839 1480 1171 1540 absolutam
1210 1479 1271 1539 in
1306 1498 1559 1558 persona
1573 1525 1590 1560 ,
1628 1483 1747 1556 qua
1788 1477 2051 1539 subsistit
2089 1477 2150 1538 in
2188 1479 2412 1541 vnitate
2453 1479 2742 1540 essentiae
2784 1479 2922 1556 quia
2962 1479 3022 1539 in
3065 1500 3127 1541 se
3167 1483 3222 1540 δε
3253 1501 3358 1558 per

450 1578 511 1620 se
549 1561 629 1620 ab
668 1569 909 1620 aeterno
948 1558 1233 1620 subsistit:
1276 1576 1468 1637 neque
1510 1558 1832 1621 secundum
1884 1557 2220 1630 relatiuam,
2255 1577 2408 1638 quae
2449 1570 2539 1621 est
2579 1559 2640 1619 in
2666 1557 3048 1620 distinctione
3068 1563 3122 1620 δι
3151 1561 3358 1621 ordine

449 1639 527 1698 ad
564 1657 845 1716 personas
887 1638 1164 1715 reliquas:
1206 1641 1526 1700 secundum
1566 1642 1720 1700 hanc
1758 1638 1915 1700 enim
1953 1638 2312 1716 reliquarum
2345 1641 2407 1700 in
2426 1641 2642 1702 Sancta
2661 1637 2948 1700 Trinitate
2971 1657 3358 1717 personarum

493 1718 639 1778 rinei
681 1718 805 1778 ium
844 1728 952 1778 est.
1720 1729 1731 1740 '

452 1738 493 1796 p
530 1802 585 1858 8.
642 1739 1003 1860 pSecundum
1058 1799 1203 1858 duas
1260 1797 1483 1877 priores
1524 1798 1991 1860 considerandae
2031 1817 2318 1877 personae
2357 1799 2612 1861 rationes
2650 1801 2688 1858 a
2729 1817 2792 1859 se
2832 1817 2958 1860 esse
3001 1798 3189 1860 tribus
3229 1819 3354 1878 per-

449 1877 609 1938 sonis
658 1895 976 1938 commune
1027 1887 1143 1938 est:
1187 1879 1434 1939 essentia
1485 1879 1677 1971 enim,
1720 1895 1871 1956 quae
1910 1888 2038 1940 tota
2075 1879 2260 1940 Patris
2299 1891 2416 1958 est,
2455 1889 2582 1941 tota
2621 1878 2794 1940 simul
2835 1890 2923 1939 est
2963 1877 3094 1957 filij,
3135 1881 3190 1938 δε
3215 1883 3357 1940 'tota

448 1959 549 2036 Sp.
588 1959 649 2019 S.
692 1973 870 2035 quam
908 1959 1079 2018 Pater
1118 1957 1177 2018 in
1219 1957 1435 2020 vnitate
1456 1970 1745 2021 essentiae
1766 1957 1827 2019 in
1848 1977 1911 2019 se
1932 1959 1988 2018 &
2007 1977 2113 2036 per
2133 1977 2196 2019 se
2215 1958 2550 2020 subsistunt.
2575 1958 2900 2020 secundum
2921 1957 3187 2019 vltimam
3211 1965 3354 2020 vero

449 2037 608 2097 Patri
645 2036 949 2115 proprium
989 2047 1107 2098 est:
1149 2037 1247 2098 ille
1288 2037 1446 2099 enim
1486 2039 1621 2119 filij,
1662 2040 1717 2099 δι
1748 2055 1883 2098 cum
1902 2038 2056 2098 Filio
2078 2037 2323 2116 Spiritus
2342 2040 2590 2100 Sanctus
2612 2037 2964 2118 principium
2987 2037 3228 2117 originis
3249 2049 3356 2100 est.

528 2137 585 2194 9.
666 2119 723 2176 A
778 2135 841 2178 se
894 2127 1093 2177 autem
1142 2121 1279 2178 cum
1326 2120 1559 2179 Patrem
1612 2128 1713 2180 aut
1751 2118 1935 2178 filium
1977 2137 2108 2180 esse
2146 2118 2394 2178 dicimus
2409 2163 2426 2198 ,
2466 2137 2588 2179 non
2629 2118 3006 2196 intelligimus
3044 2121 3082 2177 a
3123 2137 3188 2179 se
3228 2137 3356 2180 esse

447 2197 684 2274 proprie
724 2198 780 2256 &
818 2197 1085 2257 absolute
1126 2199 1269 2254 κατὰ
1312 2198 1488 2259 θᾶσιν
1526 2198 1653 2258 siue
1691 2207 1824 2260 ortu
1841 2243 1859 2275 ,
1898 2197 2024 2258 siue
2063 2207 2227 2277 actu,
2270 2199 2436 2275 quod
2479 2201 2516 2256 a
2556 2217 2619 2258 se
2663 2197 3094 2276 producantur,
3139 2201 3194 2258 &
3225 2201 3263 2257 a
3293 2218 3356 2258 se

446 2277 790 2337 subsistant:
832 2276 937 2337 sed
969 2275 1211 2353 figurate
1247 2278 1368 2334 κατ’
1400 2277 1732 2357 ἀναίρεσιν,
1766 2277 1931 2355 quod
1950 2297 2074 2338 non
2094 2279 2496 2356 producantur
2519 2286 2620 2338 aut
2639 2275 2954 2338 subsistant
2973 2279 3052 2338 ab
3075 2276 3191 2337 alio
3211 2279 3357 2340 vllo.

533 2376 624 2416 ro.
702 2359 774 2416 In
830 2374 893 2416 se
943 2359 1085 2417 vero
1125 2355 1263 2432 quia
1300 2356 1559 2416 subsistit
1595 2359 1673 2417 ab
1713 2367 1953 2418 aeterno
1994 2360 2050 2419 δι
2090 2357 2242 2418 filius
2259 2403 2277 2436 ,
2313 2376 2437 2418 non
2478 2366 2613 2417 actu
2632 2401 2647 2430 ,
2687 2367 2788 2416 aut
2827 2369 3094 2434 tempore
3138 2357 3350 2433 princi-

448 2436 609 2514 pium
648 2435 827 2515 ipsius
864 2437 1095 2497 Patrem
1134 2433 1380 2496 dicimus
1396 2480 1413 2513 ,
1455 2435 1559 2497 sed
1598 2450 1732 2498 ortu
1772 2440 1999 2499 tantum
2012 2484 2030 2512 ‚
2071 2439 2210 2517 quia
2249 2440 2287 2496 ὰ
2329 2458 2390 2499 se
2428 2441 2490 2498 in
2525 2440 2740 2499 vnitate
2758 2437 3033 2497 essentiae
3051 2446 3348 2497 aeternum

447 2520 634 2595 ipsum
678 2519 887 2592 genuit
931 2516 1221 2595 (inquam)
1275 2533 1400 2575 non
1436 2516 1703 2595 genitura
1741 2517 2254 2596 praedicamentali
2293 2520 2472 2595 (quae
2513 2534 2708 2577 rerum
2751 2534 3170 2595 corporearum
3184 2562 3202 2595 ,
3244 2537 3350 2594 per

447 2615 510 2655 se
548 2597 604 2656 δι
645 2596 722 2657 de
765 2614 828 2657 se
868 2608 1031 2658 extra
1070 2614 1133 2656 se
1170 2613 1277 2672 per
1313 2596 1639 2673 potentiam
1676 2598 1924 2659 similem
1956 2598 2070 2659 sibi
2089 2598 2474 2659 substantiam
2495 2615 2846 2675 corpoream
2865 2596 3349 2673 producentium)

446 2694 571 2735 non
610 2675 1097 2737 transcendentali
1137 2678 1314 2752 (quae
1352 2676 1615 2752 spiritum
1653 2697 1759 2755 per
1796 2698 1861 2739 se
1874 2724 1891 2755 ,
1932 2678 1994 2738 in
2035 2696 2100 2738 se
2115 2723 2134 2757 ,
2171 2696 2278 2769 per
2309 2686 2578 2737 naturam
2598 2678 2938 2737 facultatem
2956 2674 3347 2755 gignentium)

447 2756 553 2815 sed
592 2756 791 2816 diuina
830 2756 1005 2833 plane
1018 2801 1037 2835 ,
1076 2774 1181 2832 per
1219 2774 1283 2815 se
1296 2800 1315 2833 ,
1354 2757 1410 2815 &
1448 2756 1507 2815 in
1546 2776 1612 2817 se
1625 2800 1643 2833 ,
1682 2776 1791 2835 per
1828 2768 2100 2818 naturam
2141 2756 2388 2818 similem
2429 2775 2764 2834 personam.

533 2856 558 2893 1
572 2855 624 2895 1.
705 2836 991 2913 Suprema
1037 2835 1210 2912 igitur
1248 2836 1735 2976 haecogeneratio
1750 2882 1768 2915 ,
1807 2847 1935 2897 vtvt
1974 2846 2182 2897 natura
2221 2845 2556 2897 creaturum
2595 2852 2792 2897 rerum
2835 2854 2908 2895 ex
2947 2842 3111 2912 parte
3151 2834 3353 2895 adum-

447 2917 615 2976 brata
652 2925 742 2975 est
755 2959 773 2993 ,
810 2914 1047 2975 infinitis
1084 2923 1284 2974 tamen
1324 2936 1383 2974 m
1468 2916 1517 2975 is
1558 2927 1799 2995 propter
1830 2916 2116 2977 infinitam
2136 2916 2410 2977 similium
2432 2916 2906 2993 inaequalitatem
2927 2934 3058 2975 mm
3081 2926 3350 2991 superat:

445 2994 633 3056 Verbi
670 2994 885 3073 gratia,
923 2994 1110 3073 gignit
1148 2996 1319 3055 Pater
1360 3014 1467 3072 per
1505 3015 1567 3055 se
1608 2996 1854 3057 similem
1870 3041 1888 3076 ,
1928 3006 1992 3056 vt
2032 2995 2234 3057 omnia
2274 3014 2564 3073 corporea
2603 3005 2812 3055 natura
2850 2994 3150 3074 gignentia
3164 3038 3181 3072 ,
3224 3012 3352 3071 per-

448 3094 595 3135 sona
608 3120 627 3153 ,
665 3092 979 3152 personam
994 3120 1011 3153 ,
1054 3084 1115 3133 vt
1152 3073 1453 3135 homines:
1500 3093 1624 3136 non
1662 3087 1861 3137 tamen
1902 3086 2067 3136 extra
2105 3095 2168 3137 se
2183 3120 2200 3153 ,
2242 3076 2380 3153 quia
2419 3074 2668 3135 essentia
2701 3083 2790 3135 est
2821 3072 3074 3153 infinita,
3105 3072 3354 3151 simplex

447 3173 520 3214 ac
558 3170 733 3233 pura:
774 3172 896 3214 non
936 3154 1276 3232 essentiam,
1318 3156 1455 3233 quia
1494 3156 1695 3216 vnica:
1738 3156 1923 3235 gignit
1964 3156 2026 3216 in
2063 3174 2126 3217 se
2167 3174 2274 3234 per
2313 3164 2612 3233 naturam,
2656 3163 2722 3214 vt
2765 3153 3044 3233 Spiritus,
3085 3153 3190 3214 sed
3229 3171 3354 3212 non

448 3235 785 3293 facultatem
801 3278 818 3312 ,
858 3234 997 3311 quia
1036 3251 1216 3312 purus
1254 3243 1417 3296 actus
1460 3245 1565 3295 est.

534 3334 557 3373 1
571 3333 624 3375 2.
702 3312 973 3373 Diximus
1002 3316 1253 3390 gignere
1276 3323 1593 3391 personam
1634 3317 1844 3376 Patris
1859 3360 1876 3395 ,
1904 3324 2222 3393 personam
2263 3316 2408 3391 Filij
2441 3316 2504 3373 in
2537 3314 2752 3375 vnitate
2772 3314 3046 3374 essentiae
3064 3322 3129 3373 vt
3149 3312 3351 3389 quoad

446 3395 573 3454 fieri
624 3403 821 3470 potest
869 3394 929 3453 in
982 3393 1309 3472 profundo,
1351 3396 1406 3453 δι
1444 3394 1933 3473 imperscrutabili
1975 3394 2254 3471 mysterio
2293 3396 2608 3472 loquamur
2645 3392 2910 3471 proprie:
2954 3401 3118 3453 extra
3157 3410 3352 3452 essen-

444 3474 587 3533 tiam
632 3473 791 3533 enim
829 3475 1063 3533 Patrem
1102 3492 1380 3551 generare
1420 3492 1543 3535 non
1582 3476 1842 3553 potuisse
1880 3474 2164 3553 vidimus,
2203 3475 2354 3535 thesi
2393 3473 2812 3551 praecedente:
2854 3492 2926 3533 ex
2965 3472 3224 3533 essentia
3258 3491 3356 3549 ge-

444 3552 639 3613 nuisse
696 3552 745 3612 si
796 3552 959 3613 dicas
973 3597 989 3630 ,
1040 3554 1285 3631 figurate
1326 3554 1613 3633 loqueris,
1666 3574 1791 3615 non
1830 3556 1906 3615 ad
1948 3554 2305 3633 positionem
2347 3554 2622 3614 materiae
2659 3552 2845 3632 vllius
2873 3552 3034 3625 (cum
3074 3552 3238 3613 Deus
3280 3551 3354 3610 sit

446 3631 893 3707 immateriatus)
932 3632 1041 3693 sed
1077 3634 1155 3692 ad
1192 3633 1567 3711 negationem
1605 3634 1799 3696 omnis
1838 3634 2138 3696 vniuerse:
2179 3644 2355 3711 prout
2395 3652 2470 3694 ex
2489 3632 2676 3693 nihilo
2697 3629 2901 3692 omnia
2921 3650 3048 3692 esse
3069 3629 3320 3691 dicimus
3336 3673 3353 3707 ,

447 3714 583 3803 cum
622 3712 923 3773 materiam
962 3729 1365 3773 remouemus:
1407 3716 1461 3773 δι
1501 3715 1697 3774 Deum
1731 3718 1769 3774 a
1810 3734 1873 3776 se
1912 3734 2040 3775 esse
2081 3732 2215 3775 cum
2257 3732 2436 3775 omne
2473 3712 2757 3774 essentiae
2789 3716 2878 3788 (vt
2895 3710 3172 3787 diximus)
3194 3709 3350 3787 prin-

450 3812 505 3852 c1
548 3810 671 3852 rum
710 3812 786 3853 ne
862 3808 1013 3853 mus.

505 3811 626 3948 p13.
714 3811 974 3949 Gaganae
1010 3874 1303 3932 aeternam
1318 3918 1335 3949 ,
1376 3873 1514 3949 quia
1556 3878 1763 3934 natura
1802 3875 1974 3934 Pater
2011 3874 2227 3953 gignit:
2269 3872 2493 3951 quippe
2531 3874 2601 3949 (f.
2649 3874 2845 3948 1628.)
2889 3890 2960 3930 αι
2997 3870 3136 3930 cum
3169 3878 3352 3929 aeter-

448 3954 591 4011 num
630 3950 733 4031 sit,
772 3960 1073 4013 aeternum
1111 3951 1325 4030 gignit,
1376 3964 1645 4015 aeternus
1685 3963 1855 4031 pater
1893 3964 2194 4015 aeternum
2235 3954 2450 4013 filium:
2492 3952 2645 4013 adeo
2685 3961 2753 4011 vt
2792 3954 2928 4011 cum
2949 3947 3261 4011 aeternitas
3281 3948 3355 4007 sit

446 4032 601 4091 uitae
658 4042 785 4092 tota
836 4032 1007 4091 simul
1062 4032 1117 4090 81
1168 4033 1429 4109 perfecta
1486 4034 1803 4111 possessio,
1862 4033 2014 4095 filius
2053 4052 2280 4112 semper
2323 4034 2397 4093 sit
2435 4035 2473 4091 a
2512 4033 2684 4091 Patre
2726 4030 2984 4109 genitus,
3028 4030 3083 4088 81
3123 4046 3354 4105 semper

446 4112 705 4189 perfecte
762 4127 903 4171 cum
959 4113 1157 4189 Patre,
1216 4111 1385 4171 Pater
1438 4122 1635 4172 tamen
1684 4112 1867 4174 filium
1908 4132 2142 4191 semper
2183 4114 2384 4191 gignat
2399 4157 2416 4188 ,
2460 4112 2566 4172 sed
2605 4112 2842 4171 exclusa
2883 4108 3256 4170 successione
3297 4109 3352 4167 δι

447 4190 894 4268 imperfectione
934 4192 1123 4251 omni:
1164 4188 1384 4268 quippe
1422 4202 1602 4270 prout
1643 4192 1819 4253 etiam
1860 4192 1921 4252 in
1958 4191 2378 4269 Metaphysicis
2419 4194 2454 4249 a
2495 4192 2759 4269 perfecto
2781 4190 3049 4250 subiecto
3071 4187 3352 4249 terminus

447 4272 742 4349 perfectus
792 4290 1021 4349 semper
1076 4280 1385 4349 generatur
1400 4318 1416 4347 ,
1456 4273 1512 4331 δι
1552 4290 1783 4349 semper
1819 4272 2026 4332 itidem
2067 4276 2358 4350 perfectus
2397 4280 2518 4350 est,
2571 4268 2656 4330 sic
2694 4270 2874 4331 etiam
2912 4278 3078 4329 actus
3112 4287 3354 4347 genera-

450 4350 627 4410 tionis
665 4350 725 4409 in
765 4353 936 4411 Patre
974 4353 1030 4411 δι
1070 4351 1189 4410 filio
1230 4348 1289 4409 in
1333 4352 1543 4412 effectu
1582 4352 1899 4429 persectuS,
1942 4354 2004 4411 in
2042 4352 2356 4414 effectione
2391 4358 2708 4429 perpetuus
2749 4350 3172 4411 consideratur.
3255 4426 3310 4484 E

1898 4450 1970 4509 19
3084 4447 3175 4501 14.
3311 4442 3355 4483 x
