<?xml version="1.0" encoding="UTF-8"?>
<!DOCTYPE html PUBLIC "-//W3C//DTD XHTML 1.0 Transitional//EN"
    "http://www.w3.org/TR/xhtml1/DTD/xhtml1-transitional.dtd">
<html xmlns="http://www.w3.org/1999/xhtml" xml:lang="en" lang="en">
 <head>
  <title>
</title>
<meta http-equiv="Content-Type" content="text/html;charset=utf-8" />
  <meta name='ocr-system' content='tesseract 3.04.00' />
  <meta name='ocr-capabilities' content='ocr_page ocr_carea ocr_par ocr_line ocrx_word'/>
</head>
<body>
  <div class='ocr_page' id='page_1' title='image "./dfranciscijunii00junigoog_0363.png"; bbox 0 0 3923 4875; ppageno 0'>
   <div class='ocr_carea' id='block_1_1' title="bbox 665 360 778 419">
    <p class='ocr_par' dir='ltr' id='par_1_1' title="bbox 665 360 778 419">
     <span class='ocr_line' id='line_1_1' title="bbox 665 360 778 419; baseline -0.071 1"><span class='ocrx_word' id='word_1_1' title='bbox 665 360 778 419; x_wconf 69' lang='lat'><strong>334</strong></span> 
     </span>
    </p>
   </div>
   <div class='ocr_carea' id='block_1_2' title="bbox 648 514 3609 4500">
    <p class='ocr_par' dir='ltr' id='par_1_2' title="bbox 661 514 3609 1400">
     <span class='ocr_line' id='line_1_2' title="bbox 665 514 3609 596; baseline -0 -17"><span class='ocrx_word' id='word_1_2' title='bbox 665 534 990 580; x_wconf 87' lang='lat' dir='ltr'><strong>commune</strong></span> <span class='ocrx_word' id='word_1_3' title='bbox 1045 518 1276 577; x_wconf 88' lang='lat' dir='ltr'><strong>bonum</strong></span> <span class='ocrx_word' id='word_1_4' title='bbox 1329 524 1521 577; x_wconf 88' lang='lat' dir='ltr'><strong>totum</strong></span> <span class='ocrx_word' id='word_1_5' title='bbox 1577 536 1684 596; x_wconf 88' lang='lat' dir='ltr'><strong>spe</strong></span> <span class='ocrx_word' id='word_1_6' title='bbox 1721 514 1868 578; x_wconf 91' lang='lat' dir='ltr'><strong>boni</strong></span> <span class='ocrx_word' id='word_1_7' title='bbox 1907 514 2081 577; x_wconf 84' lang='lat' dir='ltr'><strong>vnius</strong></span> <span class='ocrx_word' id='word_1_8' title='bbox 2125 526 2597 579; x_wconf 83' lang='lat' dir='ltr'><strong>commonerent.</strong></span> <span class='ocrx_word' id='word_1_9' title='bbox 2638 517 2712 578; x_wconf 87' lang='lat' dir='ltr'><strong>Id</strong></span> <span class='ocrx_word' id='word_1_10' title='bbox 2751 514 2912 576; x_wconf 90' lang='lat' dir='ltr'><strong>enim</strong></span> <span class='ocrx_word' id='word_1_11' title='bbox 2954 522 3387 595; x_wconf 66' lang='lat' dir='ltr'>saepenumero</span> <span class='ocrx_word' id='word_1_12' title='bbox 3428 517 3609 579; x_wconf 81' lang='lat' dir='ltr'><strong>efficit</strong></span> 
     </span>
     <span class='ocr_line' id='line_1_3' title="bbox 661 596 3605 677; baseline -0.001 -18"><span class='ocrx_word' id='word_1_13' title='bbox 661 597 978 661; x_wconf 89' lang='lat' dir='ltr'><strong>hominum</strong></span> <span class='ocrx_word' id='word_1_14' title='bbox 1017 596 1460 675; x_wconf 77' lang='lat' dir='ltr'><strong>importunitas,</strong></span> <span class='ocrx_word' id='word_1_15' title='bbox 1503 608 1566 658; x_wconf 93' lang='lat' dir='ltr'><strong>vt</strong></span> <span class='ocrx_word' id='word_1_16' title='bbox 1604 598 1747 658; x_wconf 89' lang='lat' dir='ltr'><strong>dum</strong></span> <span class='ocrx_word' id='word_1_17' title='bbox 1789 598 2013 658; x_wconf 90' lang='lat' dir='ltr'><strong>malum</strong></span> <span class='ocrx_word' id='word_1_18' title='bbox 2054 616 2240 658; x_wconf 87' lang='lat' dir='ltr'><strong>vnum</strong></span> <span class='ocrx_word' id='word_1_19' title='bbox 2278 615 2485 659; x_wconf 90' lang='lat' dir='ltr'><strong>curare</strong></span> <span class='ocrx_word' id='word_1_20' title='bbox 2522 608 2737 677; x_wconf 88' lang='lat' dir='ltr'><strong>tentat,</strong></span> <span class='ocrx_word' id='word_1_21' title='bbox 2776 597 3095 658; x_wconf 86' lang='lat' dir='ltr'>labefactet</span> <span class='ocrx_word' id='word_1_22' title='bbox 3116 600 3347 657; x_wconf 87' lang='lat' dir='ltr'><strong>bonum</strong></span> <span class='ocrx_word' id='word_1_23' title='bbox 3374 597 3605 675; x_wconf 85' lang='lat' dir='ltr'><strong>reipub.</strong></span> 
     </span>
     <span class='ocr_line' id='line_1_4' title="bbox 664 676 3602 755; baseline 0 -16"><span class='ocrx_word' id='word_1_24' title='bbox 664 679 964 740; x_wconf 88' lang='lat' dir='ltr'><strong>interdum</strong></span> <span class='ocrx_word' id='word_1_25' title='bbox 1007 676 1185 737; x_wconf 88' lang='lat' dir='ltr'><strong>etiam</strong></span> <span class='ocrx_word' id='word_1_26' title='bbox 1227 676 1586 738; x_wconf 87' lang='lat' dir='ltr'><strong>vniuersum.</strong></span> <span class='ocrx_word' id='word_1_27' title='bbox 1627 676 1872 755; x_wconf 80' lang='lat' dir='ltr'><strong>Optime</strong></span> <span class='ocrx_word' id='word_1_28' title='bbox 1911 680 2250 739; x_wconf 85' lang='lat' dir='ltr'><strong>statuebant</strong></span> <span class='ocrx_word' id='word_1_29' title='bbox 2287 678 2373 739; x_wconf 91' lang='lat' dir='ltr'><strong>illi</strong></span> <span class='ocrx_word' id='word_1_30' title='bbox 2410 676 2699 739; x_wconf 89' lang='lat' dir='ltr'><strong>rationem</strong></span> <span class='ocrx_word' id='word_1_31' title='bbox 2741 687 3043 738; x_wconf 86' lang='lat' dir='ltr'><strong>aeternam</strong></span> <span class='ocrx_word' id='word_1_32' title='bbox 3082 696 3211 738; x_wconf 88' lang='lat' dir='ltr'><strong>esse</strong></span> <span class='ocrx_word' id='word_1_33' title='bbox 3254 678 3602 739; x_wconf 85' lang='lat' dir='ltr'><strong>moderatri-</strong></span> 
     </span>
     <span class='ocr_line' id='line_1_5' title="bbox 665 757 3605 839; baseline 0 -20"><span class='ocrx_word' id='word_1_34' title='bbox 665 778 800 820; x_wconf 90' lang='lat' dir='ltr'><strong>cem</strong></span> <span class='ocrx_word' id='word_1_35' title='bbox 841 760 898 818; x_wconf 85' lang='lat'>&amp;</span> <span class='ocrx_word' id='word_1_36' title='bbox 940 758 1224 819; x_wconf 85' lang='lat' dir='ltr'><strong>arbitram</strong></span> <span class='ocrx_word' id='word_1_37' title='bbox 1265 759 1656 819; x_wconf 87' lang='lat' dir='ltr'><strong>humanarum</strong></span> <span class='ocrx_word' id='word_1_38' title='bbox 1699 760 1930 839; x_wconf 88' lang='lat' dir='ltr'><strong>legum,</strong></span> <span class='ocrx_word' id='word_1_39' title='bbox 1972 776 2153 835; x_wconf 88' lang='lat' dir='ltr'><strong>quam</strong></span> <span class='ocrx_word' id='word_1_40' title='bbox 2197 758 2440 837; x_wconf 87' lang='lat' dir='ltr'><strong>quidem</strong></span> <span class='ocrx_word' id='word_1_41' title='bbox 2480 772 2688 819; x_wconf 88' lang='lat' dir='ltr'><strong>natura</strong></span> <span class='ocrx_word' id='word_1_42' title='bbox 2717 762 2773 819; x_wconf 88' lang='lat'>&amp;</span> <span class='ocrx_word' id='word_1_43' title='bbox 2816 757 3117 835; x_wconf 87' lang='lat' dir='ltr'><strong>Scriptura</strong></span> <span class='ocrx_word' id='word_1_44' title='bbox 3148 758 3402 818; x_wconf 79' lang='lat' dir='ltr'><strong>docent:</strong></span> <span class='ocrx_word' id='word_1_45' title='bbox 3432 758 3605 819; x_wconf 84' lang='lat' dir='ltr'><strong>huius</strong></span> 
     </span>
     <span class='ocr_line' id='line_1_6' title="bbox 662 836 3603 919; baseline -0.001 -18"><span class='ocrx_word' id='word_1_46' title='bbox 662 842 808 901; x_wconf 77' lang='lat' dir='ltr'><strong>vero</strong></span> <span class='ocrx_word' id='word_1_47' title='bbox 855 850 1129 899; x_wconf 89' lang='lat' dir='ltr'><strong>aeternae</strong></span> <span class='ocrx_word' id='word_1_48' title='bbox 1169 837 1410 900; x_wconf 88' lang='lat' dir='ltr'><strong>rationis</strong></span> <span class='ocrx_word' id='word_1_49' title='bbox 1450 840 1776 916; x_wconf 89' lang='lat' dir='ltr'><strong>quamdam</strong></span> <span class='ocrx_word' id='word_1_50' title='bbox 1814 838 2104 919; x_wconf 73' lang='grc' dir='ltr'><strong>ἀπορροήν</strong></span> <span class='ocrx_word' id='word_1_51' title='bbox 2144 858 2273 901; x_wconf 88' lang='lat' dir='ltr'><strong>esse</strong></span> <span class='ocrx_word' id='word_1_52' title='bbox 2312 842 2600 900; x_wconf 88' lang='lat' dir='ltr'><strong>humanas</strong></span> <span class='ocrx_word' id='word_1_53' title='bbox 2639 840 2828 917; x_wconf 88' lang='lat' dir='ltr'><strong>leges,</strong></span> <span class='ocrx_word' id='word_1_54' title='bbox 2868 854 3021 917; x_wconf 84' lang='lat' dir='ltr'><strong>quae</strong></span> <span class='ocrx_word' id='word_1_55' title='bbox 3062 838 3293 899; x_wconf 87' lang='lat' dir='ltr'><strong>ratione</strong></span> <span class='ocrx_word' id='word_1_56' title='bbox 3322 836 3603 919; x_wconf 83' lang='lat' dir='ltr'><strong>singulari</strong></span> 
     </span>
     <span class='ocr_line' id='line_1_7' title="bbox 665 918 3603 999; baseline -0.001 -18"><span class='ocrx_word' id='word_1_57' title='bbox 665 918 893 981; x_wconf 84' lang='lat' dir='ltr'><strong>varient</strong></span> <span class='ocrx_word' id='word_1_58' title='bbox 944 937 1055 996; x_wconf 91' lang='lat' dir='ltr'><strong>pro</strong></span> <span class='ocrx_word' id='word_1_59' title='bbox 1105 919 1386 980; x_wconf 86' lang='lat' dir='ltr'><strong>varietate</strong></span> <span class='ocrx_word' id='word_1_60' title='bbox 1439 936 1666 997; x_wconf 85' lang='lat' dir='ltr'><strong>rerum3</strong></span> <span class='ocrx_word' id='word_1_61' title='bbox 1720 921 1884 979; x_wconf 86' lang='lat' dir='ltr'><strong>salua</strong></span> <span class='ocrx_word' id='word_1_62' title='bbox 1934 930 2214 980; x_wconf 87' lang='lat' dir='ltr'><strong>manente</strong></span> <span class='ocrx_word' id='word_1_63' title='bbox 2229 966 2247 999; x_wconf 86' lang='lat'><strong>,</strong></span> <span class='ocrx_word' id='word_1_64' title='bbox 2298 932 2480 998; x_wconf 90' lang='lat' dir='ltr'><strong>atque</strong></span> <span class='ocrx_word' id='word_1_65' title='bbox 2518 918 2673 979; x_wconf 78' lang='lat' dir='ltr'><strong>adeo</strong></span> <span class='ocrx_word' id='word_1_66' title='bbox 2713 918 3109 996; x_wconf 88' lang='lat' dir='ltr'><strong>praecipiente</strong></span> <span class='ocrx_word' id='word_1_67' title='bbox 3150 918 3463 979; x_wconf 83' lang='lat' dir='ltr'><strong>varietates</strong></span> <span class='ocrx_word' id='word_1_68' title='bbox 3502 919 3603 979; x_wconf 83' lang='lat' dir='ltr'><strong>ina</strong></span> 
     </span>
     <span class='ocr_line' id='line_1_8' title="bbox 665 998 3599 1077; baseline 0 -16"><span class='ocrx_word' id='word_1_69' title='bbox 665 1011 904 1061; x_wconf 89' lang='lat' dir='ltr'><strong>aeterna</strong></span> <span class='ocrx_word' id='word_1_70' title='bbox 957 1000 1107 1077; x_wconf 89' lang='lat' dir='ltr'><strong>lege.</strong></span> <span class='ocrx_word' id='word_1_71' title='bbox 1169 1000 1322 1059; x_wconf 75' lang='lat' dir='ltr'><strong>Cum</strong></span> <span class='ocrx_word' id='word_1_72' title='bbox 1376 1010 1573 1059; x_wconf 89' lang='lat' dir='ltr'><strong>autem</strong></span> <span class='ocrx_word' id='word_1_73' title='bbox 1621 1017 1819 1059; x_wconf 90' lang='lat' dir='ltr'><strong>rerum</strong></span> <span class='ocrx_word' id='word_1_74' title='bbox 1876 999 2271 1060; x_wconf 88' lang='lat' dir='ltr'><strong>humanarum</strong></span> <span class='ocrx_word' id='word_1_75' title='bbox 2326 1020 2440 1061; x_wconf 89' lang='lat' dir='ltr'><strong>nec</strong></span> <span class='ocrx_word' id='word_1_76' title='bbox 2492 998 2924 1077; x_wconf 87' lang='lat' dir='ltr'><strong>cognitionem,</strong></span> <span class='ocrx_word' id='word_1_77' title='bbox 2966 1018 3078 1059; x_wconf 92' lang='lat' dir='ltr'><strong>nec</strong></span> <span class='ocrx_word' id='word_1_78' title='bbox 3119 998 3599 1076; x_wconf 86' lang='lat' dir='ltr'><strong>procurationem</strong></span> 
     </span>
     <span class='ocr_line' id='line_1_9' title="bbox 663 1078 3599 1159; baseline -0.001 -18"><span class='ocrx_word' id='word_1_79' title='bbox 663 1080 778 1141; x_wconf 87' lang='lat' dir='ltr'><strong>sibi</strong></span> <span class='ocrx_word' id='word_1_80' title='bbox 829 1098 958 1141; x_wconf 84' lang='lat' dir='ltr'><strong>esse</strong></span> <span class='ocrx_word' id='word_1_81' title='bbox 1005 1078 1383 1158; x_wconf 87' lang='lat' dir='ltr'><strong>imperatam,</strong></span> <span class='ocrx_word' id='word_1_82' title='bbox 1434 1099 1571 1159; x_wconf 88' lang='lat' dir='ltr'><strong>neq.</strong></span> <span class='ocrx_word' id='word_1_83' title='bbox 1622 1083 1767 1140; x_wconf 80' lang='lat' dir='ltr'><strong>vero</strong></span> <span class='ocrx_word' id='word_1_84' title='bbox 1823 1096 1952 1138; x_wconf 88' lang='lat' dir='ltr'><strong>esse</strong></span> <span class='ocrx_word' id='word_1_85' title='bbox 2007 1079 2207 1141; x_wconf 86' lang='lat' dir='ltr'><strong>vtilem</strong></span> <span class='ocrx_word' id='word_1_86' title='bbox 2258 1082 2336 1141; x_wconf 88' lang='lat' dir='ltr'><strong>ad</strong></span> <span class='ocrx_word' id='word_1_87' title='bbox 2387 1079 2753 1141; x_wconf 83' lang='lat' dir='ltr'><strong>functionem</strong></span> <span class='ocrx_word' id='word_1_88' title='bbox 2808 1096 2977 1139; x_wconf 88' lang='lat' dir='ltr'><strong>suam</strong></span> <span class='ocrx_word' id='word_1_89' title='bbox 3029 1079 3599 1139; x_wconf 84' lang='lat' dir='ltr'><strong>animaduerterent:</strong></span> 
     </span>
     <span class='ocr_line' id='line_1_10' title="bbox 664 1157 3600 1239; baseline -0.001 -18"><span class='ocrx_word' id='word_1_90' title='bbox 664 1160 801 1222; x_wconf 76' lang='lat' dir='ltr'><strong>ideo</strong></span> <span class='ocrx_word' id='word_1_91' title='bbox 841 1158 1215 1221; x_wconf 85' lang='lat' dir='ltr'><strong>circumclusi</strong></span> <span class='ocrx_word' id='word_1_92' title='bbox 1255 1160 1538 1221; x_wconf 89' lang='lat' dir='ltr'><strong>cancellis</strong></span> <span class='ocrx_word' id='word_1_93' title='bbox 1579 1157 1909 1220; x_wconf 85' lang='lat' dir='ltr'><strong>vocationis</strong></span> <span class='ocrx_word' id='word_1_94' title='bbox 1951 1178 2123 1237; x_wconf 87' lang='lat' dir='ltr'><strong>suae,</strong></span> <span class='ocrx_word' id='word_1_95' title='bbox 2162 1161 2576 1221; x_wconf 88' lang='lat' dir='ltr'><strong>auctoritatem</strong></span> <span class='ocrx_word' id='word_1_96' title='bbox 2615 1159 3018 1239; x_wconf 76' lang='lat' dir='ltr'><strong>iudiciumque</strong></span> <span class='ocrx_word' id='word_1_97' title='bbox 3057 1160 3137 1220; x_wconf 90' lang='lat' dir='ltr'><strong>de</strong></span> <span class='ocrx_word' id='word_1_98' title='bbox 3169 1158 3431 1219; x_wconf 85' lang='lat' dir='ltr'><strong>ferendis</strong></span> <span class='ocrx_word' id='word_1_99' title='bbox 3464 1160 3600 1239; x_wconf 80' lang='lat' dir='ltr'><strong>legi-</strong></span> 
     </span>
     <span class='ocr_line' id='line_1_11' title="bbox 663 1239 3599 1319; baseline -0 -17"><span class='ocrx_word' id='word_1_100' title='bbox 663 1244 774 1302; x_wconf 85' lang='lat' dir='ltr'><strong>bus</strong></span> <span class='ocrx_word' id='word_1_101' title='bbox 815 1240 1015 1302; x_wconf 86' lang='lat' dir='ltr'><strong>animo</strong></span> <span class='ocrx_word' id='word_1_102' title='bbox 1056 1240 1412 1318; x_wconf 88' lang='lat' dir='ltr'><strong>aequissimo</strong></span> <span class='ocrx_word' id='word_1_103' title='bbox 1457 1239 1526 1301; x_wconf 83' lang='lat' dir='ltr'><strong>iis</strong></span> <span class='ocrx_word' id='word_1_104' title='bbox 1565 1239 2014 1319; x_wconf 80' lang='lat' dir='ltr'><strong>permittebant,</strong></span> <span class='ocrx_word' id='word_1_105' title='bbox 2054 1242 2135 1302; x_wconf 89' lang='lat' dir='ltr'><strong>ad</strong></span> <span class='ocrx_word' id='word_1_106' title='bbox 2173 1260 2327 1319; x_wconf 90' lang='lat' dir='ltr'><strong>quos</strong></span> <span class='ocrx_word' id='word_1_107' title='bbox 2366 1242 2626 1301; x_wconf 87' lang='lat' dir='ltr'><strong>humana</strong></span> <span class='ocrx_word' id='word_1_108' title='bbox 2666 1240 2961 1301; x_wconf 86' lang='lat' dir='ltr'><strong>societatis</strong></span> <span class='ocrx_word' id='word_1_109' title='bbox 3000 1240 3295 1300; x_wconf 87' lang='lat' dir='ltr'><strong>humanae</strong></span> <span class='ocrx_word' id='word_1_110' title='bbox 3335 1241 3599 1319; x_wconf 85' lang='lat' dir='ltr'><strong>cognitio</strong></span> 
     </span>
     <span class='ocr_line' id='line_1_12' title="bbox 663 1319 1492 1400; baseline -0.004 -17"><span class='ocrx_word' id='word_1_111' title='bbox 663 1324 720 1383; x_wconf 74' lang='grc' dir='ltr'><strong>δι</strong></span> <span class='ocrx_word' id='word_1_112' title='bbox 759 1319 1098 1400; x_wconf 86' lang='lat' dir='ltr'><strong>procuratio</strong></span> <span class='ocrx_word' id='word_1_113' title='bbox 1139 1320 1492 1399; x_wconf 88' lang='lat' dir='ltr'><strong>pertinebat.</strong></span> 
     </span>
    </p>

    <p class='ocr_par' dir='ltr' id='par_1_3' title="bbox 648 1398 3604 4500">
     <span class='ocr_line' id='line_1_13' title="bbox 743 1398 3599 1479; baseline -0 -18"><span class='ocrx_word' id='word_1_114' title='bbox 743 1404 924 1461; x_wconf 88' lang='lat' dir='ltr'><strong>Hanc</strong></span> <span class='ocrx_word' id='word_1_115' title='bbox 961 1400 1206 1462; x_wconf 83' lang='lat' dir='ltr'><strong>rationis</strong></span> <span class='ocrx_word' id='word_1_116' title='bbox 1246 1400 1581 1462; x_wconf 88' lang='lat' dir='ltr'><strong>communis</strong></span> <span class='ocrx_word' id='word_1_117' title='bbox 1621 1404 1678 1462; x_wconf 85' lang='lat'>&amp;</span> <span class='ocrx_word' id='word_1_118' title='bbox 1718 1400 1864 1479; x_wconf 86' lang='lat' dir='ltr'><strong>legis</strong></span> <span class='ocrx_word' id='word_1_119' title='bbox 1905 1410 2180 1463; x_wconf 89' lang='lat' dir='ltr'><strong>aeternae</strong></span> <span class='ocrx_word' id='word_1_120' title='bbox 2223 1399 2614 1463; x_wconf 87' lang='lat' dir='ltr'><strong>differentiam</strong></span> <span class='ocrx_word' id='word_1_121' title='bbox 2656 1402 2691 1460; x_wconf 76' lang='lat' dir='ltr'><strong>a</strong></span> <span class='ocrx_word' id='word_1_122' title='bbox 2713 1398 3050 1477; x_wconf 88' lang='lat' dir='ltr'><strong>particulari</strong></span> <span class='ocrx_word' id='word_1_123' title='bbox 3070 1400 3301 1461; x_wconf 87' lang='lat' dir='ltr'><strong>ratione</strong></span> <span class='ocrx_word' id='word_1_124' title='bbox 3320 1404 3377 1462; x_wconf 85' lang='lat'>&amp;</span> <span class='ocrx_word' id='word_1_125' title='bbox 3396 1402 3599 1461; x_wconf 88' lang='lat' dir='ltr'><strong>huma—</strong></span> 
     </span>
     <span class='ocr_line' id='line_1_14' title="bbox 663 1480 3601 1561; baseline 0 -20"><span class='ocrx_word' id='word_1_126' title='bbox 663 1480 757 1543; x_wconf 86' lang='lat' dir='ltr'><strong>nis</strong></span> <span class='ocrx_word' id='word_1_127' title='bbox 808 1482 1065 1560; x_wconf 76' lang='lat' dir='ltr'><strong>legibuS,</strong></span> <span class='ocrx_word' id='word_1_128' title='bbox 1122 1498 1275 1559; x_wconf 89' lang='lat' dir='ltr'><strong>quae</strong></span> <span class='ocrx_word' id='word_1_129' title='bbox 1329 1480 1724 1559; x_wconf 88' lang='lat' dir='ltr'><strong>temporariae</strong></span> <span class='ocrx_word' id='word_1_130' title='bbox 1781 1490 1944 1559; x_wconf 83' lang='lat' dir='ltr'><strong>sunt,</strong></span> <span class='ocrx_word' id='word_1_131' title='bbox 1996 1481 2309 1561; x_wconf 87' lang='lat' dir='ltr'><strong>Augustini</strong></span> <span class='ocrx_word' id='word_1_132' title='bbox 2364 1482 2557 1542; x_wconf 87' lang='lat' dir='ltr'><strong>verbis</strong></span> <span class='ocrx_word' id='word_1_133' title='bbox 2610 1480 3180 1559; x_wconf 80' lang='lat' dir='ltr'><strong>demonstrabimus3</strong></span> <span class='ocrx_word' id='word_1_134' title='bbox 3234 1480 3601 1559; x_wconf 86' lang='lat' dir='ltr'><strong>longioribus</strong></span> 
     </span>
     <span class='ocr_line' id='line_1_15' title="bbox 666 1560 3598 1640; baseline -0.001 -18"><span class='ocrx_word' id='word_1_135' title='bbox 666 1560 907 1640; x_wconf 90' lang='lat' dir='ltr'><strong>quidem</strong></span> <span class='ocrx_word' id='word_1_136' title='bbox 950 1561 1091 1639; x_wconf 86' lang='lat' dir='ltr'><strong>illis,</strong></span> <span class='ocrx_word' id='word_1_137' title='bbox 1133 1561 1240 1622; x_wconf 87' lang='lat' dir='ltr'><strong>sed</strong></span> <span class='ocrx_word' id='word_1_138' title='bbox 1279 1560 1756 1623; x_wconf 87' lang='lat' dir='ltr'><strong>conducentibus</strong></span> <span class='ocrx_word' id='word_1_139' title='bbox 1793 1561 2051 1622; x_wconf 76' lang='lat' dir='ltr'><strong>maxime</strong></span> <span class='ocrx_word' id='word_1_140' title='bbox 2089 1564 2167 1623; x_wconf 90' lang='lat' dir='ltr'><strong>ad</strong></span> <span class='ocrx_word' id='word_1_141' title='bbox 2208 1562 2382 1623; x_wconf 85' lang='lat' dir='ltr'><strong>huius</strong></span> <span class='ocrx_word' id='word_1_142' title='bbox 2422 1560 2507 1622; x_wconf 90' lang='lat' dir='ltr'><strong>rei</strong></span> <span class='ocrx_word' id='word_1_143' title='bbox 2544 1560 3011 1639; x_wconf 88' lang='lat' dir='ltr'><strong>intelligentiam.</strong></span> <span class='ocrx_word' id='word_1_144' title='bbox 3054 1560 3190 1621; x_wconf 90' lang='lat' dir='ltr'><strong>Lib.</strong></span> <span class='ocrx_word' id='word_1_145' title='bbox 3240 1581 3293 1622; x_wconf 89' lang='lat'><strong>1.</strong></span> <span class='ocrx_word' id='word_1_146' title='bbox 3312 1562 3391 1623; x_wconf 88' lang='lat' dir='ltr'><strong>de</strong></span> <span class='ocrx_word' id='word_1_147' title='bbox 3410 1560 3598 1621; x_wconf 88' lang='lat' dir='ltr'><strong>libero</strong></span> 
     </span>
     <span class='ocr_line' id='line_1_16' title="bbox 665 1642 3599 1721; baseline -0.001 -18"><span class='ocrx_word' id='word_1_148' title='bbox 665 1642 794 1704; x_wconf 88' lang='lat' dir='ltr'><strong>arb.</strong></span> <span class='ocrx_word' id='word_1_149' title='bbox 833 1661 969 1719; x_wconf 89' lang='lat' dir='ltr'><strong>cap.</strong></span> <span class='ocrx_word' id='word_1_150' title='bbox 1009 1644 1066 1701; x_wconf 91' lang='lat'><strong>6.</strong></span> <span class='ocrx_word' id='word_1_151' title='bbox 1107 1642 1417 1721; x_wconf 82' lang='lat' dir='ltr'><strong>Responde</strong></span> <span class='ocrx_word' id='word_1_152' title='bbox 1455 1644 1628 1720; x_wconf 79' lang='lat' dir='ltr'><strong>mihi,</strong></span> <span class='ocrx_word' id='word_1_153' title='bbox 1671 1645 1762 1703; x_wconf 91' lang='lat' dir='ltr'><strong>ait</strong></span> <span class='ocrx_word' id='word_1_154' title='bbox 1796 1644 2197 1721; x_wconf 76' lang='lat' dir='ltr'><strong>Augustinus,</strong></span> <span class='ocrx_word' id='word_1_155' title='bbox 2239 1652 2435 1705; x_wconf 69' lang='lat' dir='ltr'><strong>virum</strong></span> <span class='ocrx_word' id='word_1_156' title='bbox 2473 1644 2589 1702; x_wconf 90' lang='lat' dir='ltr'><strong>ista</strong></span> <span class='ocrx_word' id='word_1_157' title='bbox 2630 1645 2719 1701; x_wconf 72' lang='lat' dir='ltr'><strong>lex</strong></span> <span class='ocrx_word' id='word_1_158' title='bbox 2758 1661 2909 1719; x_wconf 90' lang='lat' dir='ltr'><strong>quae</strong></span> <span class='ocrx_word' id='word_1_159' title='bbox 2946 1644 3135 1700; x_wconf 62' lang='lat' dir='ltr'><strong>literis</strong></span> <span class='ocrx_word' id='word_1_160' title='bbox 3147 1644 3599 1720; x_wconf 83' lang='lat' dir='ltr'><strong>promulgatur,</strong></span> 
     </span>
     <span class='ocr_line' id='line_1_17' title="bbox 662 1720 3599 1801; baseline -0.001 -19"><span class='ocrx_word' id='word_1_161' title='bbox 662 1724 987 1783; x_wconf 79' lang='lat' dir='ltr'><strong>hominibus</strong></span> <span class='ocrx_word' id='word_1_162' title='bbox 1037 1722 1191 1781; x_wconf 80' lang='lat' dir='ltr'><strong>hanc</strong></span> <span class='ocrx_word' id='word_1_163' title='bbox 1239 1724 1416 1783; x_wconf 83' lang='lat' dir='ltr'><strong>vitam</strong></span> <span class='ocrx_word' id='word_1_164' title='bbox 1470 1724 1792 1783; x_wconf 73' lang='lat' dir='ltr'><strong>‘uiuentibus</strong></span> <span class='ocrx_word' id='word_1_165' title='bbox 1842 1724 2159 1799; x_wconf 80' lang='lat' dir='ltr'><strong>opituletur</strong></span> <span class='ocrx_word' id='word_1_166' title='bbox 2172 1722 2207 1782; x_wconf 78' lang='lat'><strong>,¹³</strong></span> <span class='ocrx_word' id='word_1_167' title='bbox 2272 1722 2385 1782; x_wconf 87' lang='lat' dir='ltr'><strong>Cui</strong></span> <span class='ocrx_word' id='word_1_168' title='bbox 2434 1722 2703 1782; x_wconf 88' lang='lat' dir='ltr'><strong>Euodius</strong></span> <span class='ocrx_word' id='word_1_169' title='bbox 2718 1766 2737 1799; x_wconf 84' lang='lat'><strong>,</strong></span> <span class='ocrx_word' id='word_1_170' title='bbox 2786 1720 3190 1796; x_wconf 81' lang='lat' dir='ltr'><strong>Manifestum</strong></span> <span class='ocrx_word' id='word_1_171' title='bbox 3231 1730 3341 1801; x_wconf 83' lang='lat' dir='ltr'><strong>est,</strong></span> <span class='ocrx_word' id='word_1_172' title='bbox 3382 1724 3599 1799; x_wconf 83' lang='lat' dir='ltr'><strong>inquit:</strong></span> 
     </span>
     <span class='ocr_line' id='line_1_18' title="bbox 661 1802 3603 1882; baseline -0 -20"><span class='ocrx_word' id='word_1_173' title='bbox 661 1822 798 1863; x_wconf 89' lang='lat' dir='ltr'><strong>nam</strong></span> <span class='ocrx_word' id='word_1_174' title='bbox 839 1822 914 1862; x_wconf 86' lang='lat' dir='ltr'><strong>ex</strong></span> <span class='ocrx_word' id='word_1_175' title='bbox 953 1802 1048 1861; x_wconf 80' lang='lat' dir='ltr'><strong>his</strong></span> <span class='ocrx_word' id='word_1_176' title='bbox 1082 1802 1408 1861; x_wconf 76' lang='lat' dir='ltr'><strong>hominibus</strong></span> <span class='ocrx_word' id='word_1_177' title='bbox 1448 1806 1644 1881; x_wconf 84' lang='lat' dir='ltr'><strong>vtique</strong></span> <span class='ocrx_word' id='word_1_178' title='bbox 1670 1804 1891 1882; x_wconf 83' lang='lat' dir='ltr'><strong>populi</strong></span> <span class='ocrx_word' id='word_1_179' title='bbox 1925 1804 2298 1881; x_wconf 79' lang='lat' dir='ltr'><strong>ciuitate‘sque</strong></span> <span class='ocrx_word' id='word_1_180' title='bbox 2338 1805 2673 1863; x_wconf 86' lang='lat' dir='ltr'><strong>consistunt.</strong></span> <span class='ocrx_word' id='word_1_181' title='bbox 2726 1803 2893 1878; x_wconf 84' lang='lat' dir='ltr'><strong>Quid</strong></span> <span class='ocrx_word' id='word_1_182' title='bbox 2925 1803 3047 1881; x_wconf 76' lang='lat' dir='ltr'><strong>ipsi</strong></span> <span class='ocrx_word' id='word_1_183' title='bbox 3078 1803 3369 1878; x_wconf 79' lang='lat' dir='ltr'><strong>homines,</strong></span> <span class='ocrx_word' id='word_1_184' title='bbox 3412 1804 3603 1879; x_wconf 80' lang='lat' dir='ltr'><strong>inquit</strong></span> 
     </span>
     <span class='ocr_line' id='line_1_19' title="bbox 663 1880 3597 1961; baseline 0 -19"><span class='ocrx_word' id='word_1_185' title='bbox 663 1884 1034 1959; x_wconf 78' lang='lat' dir='ltr'><strong>Augustinus</strong></span> <span class='ocrx_word' id='word_1_186' title='bbox 1049 1928 1065 1959; x_wconf 89' lang='lat'><strong>,</strong></span> <span class='ocrx_word' id='word_1_187' title='bbox 1121 1882 1198 1943; x_wconf 69' lang='grc' dir='ltr'><strong>ὁ·</strong></span> <span class='ocrx_word' id='word_1_188' title='bbox 1243 1885 1450 1959; x_wconf 82' lang='lat' dir='ltr'><strong>populi</strong></span> <span class='ocrx_word' id='word_1_189' title='bbox 1460 1880 1496 1941; x_wconf 67' lang='grc' dir='ltr'><strong>ι’</strong></span> <span class='ocrx_word' id='word_1_190' title='bbox 1539 1884 1730 1942; x_wconf 66' lang='lat' dir='ltr'><strong>eiusne</strong></span> <span class='ocrx_word' id='word_1_191' title='bbox 1755 1886 1997 1959; x_wconf 90' lang='lat' dir='ltr'><strong>generis</strong></span> <span class='ocrx_word' id='word_1_192' title='bbox 2033 1902 2235 1943; x_wconf 89' lang='lat' dir='ltr'><strong>rerum</strong></span> <span class='ocrx_word' id='word_1_193' title='bbox 2274 1892 2442 1959; x_wconf 89' lang='lat' dir='ltr'><strong>sunt,</strong></span> <span class='ocrx_word' id='word_1_194' title='bbox 2482 1891 2548 1943; x_wconf 86' lang='lat' dir='ltr'><strong>vt</strong></span> <span class='ocrx_word' id='word_1_195' title='bbox 2580 1884 2825 1941; x_wconf 84' lang='lat' dir='ltr'><strong>interire</strong></span> <span class='ocrx_word' id='word_1_196' title='bbox 2861 1888 3156 1942; x_wconf 78' lang='lat' dir='ltr'><strong>mutarive</strong></span> <span class='ocrx_word' id='word_1_197' title='bbox 3196 1902 3307 1943; x_wconf 79' lang='lat' dir='ltr'><strong>non</strong></span> <span class='ocrx_word' id='word_1_198' title='bbox 3336 1885 3597 1961; x_wconf 78' lang='lat' dir='ltr'><strong>possint,</strong></span> 
     </span>
     <span class='ocr_line' id='line_1_20' title="bbox 667 1960 3596 2044; baseline -0 -22"><span class='ocrx_word' id='word_1_199' title='bbox 667 1969 1000 2040; x_wconf 73' lang='lat' dir='ltr'><strong>aeternique</strong></span> <span class='ocrx_word' id='word_1_200' title='bbox 1058 1964 1288 2021; x_wconf 88' lang='lat' dir='ltr'><strong>omnino</strong></span> <span class='ocrx_word' id='word_1_201' title='bbox 1346 1964 1502 2034; x_wconf 90' lang='lat' dir='ltr'><strong>sint,·</strong></span> <span class='ocrx_word' id='word_1_202' title='bbox 1553 1984 1632 2022; x_wconf 90' lang='lat' dir='ltr'><strong>an</strong></span> <span class='ocrx_word' id='word_1_203' title='bbox 1684 1965 1824 2025; x_wconf 83' lang='lat' dir='ltr'><strong>verb</strong></span> <span class='ocrx_word' id='word_1_204' title='bbox 1872 1964 2176 2023; x_wconf 82' lang='lat' dir='ltr'><strong>mutabiles</strong></span> <span class='ocrx_word' id='word_1_205' title='bbox 2190 2010 2207 2041; x_wconf 99' lang='lat'><strong>,</strong></span> <span class='ocrx_word' id='word_1_206' title='bbox 2262 1962 2724 2044; x_wconf 82' lang='lat' dir='ltr'><strong>temporibusque</strong></span> <span class='ocrx_word' id='word_1_207' title='bbox 2774 1962 3015 2021; x_wconf 86' lang='lat' dir='ltr'><strong>subiecti</strong></span> <span class='ocrx_word' id='word_1_208' title='bbox 3057 1960 3241 2021; x_wconf 72' lang='lat' dir='ltr'><strong>sunt?</strong></span> <span class='ocrx_word' id='word_1_209' title='bbox 3298 1964 3565 2021; x_wconf 83' lang='lat' dir='ltr'><strong>Euodius</strong></span> <span class='ocrx_word' id='word_1_210' title='bbox 3578 2006 3596 2035; x_wconf 88' lang='lat'><strong>,</strong></span> 
     </span>
     <span class='ocr_line' id='line_1_21' title="bbox 663 2039 3597 2121; baseline -0.001 -18"><span class='ocrx_word' id='word_1_211' title='bbox 663 2044 960 2103; x_wconf 90' lang='lat' dir='ltr'><strong>Mutabile</strong></span> <span class='ocrx_word' id='word_1_212' title='bbox 995 2043 1216 2121; x_wconf 56' lang='lat' dir='ltr'><strong>plani,</strong></span> <span class='ocrx_word' id='word_1_213' title='bbox 1272 2045 1488 2121; x_wconf 87' lang='lat' dir='ltr'><strong>inquit,</strong></span> <span class='ocrx_word' id='word_1_214' title='bbox 1539 2052 1712 2121; x_wconf 90' lang='lat' dir='ltr'><strong>atque</strong></span> <span class='ocrx_word' id='word_1_215' title='bbox 1766 2045 2018 2119; x_wconf 83' lang='lat' dir='ltr'><strong>tempori</strong></span> <span class='ocrx_word' id='word_1_216' title='bbox 2065 2046 2373 2104; x_wconf 74' lang='lat' dir='ltr'><strong>obnoxium</strong></span> <span class='ocrx_word' id='word_1_217' title='bbox 2424 2044 2533 2103; x_wconf 78' lang='lat' dir='ltr'><strong>hoc</strong></span> <span class='ocrx_word' id='word_1_218' title='bbox 2564 2062 2756 2119; x_wconf 87' lang='lat' dir='ltr'><strong>genus</strong></span> <span class='ocrx_word' id='word_1_219' title='bbox 2795 2061 2916 2101; x_wconf 88' lang='lat' dir='ltr'><strong>esse</strong></span> <span class='ocrx_word' id='word_1_220' title='bbox 2953 2044 3086 2119; x_wconf 88' lang='lat' dir='ltr'><strong>quis</strong></span> <span class='ocrx_word' id='word_1_221' title='bbox 3126 2039 3383 2103; x_wconf 65' lang='lat' dir='ltr'><strong>dubitet!³</strong></span> <span class='ocrx_word' id='word_1_222' title='bbox 3455 2043 3597 2101; x_wconf 83' lang='lat' dir='ltr'><strong>Tum</strong></span> 
     </span>
     <span class='ocr_line' id='line_1_22' title="bbox 665 2122 3596 2202; baseline -0.001 -21"><span class='ocrx_word' id='word_1_223' title='bbox 665 2123 1035 2201; x_wconf 83' lang='lat' dir='ltr'><strong>Augustinus</strong></span> <span class='ocrx_word' id='word_1_224' title='bbox 1050 2168 1068 2201; x_wconf 87' lang='lat'><strong>,</strong></span> <span class='ocrx_word' id='word_1_225' title='bbox 1107 2122 1284 2198; x_wconf 88' lang='lat' dir='ltr'><strong>Ergo</strong></span> <span class='ocrx_word' id='word_1_226' title='bbox 1319 2125 1378 2181; x_wconf 91' lang='lat' dir='ltr'><strong>si</strong></span> <span class='ocrx_word' id='word_1_227' title='bbox 1401 2127 1664 2202; x_wconf 84' lang='lat' dir='ltr'><strong>populus</strong></span> <span class='ocrx_word' id='word_1_228' title='bbox 1701 2124 1782 2183; x_wconf 88' lang='lat' dir='ltr'><strong>sit</strong></span> <span class='ocrx_word' id='word_1_229' title='bbox 1817 2123 1953 2183; x_wconf 88' lang='lat' dir='ltr'><strong>bene</strong></span> <span class='ocrx_word' id='word_1_230' title='bbox 1991 2125 2324 2185; x_wconf 82' lang='lat' dir='ltr'><strong>moderatus</strong></span> <span class='ocrx_word' id='word_1_231' title='bbox 2359 2125 2435 2183; x_wconf 63' lang='grc' dir='ltr'><strong>ὁ*</strong></span> <span class='ocrx_word' id='word_1_232' title='bbox 2459 2126 2713 2201; x_wconf 87' lang='lat' dir='ltr'><strong>grauis,</strong></span> <span class='ocrx_word' id='word_1_233' title='bbox 2749 2128 3174 2199; x_wconf 79' lang='lat' dir='ltr'><strong>communisque</strong></span> <span class='ocrx_word' id='word_1_234' title='bbox 3192 2123 3459 2184; x_wconf 70' lang='lat' dir='ltr'><strong>militatis</strong></span> <span class='ocrx_word' id='word_1_235' title='bbox 3478 2123 3596 2180; x_wconf 70' lang='lat' dir='ltr'><strong>‹mi-</strong></span> 
     </span>
     <span class='ocr_line' id='line_1_23' title="bbox 662 2203 3599 2282; baseline 0 -21"><span class='ocrx_word' id='word_1_236' title='bbox 662 2204 1038 2279; x_wconf 86' lang='lat' dir='ltr'><strong>gentissimus</strong></span> <span class='ocrx_word' id='word_1_237' title='bbox 1095 2210 1285 2262; x_wconf 89' lang='lat' dir='ltr'><strong>custos</strong></span> <span class='ocrx_word' id='word_1_238' title='bbox 1303 2247 1320 2279; x_wconf 95' lang='lat'><strong>,</strong></span> <span class='ocrx_word' id='word_1_239' title='bbox 1377 2204 1439 2262; x_wconf 89' lang='lat' dir='ltr'><strong>in</strong></span> <span class='ocrx_word' id='word_1_240' title='bbox 1481 2224 1596 2280; x_wconf 90' lang='lat' dir='ltr'><strong>quo</strong></span> <span class='ocrx_word' id='word_1_241' title='bbox 1636 2205 1972 2281; x_wconf 86' lang='lat' dir='ltr'><strong>vnusquisq.</strong></span> <span class='ocrx_word' id='word_1_242' title='bbox 2014 2205 2263 2264; x_wconf 77' lang='lat' dir='ltr'><strong>minores</strong></span> <span class='ocrx_word' id='word_1_243' title='bbox 2300 2224 2424 2262; x_wconf 90' lang='lat' dir='ltr'><strong>rem</strong></span> <span class='ocrx_word' id='word_1_244' title='bbox 2448 2205 2763 2281; x_wconf 83' lang='lat' dir='ltr'><strong>priuatam</strong></span> <span class='ocrx_word' id='word_1_245' title='bbox 2803 2222 2979 2280; x_wconf 89' lang='lat' dir='ltr'><strong>quam</strong></span> <span class='ocrx_word' id='word_1_246' title='bbox 3009 2203 3313 2282; x_wconf 85' lang='lat' dir='ltr'><strong>publicam</strong></span> <span class='ocrx_word' id='word_1_247' title='bbox 3350 2204 3567 2274; x_wconf 79' lang='lat' dir='ltr'><strong>pendat</strong></span> <span class='ocrx_word' id='word_1_248' title='bbox 3574 2218 3599 2274; x_wconf 88' lang='grc'><strong><em>;</em></strong></span> 
     </span>
     <span class='ocr_line' id='line_1_24' title="bbox 665 2282 3599 2422; baseline -0.001 -79"><span class='ocrx_word' id='word_1_249' title='bbox 665 2288 854 2343; x_wconf 75' lang='lat' dir='ltr'><strong>ndnne</strong></span> <span class='ocrx_word' id='word_1_250' title='bbox 903 2284 1058 2341; x_wconf 60' lang='lat' dir='ltr'><strong>rect&amp;</strong></span> <span class='ocrx_word' id='word_1_251' title='bbox 1095 2285 1192 2342; x_wconf 90' lang='lat' dir='ltr'><strong>lex</strong></span> <span class='ocrx_word' id='word_1_252' title='bbox 1215 2282 1452 2361; x_wconf 86' lang='lat' dir='ltr'><strong>fertur,</strong></span> <span class='ocrx_word' id='word_1_253' title='bbox 1493 2302 1613 2362; x_wconf 91' lang='lat' dir='ltr'><strong>qua</strong></span> <span class='ocrx_word' id='word_1_254' title='bbox 1654 2283 1790 2342; x_wconf 80' lang='lat' dir='ltr'><strong>huic</strong></span> <span class='ocrx_word' id='word_1_255' title='bbox 1827 2284 1946 2360; x_wconf 77' lang='lat' dir='ltr'><strong>ipsi</strong></span> <span class='ocrx_word' id='word_1_256' title='bbox 1970 2286 2201 2422; x_wconf 60' lang='lat' dir='ltr'><strong>populo</strong></span> <span class='ocrx_word' id='word_1_257' title='bbox 2240 2286 2417 2344; x_wconf 85' lang='lat' dir='ltr'><strong>liceat</strong></span> <span class='ocrx_word' id='word_1_258' title='bbox 2450 2302 2659 2343; x_wconf 88' lang='lat' dir='ltr'><strong>creare</strong></span> <span class='ocrx_word' id='word_1_259' title='bbox 2697 2284 2811 2341; x_wconf 88' lang='lat' dir='ltr'><strong>sibi</strong></span> <span class='ocrx_word' id='word_1_260' title='bbox 2846 2284 3264 2359; x_wconf 74' lang='lat' dir='ltr'><strong>magistratus,</strong></span> <span class='ocrx_word' id='word_1_261' title='bbox 3306 2290 3422 2359; x_wconf 83' lang='lat' dir='ltr'><strong>per</strong></span> <span class='ocrx_word' id='word_1_262' title='bbox 3460 2302 3599 2359; x_wconf 87' lang='lat' dir='ltr'><strong>quos</strong></span> 
     </span>
     <span class='ocr_line' id='line_1_25' title="bbox 668 2360 3597 2442; baseline -0.001 -20"><span class='ocrx_word' id='word_1_263' title='bbox 668 2382 779 2423; x_wconf 91' lang='lat' dir='ltr'><strong>sua</strong></span> <span class='ocrx_word' id='word_1_264' title='bbox 817 2383 915 2424; x_wconf 89' lang='lat' dir='ltr'><strong>res</strong></span> <span class='ocrx_word' id='word_1_265' title='bbox 931 2408 948 2442; x_wconf 91' lang='lat'><strong>,</strong></span> <span class='ocrx_word' id='word_1_266' title='bbox 989 2364 1059 2422; x_wconf 89' lang='lat' dir='ltr'><strong>id</strong></span> <span class='ocrx_word' id='word_1_267' title='bbox 1089 2370 1204 2442; x_wconf 85' lang='lat' dir='ltr'><strong>est,</strong></span> <span class='ocrx_word' id='word_1_268' title='bbox 1239 2364 1476 2440; x_wconf 83' lang='lat' dir='ltr'><strong>publica</strong></span> <span class='ocrx_word' id='word_1_269' title='bbox 1519 2364 1959 2423; x_wconf 84' lang='lat' dir='ltr'><strong>administretur</strong></span> <span class='ocrx_word' id='word_1_270' title='bbox 2054 2363 2169 2422; x_wconf 88' lang='lat' dir='ltr'><strong>Cui</strong></span> <span class='ocrx_word' id='word_1_271' title='bbox 2202 2366 2473 2423; x_wconf 83' lang='lat' dir='ltr'><strong>Euodius</strong></span> <span class='ocrx_word' id='word_1_272' title='bbox 2487 2407 2506 2442; x_wconf 84' lang='lat'><strong>,</strong></span> <span class='ocrx_word' id='word_1_273' title='bbox 2539 2362 2716 2421; x_wconf 54' lang='lat' dir='ltr'><strong>Recte</strong></span> <span class='ocrx_word' id='word_1_274' title='bbox 2730 2372 3005 2441; x_wconf 76' lang='lat' dir='ltr'><strong>prorsus.</strong></span> <span class='ocrx_word' id='word_1_275' title='bbox 3044 2364 3131 2422; x_wconf 82' lang='lat' dir='ltr'><em>H</em></span> <span class='ocrx_word' id='word_1_276' title='bbox 3124 2360 3179 2422; x_wconf 76' lang='lat' dir='ltr'><strong>ic</strong></span> <span class='ocrx_word' id='word_1_277' title='bbox 3198 2364 3568 2439; x_wconf 82' lang='lat' dir='ltr'><strong>Augustinus</strong></span> <span class='ocrx_word' id='word_1_278' title='bbox 3581 2406 3597 2439; x_wconf 82' lang='lat'><strong>,</strong></span> 
     </span>
     <span class='ocr_line' id='line_1_26' title="bbox 667 2443 3599 2526; baseline -0.001 -22"><span class='ocrx_word' id='word_1_279' title='bbox 667 2447 871 2504; x_wconf 82' lang='lat' dir='ltr'><strong>Porrb</strong></span> <span class='ocrx_word' id='word_1_280' title='bbox 926 2446 986 2502; x_wconf 89' lang='lat' dir='ltr'><strong>si</strong></span> <span class='ocrx_word' id='word_1_281' title='bbox 1033 2445 1325 2520; x_wconf 85' lang='lat' dir='ltr'><strong>paulatim</strong></span> <span class='ocrx_word' id='word_1_282' title='bbox 1389 2445 1752 2523; x_wconf 83' lang='lat' dir='ltr'><strong>deprauatus</strong></span> <span class='ocrx_word' id='word_1_283' title='bbox 1811 2445 1958 2503; x_wconf 88' lang='lat' dir='ltr'><strong>idem</strong></span> <span class='ocrx_word' id='word_1_284' title='bbox 1997 2449 2264 2524; x_wconf 87' lang='lat' dir='ltr'><strong>populus</strong></span> <span class='ocrx_word' id='word_1_285' title='bbox 2314 2465 2439 2504; x_wconf 88' lang='lat' dir='ltr'><strong>rem</strong></span> <span class='ocrx_word' id='word_1_286' title='bbox 2466 2446 2783 2526; x_wconf 88' lang='lat' dir='ltr'><strong>priuatam</strong></span> <span class='ocrx_word' id='word_1_287' title='bbox 2824 2445 2919 2502; x_wconf 92' lang='lat' dir='ltr'><strong>rei</strong></span> <span class='ocrx_word' id='word_1_288' title='bbox 2946 2443 3227 2523; x_wconf 88' lang='lat' dir='ltr'><strong>publicae</strong></span> <span class='ocrx_word' id='word_1_289' title='bbox 3250 2443 3599 2522; x_wconf 84' lang='lat' dir='ltr'><strong>praeferat,</strong></span> 
     </span>
     <span class='ocr_line' id='line_1_27' title="bbox 665 2525 3599 2603; baseline -0.001 -19"><span class='ocrx_word' id='word_1_290' title='bbox 665 2532 839 2602; x_wconf 92' lang='lat' dir='ltr'><strong>atque</strong></span> <span class='ocrx_word' id='word_1_291' title='bbox 875 2525 1092 2584; x_wconf 79' lang='lat' dir='ltr'><strong>habeat</strong></span> <span class='ocrx_word' id='word_1_292' title='bbox 1127 2526 1328 2586; x_wconf 85' lang='lat' dir='ltr'><strong>venale</strong></span> <span class='ocrx_word' id='word_1_293' title='bbox 1365 2544 1436 2583; x_wconf 90' lang='lat' dir='ltr'><strong>su</strong></span> <span class='ocrx_word' id='word_1_294' title='bbox 1425 2525 1732 2602; x_wconf 79' lang='lat' dir='ltr'><strong>ffragium</strong></span> <span class='ocrx_word' id='word_1_295' title='bbox 1745 2570 1762 2603; x_wconf 93' lang='lat'><strong>,</strong></span> <span class='ocrx_word' id='word_1_296' title='bbox 1805 2531 2231 2602; x_wconf 73' lang='lat' dir='ltr'><strong>corruptasque</strong></span> <span class='ocrx_word' id='word_1_297' title='bbox 2269 2527 2344 2585; x_wconf 92' lang='lat' dir='ltr'><strong>ab</strong></span> <span class='ocrx_word' id='word_1_298' title='bbox 2387 2527 2468 2584; x_wconf 89' lang='lat' dir='ltr'><strong>eis</strong></span> <span class='ocrx_word' id='word_1_299' title='bbox 2508 2527 2616 2602; x_wconf 92' lang='lat' dir='ltr'><strong>qui</strong></span> <span class='ocrx_word' id='word_1_300' title='bbox 2650 2525 2904 2584; x_wconf 79' lang='lat' dir='ltr'><strong>honores</strong></span> <span class='ocrx_word' id='word_1_301' title='bbox 2942 2531 3151 2583; x_wconf 86' lang='lat' dir='ltr'><strong>amant</strong></span> <span class='ocrx_word' id='word_1_302' title='bbox 3182 2525 3441 2599; x_wconf 81' lang='lat' dir='ltr'><strong>regimen</strong></span> <span class='ocrx_word' id='word_1_303' title='bbox 3462 2525 3526 2582; x_wconf 88' lang='lat' dir='ltr'><strong>in</strong></span> <span class='ocrx_word' id='word_1_304' title='bbox 3543 2541 3599 2582; x_wconf 91' lang='lat' dir='ltr'><strong>se</strong></span> 
     </span>
     <span class='ocr_line' id='line_1_28' title="bbox 648 2604 3595 2684; baseline -0.001 -20"><span class='ocrx_word' id='word_1_305' title='bbox 648 2606 982 2681; x_wconf 81' lang='lat' dir='ltr'><strong>flagitiosis</strong></span> <span class='ocrx_word' id='word_1_306' title='bbox 1023 2607 1534 2682; x_wconf 76' lang='lat' dir='ltr'><strong>consceleratisque</strong></span> <span class='ocrx_word' id='word_1_307' title='bbox 1569 2607 1908 2684; x_wconf 87' lang='lat' dir='ltr'><strong>committat,</strong></span> <span class='ocrx_word' id='word_1_308' title='bbox 1950 2625 2138 2664; x_wconf 91' lang='lat' dir='ltr'><strong>nonne</strong></span> <span class='ocrx_word' id='word_1_309' title='bbox 2176 2608 2307 2666; x_wconf 87' lang='lat' dir='ltr'><strong>item</strong></span> <span class='ocrx_word' id='word_1_310' title='bbox 2350 2605 2499 2665; x_wconf 59' lang='lat' dir='ltr'><strong>recti</strong></span> <span class='ocrx_word' id='word_1_311' title='bbox 2514 2649 2531 2682; x_wconf 87' lang='lat'><strong>,</strong></span> <span class='ocrx_word' id='word_1_312' title='bbox 2572 2605 2759 2680; x_wconf 88' lang='lat' dir='ltr'><strong>siquis</strong></span> <span class='ocrx_word' id='word_1_313' title='bbox 2797 2612 2931 2664; x_wconf 86' lang='lat' dir='ltr'><strong>tunc</strong></span> <span class='ocrx_word' id='word_1_314' title='bbox 2971 2605 3262 2663; x_wconf 70' lang='lat' dir='ltr'><strong>exstiterit</strong></span> <span class='ocrx_word' id='word_1_315' title='bbox 3290 2605 3389 2664; x_wconf 70' lang='lat' dir='ltr'><strong>vir</strong></span> <span class='ocrx_word' id='word_1_316' title='bbox 3421 2604 3595 2662; x_wconf 81' lang='lat' dir='ltr'><strong>bonus</strong></span> 
     </span>
     <span class='ocr_line' id='line_1_29' title="bbox 667 2685 3597 2764; baseline -0 -22"><span class='ocrx_word' id='word_1_317' title='bbox 667 2687 772 2762; x_wconf 88' lang='lat' dir='ltr'><strong>qui</strong></span> <span class='ocrx_word' id='word_1_318' title='bbox 812 2687 1145 2763; x_wconf 88' lang='lat' dir='ltr'><strong>plurimum</strong></span> <span class='ocrx_word' id='word_1_319' title='bbox 1192 2687 1410 2763; x_wconf 83' lang='lat' dir='ltr'><strong>possit,</strong></span> <span class='ocrx_word' id='word_1_320' title='bbox 1449 2687 1676 2744; x_wconf 82' lang='lat' dir='ltr'><strong>adimat</strong></span> <span class='ocrx_word' id='word_1_321' title='bbox 1710 2686 1846 2745; x_wconf 79' lang='lat' dir='ltr'><strong>huic</strong></span> <span class='ocrx_word' id='word_1_322' title='bbox 1872 2687 2098 2764; x_wconf 77' lang='lat' dir='ltr'><strong>populo</strong></span> <span class='ocrx_word' id='word_1_323' title='bbox 2130 2693 2470 2762; x_wconf 79' lang='lat' dir='ltr'><strong>potestatem</strong></span> <span class='ocrx_word' id='word_1_324' title='bbox 2512 2685 2699 2744; x_wconf 87' lang='lat' dir='ltr'><strong>dandi</strong></span> <span class='ocrx_word' id='word_1_325' title='bbox 2730 2685 2983 2744; x_wconf 79' lang='lat' dir='ltr'><strong>honores</strong></span> <span class='ocrx_word' id='word_1_326' title='bbox 2998 2728 3015 2761; x_wconf 87' lang='lat'><strong>,</strong></span> <span class='ocrx_word' id='word_1_327' title='bbox 3056 2685 3135 2742; x_wconf 68' lang='grc' dir='ltr'><strong>ὁ·</strong></span> <span class='ocrx_word' id='word_1_328' title='bbox 3178 2687 3241 2742; x_wconf 89' lang='lat' dir='ltr'><strong>in</strong></span> <span class='ocrx_word' id='word_1_329' title='bbox 3275 2691 3597 2760; x_wconf 74' lang='lat' dir='ltr'><strong>paucorum</strong></span> 
     </span>
     <span class='ocr_line' id='line_1_30' title="bbox 663 2763 3598 2841; baseline -0.001 -17"><span class='ocrx_word' id='word_1_330' title='bbox 663 2767 947 2825; x_wconf 88' lang='lat' dir='ltr'><strong>bonorum</strong></span> <span class='ocrx_word' id='word_1_331' title='bbox 1007 2767 1106 2826; x_wconf 84' lang='lat' dir='ltr'><strong>vel</strong></span> <span class='ocrx_word' id='word_1_332' title='bbox 1156 2767 1328 2825; x_wconf 85' lang='lat' dir='ltr'><strong>etiam</strong></span> <span class='ocrx_word' id='word_1_333' title='bbox 1387 2767 1558 2826; x_wconf 84' lang='lat' dir='ltr'><strong>vuius</strong></span> <span class='ocrx_word' id='word_1_334' title='bbox 1617 2767 1857 2841; x_wconf 75' lang='lat' dir='ltr'><strong>redigat</strong></span> <span class='ocrx_word' id='word_1_335' title='bbox 1913 2767 2225 2824; x_wconf 81' lang='lat' dir='ltr'><strong>arbitrium</strong></span> <span class='ocrx_word' id='word_1_336' title='bbox 2241 2763 2277 2824; x_wconf 67' lang='grc' dir='ltr'><strong>ι’</strong></span> <span class='ocrx_word' id='word_1_337' title='bbox 2316 2767 2406 2824; x_wconf 89' lang='lat' dir='ltr'><strong>Et</strong></span> <span class='ocrx_word' id='word_1_338' title='bbox 2438 2767 2509 2825; x_wconf 87' lang='lat' dir='ltr'><strong>id</strong></span> <span class='ocrx_word' id='word_1_339' title='bbox 2540 2765 2719 2840; x_wconf 61' lang='lat' dir='ltr'><strong>rect),</strong></span> <span class='ocrx_word' id='word_1_340' title='bbox 2759 2766 2850 2823; x_wconf 89' lang='lat' dir='ltr'><strong>ait</strong></span> <span class='ocrx_word' id='word_1_341' title='bbox 2884 2765 3171 2822; x_wconf 88' lang='lat' dir='ltr'><strong>Euodius.</strong></span> <span class='ocrx_word' id='word_1_342' title='bbox 3240 2763 3387 2822; x_wconf 74' lang='lat' dir='ltr'><strong>Cum</strong></span> <span class='ocrx_word' id='word_1_343' title='bbox 3428 2782 3598 2839; x_wconf 84' lang='lat' dir='ltr'><strong>ergo,</strong></span> 
     </span>
     <span class='ocr_line' id='line_1_31' title="bbox 664 2845 3599 2923; baseline -0 -20"><span class='ocrx_word' id='word_1_344' title='bbox 664 2845 1035 2923; x_wconf 83' lang='lat' dir='ltr'><strong>Augustinus</strong></span> <span class='ocrx_word' id='word_1_345' title='bbox 1067 2847 1286 2922; x_wconf 88' lang='lat' dir='ltr'><strong>inquit,</strong></span> <span class='ocrx_word' id='word_1_346' title='bbox 1326 2846 1477 2904; x_wconf 82' lang='lat' dir='ltr'><strong>duae</strong></span> <span class='ocrx_word' id='word_1_347' title='bbox 1515 2847 1662 2905; x_wconf 86' lang='lat' dir='ltr'><strong>istae</strong></span> <span class='ocrx_word' id='word_1_348' title='bbox 1699 2847 1859 2920; x_wconf 88' lang='lat' dir='ltr'><strong>leges</strong></span> <span class='ocrx_word' id='word_1_349' title='bbox 1897 2847 1984 2904; x_wconf 87' lang='lat' dir='ltr'><strong>ita</strong></span> <span class='ocrx_word' id='word_1_350' title='bbox 2025 2845 2143 2905; x_wconf 87' lang='lat' dir='ltr'><strong>sibi</strong></span> <span class='ocrx_word' id='word_1_351' title='bbox 2178 2847 2488 2907; x_wconf 83' lang='lat' dir='ltr'><strong>videantur</strong></span> <span class='ocrx_word' id='word_1_352' title='bbox 2526 2863 2647 2904; x_wconf 86' lang='lat' dir='ltr'><strong>esse</strong></span> <span class='ocrx_word' id='word_1_353' title='bbox 2685 2845 3046 2921; x_wconf 83' lang='lat' dir='ltr'><strong>contrariae,</strong></span> <span class='ocrx_word' id='word_1_354' title='bbox 3088 2845 3152 2920; x_wconf 82' lang='lat' dir='ltr'><strong>(f.</strong></span> <span class='ocrx_word' id='word_1_355' title='bbox 3190 2845 3368 2920; x_wconf 84' lang='lat'>1479)</span> <span class='ocrx_word' id='word_1_356' title='bbox 3408 2853 3475 2904; x_wconf 86' lang='lat' dir='ltr'><strong>vt</strong></span> <span class='ocrx_word' id='word_1_357' title='bbox 3488 2863 3599 2905; x_wconf 76' lang='lat' dir='ltr'><strong>vna</strong></span> 
     </span>
     <span class='ocr_line' id='line_1_32' title="bbox 666 2923 3599 3006; baseline -0.001 -22"><span class='ocrx_word' id='word_1_358' title='bbox 666 2944 866 2984; x_wconf 83' lang='lat' dir='ltr'><strong>earum</strong></span> <span class='ocrx_word' id='word_1_359' title='bbox 925 2925 1212 2984; x_wconf 80' lang='lat' dir='ltr'><strong>honorum</strong></span> <span class='ocrx_word' id='word_1_360' title='bbox 1271 2925 1599 2985; x_wconf 85' lang='lat' dir='ltr'><strong>dandorum</strong></span> <span class='ocrx_word' id='word_1_361' title='bbox 1648 2927 1870 3003; x_wconf 87' lang='lat' dir='ltr'><strong>populo</strong></span> <span class='ocrx_word' id='word_1_362' title='bbox 1932 2925 2160 2985; x_wconf 87' lang='lat' dir='ltr'><strong>tribuat</strong></span> <span class='ocrx_word' id='word_1_363' title='bbox 2199 2933 2545 3006; x_wconf 83' lang='lat' dir='ltr'><strong>potestatem</strong></span> <span class='ocrx_word' id='word_1_364' title='bbox 2562 2969 2579 3002; x_wconf 88' lang='lat'><strong>,</strong></span> <span class='ocrx_word' id='word_1_365' title='bbox 2640 2923 2890 3001; x_wconf 88' lang='lat' dir='ltr'><strong>auferat</strong></span> <span class='ocrx_word' id='word_1_366' title='bbox 2933 2925 3162 2996; x_wconf 84' lang='lat' dir='ltr'><strong>altera,·</strong></span> <span class='ocrx_word' id='word_1_367' title='bbox 3204 2925 3285 2982; x_wconf 51' lang='grc' dir='ltr'><strong>ὁ»</strong></span> <span class='ocrx_word' id='word_1_368' title='bbox 3319 2925 3449 2982; x_wconf 71' lang='lat' dir='ltr'><strong>ciem</strong></span> <span class='ocrx_word' id='word_1_369' title='bbox 3488 2925 3599 2982; x_wconf 87' lang='lat' dir='ltr'><strong>ista</strong></span> 
     </span>
     <span class='ocr_line' id='line_1_33' title="bbox 667 3005 3596 3082; baseline -0.001 -19"><span class='ocrx_word' id='word_1_370' title='bbox 667 3007 919 3064; x_wconf 88' lang='lat' dir='ltr'><strong>secunda</strong></span> <span class='ocrx_word' id='word_1_371' title='bbox 977 3007 1064 3063; x_wconf 90' lang='lat' dir='ltr'><strong>ita</strong></span> <span class='ocrx_word' id='word_1_372' title='bbox 1124 3007 1249 3064; x_wconf 92' lang='lat' dir='ltr'><strong>lata</strong></span> <span class='ocrx_word' id='word_1_373' title='bbox 1307 3007 1412 3082; x_wconf 89' lang='lat' dir='ltr'><strong>sit,</strong></span> <span class='ocrx_word' id='word_1_374' title='bbox 1472 3013 1540 3067; x_wconf 83' lang='lat' dir='ltr'><strong>vt</strong></span> <span class='ocrx_word' id='word_1_375' title='bbox 1591 3007 1752 3064; x_wconf 90' lang='lat' dir='ltr'><strong>nullo</strong></span> <span class='ocrx_word' id='word_1_376' title='bbox 1802 3005 1971 3064; x_wconf 89' lang='lat' dir='ltr'><strong>modo</strong></span> <span class='ocrx_word' id='word_1_377' title='bbox 2018 3007 2225 3065; x_wconf 87' lang='lat' dir='ltr'><strong>ambae</strong></span> <span class='ocrx_word' id='word_1_378' title='bbox 2275 3008 2337 3064; x_wconf 89' lang='lat' dir='ltr'><strong>in</strong></span> <span class='ocrx_word' id='word_1_379' title='bbox 2378 3025 2501 3068; x_wconf 84' lang='lat' dir='ltr'><strong>vna</strong></span> <span class='ocrx_word' id='word_1_380' title='bbox 2538 3006 2770 3064; x_wconf 88' lang='lat' dir='ltr'><strong>ciuitate</strong></span> <span class='ocrx_word' id='word_1_381' title='bbox 2809 3005 2990 3063; x_wconf 88' lang='lat' dir='ltr'><strong>simul</strong></span> <span class='ocrx_word' id='word_1_382' title='bbox 3020 3023 3141 3063; x_wconf 91' lang='lat' dir='ltr'><strong>esse</strong></span> <span class='ocrx_word' id='word_1_383' title='bbox 3156 3005 3425 3082; x_wconf 86' lang='lat' dir='ltr'><strong>possint,</strong></span> <span class='ocrx_word' id='word_1_384' title='bbox 3465 3022 3596 3062; x_wconf 77' lang='lat' dir='ltr'><strong>num</strong></span> 
     </span>
     <span class='ocr_line' id='line_1_34' title="bbox 667 3082 3599 3163; baseline -0 -20"><span class='ocrx_word' id='word_1_385' title='bbox 667 3087 917 3145; x_wconf 86' lang='lat' dir='ltr'><strong>dicemus</strong></span> <span class='ocrx_word' id='word_1_386' title='bbox 957 3087 1218 3162; x_wconf 86' lang='lat' dir='ltr'><strong>aliquam</strong></span> <span class='ocrx_word' id='word_1_387' title='bbox 1257 3103 1462 3143; x_wconf 87' lang='lat' dir='ltr'><strong>earum</strong></span> <span class='ocrx_word' id='word_1_388' title='bbox 1504 3087 1779 3145; x_wconf 88' lang='lat' dir='ltr'><strong>iniustam</strong></span> <span class='ocrx_word' id='word_1_389' title='bbox 1824 3104 1976 3162; x_wconf 85' lang='lat' dir='ltr'><strong>esse,</strong></span> <span class='ocrx_word' id='word_1_390' title='bbox 2020 3087 2098 3145; x_wconf 58' lang='grc' dir='ltr'><strong>ὁ»</strong></span> <span class='ocrx_word' id='word_1_391' title='bbox 2124 3085 2306 3163; x_wconf 88' lang='lat' dir='ltr'><strong>ferri</strong></span> <span class='ocrx_word' id='word_1_392' title='bbox 2341 3085 2570 3145; x_wconf 62' lang='lat' dir='ltr'><strong>minim?</strong></span> <span class='ocrx_word' id='word_1_393' title='bbox 2608 3082 2912 3144; x_wconf 67' lang='lat' dir='ltr'><strong>debuisset*</strong></span> <span class='ocrx_word' id='word_1_394' title='bbox 2956 3085 3072 3142; x_wconf 90' lang='lat' dir='ltr'><strong>Cui</strong></span> <span class='ocrx_word' id='word_1_395' title='bbox 3106 3083 3377 3143; x_wconf 83' lang='lat' dir='ltr'><strong>Euodius</strong></span> <span class='ocrx_word' id='word_1_396' title='bbox 3392 3129 3411 3160; x_wconf 91' lang='lat'><strong>,</strong></span> <span class='ocrx_word' id='word_1_397' title='bbox 3444 3085 3599 3142; x_wconf 84' lang='lat' dir='ltr'><strong>nullo</strong></span> 
     </span>
     <span class='ocr_line' id='line_1_35' title="bbox 669 3165 3601 3245; baseline -0.001 -21"><span class='ocrx_word' id='word_1_398' title='bbox 669 3167 854 3225; x_wconf 87' lang='lat' dir='ltr'><strong>modo.</strong></span> <span class='ocrx_word' id='word_1_399' title='bbox 895 3166 1267 3245; x_wconf 83' lang='lat' dir='ltr'><strong>Appellemus</strong></span> <span class='ocrx_word' id='word_1_400' title='bbox 1308 3183 1484 3242; x_wconf 86' lang='lat' dir='ltr'><strong>ergo,</strong></span> <span class='ocrx_word' id='word_1_401' title='bbox 1525 3167 1898 3241; x_wconf 84' lang='lat' dir='ltr'><strong>Augustinus</strong></span> <span class='ocrx_word' id='word_1_402' title='bbox 1938 3167 2154 3244; x_wconf 87' lang='lat' dir='ltr'><strong>inquit,</strong></span> <span class='ocrx_word' id='word_1_403' title='bbox 2193 3168 2365 3226; x_wconf 89' lang='lat' dir='ltr'><strong>istam</strong></span> <span class='ocrx_word' id='word_1_404' title='bbox 2405 3168 2583 3241; x_wconf 89' lang='lat' dir='ltr'><strong>legem</strong></span> <span class='ocrx_word' id='word_1_405' title='bbox 2626 3167 2713 3240; x_wconf 89' lang='lat' dir='ltr'><strong>(si</strong></span> <span class='ocrx_word' id='word_1_406' title='bbox 2730 3167 2961 3241; x_wconf 86' lang='lat' dir='ltr'><strong>placet)</strong></span> <span class='ocrx_word' id='word_1_407' title='bbox 3004 3165 3376 3243; x_wconf 87' lang='lat' dir='ltr'><strong>temporalem</strong></span> <span class='ocrx_word' id='word_1_408' title='bbox 3390 3181 3420 3236; x_wconf 91' lang='lat'><strong>‚·</strong></span> <span class='ocrx_word' id='word_1_409' title='bbox 3456 3181 3601 3240; x_wconf 84' lang='lat' dir='ltr'><strong>quae</strong></span> 
     </span>
     <span class='ocr_line' id='line_1_36' title="bbox 666 3244 3596 3325; baseline -0.001 -22"><span class='ocrx_word' id='word_1_410' title='bbox 666 3247 936 3322; x_wconf 89' lang='lat' dir='ltr'><strong>quamuis</strong></span> <span class='ocrx_word' id='word_1_411' title='bbox 972 3247 1129 3304; x_wconf 87' lang='lat' dir='ltr'><strong>iusta</strong></span> <span class='ocrx_word' id='word_1_412' title='bbox 1167 3247 1271 3321; x_wconf 89' lang='lat' dir='ltr'><strong>sit,</strong></span> <span class='ocrx_word' id='word_1_413' title='bbox 1314 3248 1664 3304; x_wconf 87' lang='lat' dir='ltr'><strong>commutari</strong></span> <span class='ocrx_word' id='word_1_414' title='bbox 1701 3255 1890 3305; x_wconf 89' lang='lat' dir='ltr'><strong>tamen</strong></span> <span class='ocrx_word' id='word_1_415' title='bbox 1916 3255 2041 3325; x_wconf 84' lang='lat' dir='ltr'><strong>per</strong></span> <span class='ocrx_word' id='word_1_416' title='bbox 2067 3254 2329 3323; x_wconf 82' lang='lat' dir='ltr'><strong>tempora</strong></span> <span class='ocrx_word' id='word_1_417' title='bbox 2347 3247 2495 3306; x_wconf 64' lang='lat' dir='ltr'><strong>iustb</strong></span> <span class='ocrx_word' id='word_1_418' title='bbox 2498 3253 2713 3325; x_wconf 83' lang='lat' dir='ltr'><strong>potest.</strong></span> <span class='ocrx_word' id='word_1_419' title='bbox 2753 3245 3025 3304; x_wconf 86' lang='lat' dir='ltr'><strong>Euodius</strong></span> <span class='ocrx_word' id='word_1_420' title='bbox 3045 3262 3313 3303; x_wconf 87' lang='lat' dir='ltr'><strong>annuens</strong></span> <span class='ocrx_word' id='word_1_421' title='bbox 3326 3287 3344 3321; x_wconf 89' lang='lat'><strong>,</strong></span> <span class='ocrx_word' id='word_1_422' title='bbox 3384 3244 3596 3322; x_wconf 89' lang='lat' dir='ltr'><strong>Appel-</strong></span> 
     </span>
     <span class='ocr_line' id='line_1_37' title="bbox 666 3323 3599 3403; baseline -0.001 -20"><span class='ocrx_word' id='word_1_423' title='bbox 666 3327 864 3386; x_wconf 88' lang='lat' dir='ltr'><strong>lemus.</strong></span> <span class='ocrx_word' id='word_1_424' title='bbox 931 3323 1178 3401; x_wconf 67' lang='lat' dir='ltr'><strong>Subtj&#39;cit</strong></span> <span class='ocrx_word' id='word_1_425' title='bbox 1210 3326 1598 3402; x_wconf 82' lang='lat' dir='ltr'><strong>Augustinus,</strong></span> <span class='ocrx_word' id='word_1_426' title='bbox 1670 3327 1838 3402; x_wconf 83' lang='lat' dir='ltr'><strong>Quid</strong></span> <span class='ocrx_word' id='word_1_427' title='bbox 1845 3323 1881 3384; x_wconf 68' lang='grc' dir='ltr'><strong>ι’</strong></span> <span class='ocrx_word' id='word_1_428' title='bbox 1917 3327 2027 3384; x_wconf 85' lang='lat' dir='ltr'><strong>illa</strong></span> <span class='ocrx_word' id='word_1_429' title='bbox 2066 3328 2156 3385; x_wconf 72' lang='lat' dir='ltr'><strong>lex</strong></span> <span class='ocrx_word' id='word_1_430' title='bbox 2194 3345 2345 3402; x_wconf 90' lang='lat' dir='ltr'><strong>quae</strong></span> <span class='ocrx_word' id='word_1_431' title='bbox 2384 3345 2609 3386; x_wconf 88' lang='lat' dir='ltr'><strong>summa</strong></span> <span class='ocrx_word' id='word_1_432' title='bbox 2649 3327 2809 3384; x_wconf 84' lang='lat' dir='ltr'><strong>ratio</strong></span> <span class='ocrx_word' id='word_1_433' title='bbox 2850 3326 3207 3402; x_wconf 85' lang='lat' dir='ltr'><strong>nominatur,</strong></span> <span class='ocrx_word' id='word_1_434' title='bbox 3246 3325 3345 3382; x_wconf 89' lang='lat' dir='ltr'><strong>cui</strong></span> <span class='ocrx_word' id='word_1_435' title='bbox 3378 3333 3599 3403; x_wconf 83' lang='lat' dir='ltr'><strong>semper</strong></span> 
     </span>
     <span class='ocr_line' id='line_1_38' title="bbox 667 3405 3599 3486; baseline -0.001 -22"><span class='ocrx_word' id='word_1_436' title='bbox 667 3405 1174 3484; x_wconf 86' lang='lat' dir='ltr'><strong>obtemperandum</strong></span> <span class='ocrx_word' id='word_1_437' title='bbox 1234 3411 1347 3482; x_wconf 91' lang='lat' dir='ltr'><strong>est,</strong></span> <span class='ocrx_word' id='word_1_438' title='bbox 1411 3405 1490 3464; x_wconf 63' lang='grc' dir='ltr'><strong>ἐν*</strong></span> <span class='ocrx_word' id='word_1_439' title='bbox 1535 3415 1658 3486; x_wconf 90' lang='lat' dir='ltr'><strong>per</strong></span> <span class='ocrx_word' id='word_1_440' title='bbox 1715 3425 1888 3484; x_wconf 88' lang='lat' dir='ltr'><strong>quam</strong></span> <span class='ocrx_word' id='word_1_441' title='bbox 1949 3408 2097 3465; x_wconf 89' lang='lat' dir='ltr'><strong>mali</strong></span> <span class='ocrx_word' id='word_1_442' title='bbox 2134 3409 2409 3466; x_wconf 87' lang='lat' dir='ltr'><strong>miseram</strong></span> <span class='ocrx_word' id='word_1_443' title='bbox 2424 3450 2441 3481; x_wconf 90' lang='lat'><strong>,</strong></span> <span class='ocrx_word' id='word_1_444' title='bbox 2482 3407 2620 3466; x_wconf 89' lang='lat' dir='ltr'><strong>boni</strong></span> <span class='ocrx_word' id='word_1_445' title='bbox 2656 3405 2879 3464; x_wconf 88' lang='lat' dir='ltr'><strong>beatam</strong></span> <span class='ocrx_word' id='word_1_446' title='bbox 2920 3406 3099 3466; x_wconf 84' lang='lat' dir='ltr'><strong>vitam</strong></span> <span class='ocrx_word' id='word_1_447' title='bbox 3139 3416 3457 3479; x_wconf 78' lang='lat' dir='ltr'><strong>merentur,</strong></span> <span class='ocrx_word' id='word_1_448' title='bbox 3482 3413 3599 3483; x_wconf 84' lang='lat' dir='ltr'><strong>per</strong></span> 
     </span>
     <span class='ocr_line' id='line_1_39' title="bbox 669 3483 3596 3565; baseline -0.001 -23"><span class='ocrx_word' id='word_1_449' title='bbox 669 3503 844 3562; x_wconf 88' lang='lat' dir='ltr'><strong>quam</strong></span> <span class='ocrx_word' id='word_1_450' title='bbox 903 3485 1092 3562; x_wconf 86' lang='lat' dir='ltr'><strong>deniq.</strong></span> <span class='ocrx_word' id='word_1_451' title='bbox 1149 3485 1258 3543; x_wconf 86' lang='lat' dir='ltr'><strong>illa</strong></span> <span class='ocrx_word' id='word_1_452' title='bbox 1272 3528 1290 3562; x_wconf 93' lang='lat'><strong>,</strong></span> <span class='ocrx_word' id='word_1_453' title='bbox 1333 3502 1509 3561; x_wconf 90' lang='lat' dir='ltr'><strong>quam</strong></span> <span class='ocrx_word' id='word_1_454' title='bbox 1551 3487 1922 3565; x_wconf 83' lang='lat' dir='ltr'><strong>temporalem</strong></span> <span class='ocrx_word' id='word_1_455' title='bbox 1961 3489 2283 3546; x_wconf 81' lang='lat' dir='ltr'><strong>vocandam</strong></span> <span class='ocrx_word' id='word_1_456' title='bbox 2324 3487 2571 3545; x_wconf 66' lang='lat' dir='ltr'><strong>diaimus</strong></span> <span class='ocrx_word' id='word_1_457' title='bbox 2585 3531 2603 3558; x_wconf 91' lang='lat'><strong>,</strong></span> <span class='ocrx_word' id='word_1_458' title='bbox 2642 3485 2793 3544; x_wconf 66' lang='lat' dir='ltr'><strong>rect?</strong></span> <span class='ocrx_word' id='word_1_459' title='bbox 2814 3483 3031 3561; x_wconf 87' lang='lat' dir='ltr'><strong>fertur</strong></span> <span class='ocrx_word' id='word_1_460' title='bbox 3069 3484 3275 3560; x_wconf 64' lang='lat' dir='ltr'><strong>recte&#39;q.</strong></span> <span class='ocrx_word' id='word_1_461' title='bbox 3317 3490 3596 3557; x_wconf 81' lang='lat' dir='ltr'><strong>mutatur,</strong></span> 
     </span>
     <span class='ocr_line' id='line_1_40' title="bbox 654 3561 3599 3643; baseline -0.001 -19"><span class='ocrx_word' id='word_1_462' title='bbox 654 3573 922 3643; x_wconf 85' lang='lat' dir='ltr'><strong>potestne</strong></span> <span class='ocrx_word' id='word_1_463' title='bbox 959 3565 1209 3641; x_wconf 77' lang='lat' dir='ltr'><strong>cuipiam</strong></span> <span class='ocrx_word' id='word_1_464' title='bbox 1249 3565 1596 3640; x_wconf 78' lang='lat' dir='ltr'><strong>intelligenti</strong></span> <span class='ocrx_word' id='word_1_465' title='bbox 1630 3585 1745 3625; x_wconf 90' lang='lat' dir='ltr'><strong>non</strong></span> <span class='ocrx_word' id='word_1_466' title='bbox 1775 3566 2257 3626; x_wconf 87' lang='lat' dir='ltr'><strong>incommutabilis</strong></span> <span class='ocrx_word' id='word_1_467' title='bbox 2291 3571 2643 3642; x_wconf 75' lang='lat' dir='ltr'><strong>aeternaque</strong></span> <span class='ocrx_word' id='word_1_468' title='bbox 2678 3565 2872 3626; x_wconf 82' lang='lat' dir='ltr'><strong>videri</strong></span> <span class='ocrx_word' id='word_1_469' title='bbox 2880 3561 2915 3623; x_wconf 65' lang='grc' dir='ltr'><strong>ι’</strong></span> <span class='ocrx_word' id='word_1_470' title='bbox 2956 3565 3053 3623; x_wconf 86' lang='lat' dir='ltr'><strong>An</strong></span> <span class='ocrx_word' id='word_1_471' title='bbox 3070 3571 3271 3642; x_wconf 91' lang='lat' dir='ltr'><strong>potest</strong></span> <span class='ocrx_word' id='word_1_472' title='bbox 3284 3564 3599 3640; x_wconf 71' lang='lat' dir='ltr'><strong>aliquando</strong></span> 
     </span>
     <span class='ocr_line' id='line_1_41' title="bbox 669 3644 3597 3724; baseline -0.001 -20"><span class='ocrx_word' id='word_1_473' title='bbox 669 3647 950 3704; x_wconf 89' lang='lat' dir='ltr'><strong>iniustum</strong></span> <span class='ocrx_word' id='word_1_474' title='bbox 990 3664 1110 3704; x_wconf 89' lang='lat' dir='ltr'><strong>esse</strong></span> <span class='ocrx_word' id='word_1_475' title='bbox 1123 3689 1140 3722; x_wconf 90' lang='lat'><strong>,</strong></span> <span class='ocrx_word' id='word_1_476' title='bbox 1181 3653 1248 3704; x_wconf 82' lang='lat' dir='ltr'><strong>vt</strong></span> <span class='ocrx_word' id='word_1_477' title='bbox 1279 3647 1428 3704; x_wconf 89' lang='lat' dir='ltr'><strong>mali</strong></span> <span class='ocrx_word' id='word_1_478' title='bbox 1461 3645 1690 3720; x_wconf 74' lang='lat' dir='ltr'><strong>miseri,</strong></span> <span class='ocrx_word' id='word_1_479' title='bbox 1729 3645 1870 3705; x_wconf 86' lang='lat' dir='ltr'><strong>boni</strong></span> <span class='ocrx_word' id='word_1_480' title='bbox 1903 3653 2093 3706; x_wconf 90' lang='lat' dir='ltr'><strong>autem</strong></span> <span class='ocrx_word' id='word_1_481' title='bbox 2136 3648 2291 3707; x_wconf 87' lang='lat' dir='ltr'><strong>beati</strong></span> <span class='ocrx_word' id='word_1_482' title='bbox 2323 3647 2446 3705; x_wconf 89' lang='lat' dir='ltr'><strong>sint</strong></span> <span class='ocrx_word' id='word_1_483' title='bbox 2448 3663 2475 3720; x_wconf 79' lang='lat'><strong>,⁸</strong></span> <span class='ocrx_word' id='word_1_484' title='bbox 2514 3654 2625 3705; x_wconf 89' lang='lat' dir='ltr'><strong>aut</strong></span> <span class='ocrx_word' id='word_1_485' title='bbox 2639 3653 2704 3706; x_wconf 82' lang='lat' dir='ltr'><strong>vt</strong></span> <span class='ocrx_word' id='word_1_486' title='bbox 2717 3645 3004 3703; x_wconf 88' lang='lat' dir='ltr'><strong>modestus</strong></span> <span class='ocrx_word' id='word_1_487' title='bbox 3024 3645 3335 3720; x_wconf 71' lang='lat' dir='ltr'><strong>&amp;grauis</strong></span> <span class='ocrx_word' id='word_1_488' title='bbox 3341 3644 3597 3724; x_wconf 84' lang='lat' dir='ltr'><strong>populus</strong></span> 
     </span>
     <span class='ocr_line' id='line_1_42' title="bbox 671 3721 3595 3804; baseline -0.001 -21"><span class='ocrx_word' id='word_1_489' title='bbox 671 3727 796 3804; x_wconf 74' lang='lat' dir='ltr'><strong>ipse</strong></span> <span class='ocrx_word' id='word_1_490' title='bbox 832 3725 947 3783; x_wconf 87' lang='lat' dir='ltr'><strong>sibi</strong></span> <span class='ocrx_word' id='word_1_491' title='bbox 981 3727 1371 3800; x_wconf 83' lang='lat' dir='ltr'><strong>magistratus</strong></span> <span class='ocrx_word' id='word_1_492' title='bbox 1409 3732 1594 3804; x_wconf 84' lang='lat' dir='ltr'><strong>creet,</strong></span> <span class='ocrx_word' id='word_1_493' title='bbox 1635 3725 1952 3785; x_wconf 84' lang='lat' dir='ltr'><strong>dissolutus</strong></span> <span class='ocrx_word' id='word_1_494' title='bbox 1990 3727 2131 3787; x_wconf 82' lang='lat' dir='ltr'><strong>verb</strong></span> <span class='ocrx_word' id='word_1_495' title='bbox 2170 3727 2248 3785; x_wconf 58' lang='grc' dir='ltr'><strong>ὁ»</strong></span> <span class='ocrx_word' id='word_1_496' title='bbox 2286 3745 2531 3804; x_wconf 87' lang='lat' dir='ltr'><strong>nequam</strong></span> <span class='ocrx_word' id='word_1_497' title='bbox 2572 3727 2689 3785; x_wconf 89' lang='lat' dir='ltr'><strong>ista</strong></span> <span class='ocrx_word' id='word_1_498' title='bbox 2728 3725 2959 3785; x_wconf 88' lang='lat' dir='ltr'><strong>licentia</strong></span> <span class='ocrx_word' id='word_1_499' title='bbox 2998 3721 3247 3784; x_wconf 66' lang='lat' dir='ltr'><strong>careat?</strong></span> <span class='ocrx_word' id='word_1_500' title='bbox 3306 3723 3595 3798; x_wconf 88' lang='lat' dir='ltr'><strong>Euodius,</strong></span> 
     </span>
     <span class='ocr_line' id='line_1_43' title="bbox 670 3803 3604 3883; baseline -0.002 -17"><span class='ocrx_word' id='word_1_501' title='bbox 670 3805 862 3882; x_wconf 82' lang='lat' dir='ltr'><strong>video,</strong></span> <span class='ocrx_word' id='word_1_502' title='bbox 896 3805 1110 3882; x_wconf 87' lang='lat' dir='ltr'><strong>inquit,</strong></span> <span class='ocrx_word' id='word_1_503' title='bbox 1146 3805 1298 3863; x_wconf 75' lang='lat' dir='ltr'><strong>hanc</strong></span> <span class='ocrx_word' id='word_1_504' title='bbox 1333 3812 1630 3864; x_wconf 87' lang='lat' dir='ltr'><strong>aeternam</strong></span> <span class='ocrx_word' id='word_1_505' title='bbox 1660 3823 1782 3864; x_wconf 89' lang='lat' dir='ltr'><strong>esse</strong></span> <span class='ocrx_word' id='word_1_506' title='bbox 1816 3815 1991 3882; x_wconf 90' lang='lat' dir='ltr'><strong>atque</strong></span> <span class='ocrx_word' id='word_1_507' title='bbox 2023 3807 2537 3866; x_wconf 85' lang='lat' dir='ltr'><strong>incommutabilem</strong></span> <span class='ocrx_word' id='word_1_508' title='bbox 2570 3808 2769 3880; x_wconf 89' lang='lat' dir='ltr'><strong>legem.</strong></span> <span class='ocrx_word' id='word_1_509' title='bbox 2822 3805 2969 3863; x_wconf 86' lang='lat' dir='ltr'><strong>Tum</strong></span> <span class='ocrx_word' id='word_1_510' title='bbox 2997 3803 3367 3879; x_wconf 85' lang='lat' dir='ltr'><strong>Augustinus</strong></span> <span class='ocrx_word' id='word_1_511' title='bbox 3382 3849 3401 3883; x_wconf 84' lang='lat'><strong>,</strong></span> <span class='ocrx_word' id='word_1_512' title='bbox 3433 3803 3604 3862; x_wconf 84' lang='lat' dir='ltr'><strong>simul</strong></span> 
     </span>
     <span class='ocr_line' id='line_1_44' title="bbox 672 3882 3597 3966; baseline -0.001 -23"><span class='ocrx_word' id='word_1_513' title='bbox 672 3885 844 3945; x_wconf 88' lang='lat' dir='ltr'><strong>etiam</strong></span> <span class='ocrx_word' id='word_1_514' title='bbox 885 3892 939 3943; x_wconf 86' lang='lat' dir='ltr'><strong>te</strong></span> <span class='ocrx_word' id='word_1_515' title='bbox 977 3885 1174 3946; x_wconf 84' lang='lat' dir='ltr'><strong>videre</strong></span> <span class='ocrx_word' id='word_1_516' title='bbox 1213 3882 1486 3942; x_wconf 90' lang='lat' dir='ltr'><strong>arbitror</strong></span> <span class='ocrx_word' id='word_1_517' title='bbox 1524 3886 1586 3944; x_wconf 89' lang='lat' dir='ltr'><strong>in</strong></span> <span class='ocrx_word' id='word_1_518' title='bbox 1625 3889 1742 3946; x_wconf 88' lang='lat' dir='ltr'><strong>ista</strong></span> <span class='ocrx_word' id='word_1_519' title='bbox 1783 3888 2101 3966; x_wconf 88' lang='lat' dir='ltr'><strong>temporali</strong></span> <span class='ocrx_word' id='word_1_520' title='bbox 2133 3887 2291 3945; x_wconf 81' lang='lat' dir='ltr'><strong>nillil</strong></span> <span class='ocrx_word' id='word_1_521' title='bbox 2326 3905 2447 3946; x_wconf 88' lang='lat' dir='ltr'><strong>esse</strong></span> <span class='ocrx_word' id='word_1_522' title='bbox 2483 3887 2695 3946; x_wconf 83' lang='lat' dir='ltr'><strong>iustum</strong></span> <span class='ocrx_word' id='word_1_523' title='bbox 2734 3892 2907 3962; x_wconf 87' lang='lat' dir='ltr'><strong>atque</strong></span> <span class='ocrx_word' id='word_1_524' title='bbox 2945 3885 3291 3962; x_wconf 85' lang='lat' dir='ltr'><strong>legitimum,</strong></span> <span class='ocrx_word' id='word_1_525' title='bbox 3318 3885 3481 3960; x_wconf 85' lang='lat' dir='ltr'><strong>quod</strong></span> <span class='ocrx_word' id='word_1_526' title='bbox 3492 3901 3597 3940; x_wconf 85' lang='lat' dir='ltr'><strong>non</strong></span> 
     </span>
     <span class='ocr_line' id='line_1_45' title="bbox 672 3961 3599 4046; baseline -0.001 -23"><span class='ocrx_word' id='word_1_527' title='bbox 672 3983 738 4023; x_wconf 68' lang='lat' dir='ltr'><strong>ea·</strong></span> <span class='ocrx_word' id='word_1_528' title='bbox 795 3966 906 4024; x_wconf 80' lang='lat' dir='ltr'><strong>hac</strong></span> <span class='ocrx_word' id='word_1_529' title='bbox 959 3971 1203 4023; x_wconf 87' lang='lat' dir='ltr'><strong>aeterna</strong></span> <span class='ocrx_word' id='word_1_530' title='bbox 1242 3962 1357 4022; x_wconf 87' lang='lat' dir='ltr'><strong>sibi</strong></span> <span class='ocrx_word' id='word_1_531' title='bbox 1388 3964 1648 4024; x_wconf 76' lang='lat' dir='ltr'><strong>homines</strong></span> <span class='ocrx_word' id='word_1_532' title='bbox 1687 3967 2109 4026; x_wconf 86' lang='lat' dir='ltr'><strong>deriuauerint.</strong></span> <span class='ocrx_word' id='word_1_533' title='bbox 2149 3965 2317 4024; x_wconf 89' lang='lat' dir='ltr'><strong>Nam</strong></span> <span class='ocrx_word' id='word_1_534' title='bbox 2360 3967 2417 4025; x_wconf 90' lang='lat' dir='ltr'><strong>si</strong></span> <span class='ocrx_word' id='word_1_535' title='bbox 2440 3967 2701 4046; x_wconf 89' lang='lat' dir='ltr'><strong>populus</strong></span> <span class='ocrx_word' id='word_1_536' title='bbox 2745 3967 2842 4022; x_wconf 89' lang='lat' dir='ltr'><strong>ille</strong></span> <span class='ocrx_word' id='word_1_537' title='bbox 2880 3965 3128 4042; x_wconf 86' lang='lat' dir='ltr'><strong>quodam</strong></span> <span class='ocrx_word' id='word_1_538' title='bbox 3170 3971 3426 4043; x_wconf 85' lang='lat' dir='ltr'><strong>tempore</strong></span> <span class='ocrx_word' id='word_1_539' title='bbox 3462 3961 3599 4021; x_wconf 70' lang='lat' dir='ltr'><strong>inst?</strong></span> 
     </span>
     <span class='ocr_line' id='line_1_46' title="bbox 670 4043 3597 4124; baseline -0.001 -21"><span class='ocrx_word' id='word_1_540' title='bbox 670 4045 922 4103; x_wconf 80' lang='lat' dir='ltr'><strong>honores</strong></span> <span class='ocrx_word' id='word_1_541' title='bbox 981 4047 1162 4123; x_wconf 86' lang='lat' dir='ltr'><strong>dedit,</strong></span> <span class='ocrx_word' id='word_1_542' title='bbox 1225 4043 1476 4120; x_wconf 85' lang='lat' dir='ltr'><strong>quodam</strong></span> <span class='ocrx_word' id='word_1_543' title='bbox 1539 4064 1757 4104; x_wconf 86' lang='lat' dir='ltr'><strong>rursus</strong></span> <span class='ocrx_word' id='word_1_544' title='bbox 1817 4047 1965 4106; x_wconf 59' lang='lat' dir='ltr'><strong>iusti</strong></span> <span class='ocrx_word' id='word_1_545' title='bbox 2012 4066 2129 4105; x_wconf 88' lang='lat' dir='ltr'><strong>non</strong></span> <span class='ocrx_word' id='word_1_546' title='bbox 2170 4047 2357 4118; x_wconf 89' lang='lat' dir='ltr'><strong>dedit,·</strong></span> <span class='ocrx_word' id='word_1_547' title='bbox 2396 4047 2539 4104; x_wconf 76' lang='lat' dir='ltr'><strong>haec</strong></span> <span class='ocrx_word' id='word_1_548' title='bbox 2572 4045 2903 4106; x_wconf 82' lang='lat' dir='ltr'><strong>vicissitudo</strong></span> <span class='ocrx_word' id='word_1_549' title='bbox 2944 4045 3312 4124; x_wconf 87' lang='lat' dir='ltr'><strong>temporalis,</strong></span> <span class='ocrx_word' id='word_1_550' title='bbox 3352 4051 3417 4104; x_wconf 86' lang='lat' dir='ltr'><strong>vt</strong></span> <span class='ocrx_word' id='word_1_551' title='bbox 3450 4044 3597 4100; x_wconf 85' lang='lat' dir='ltr'><strong>iusta</strong></span> 
     </span>
     <span class='ocr_line' id='line_1_47' title="bbox 672 4123 3599 4204; baseline -0.001 -22"><span class='ocrx_word' id='word_1_552' title='bbox 672 4132 844 4202; x_wconf 88' lang='lat' dir='ltr'><strong>esset,</strong></span> <span class='ocrx_word' id='word_1_553' title='bbox 906 4141 979 4183; x_wconf 71' lang='lat' dir='ltr'><strong>ecc</strong></span> <span class='ocrx_word' id='word_1_554' title='bbox 1031 4127 1140 4184; x_wconf 90' lang='lat' dir='ltr'><strong>illa</strong></span> <span class='ocrx_word' id='word_1_555' title='bbox 1185 4125 1524 4184; x_wconf 86' lang='lat' dir='ltr'><strong>aeternitate</strong></span> <span class='ocrx_word' id='word_1_556' title='bbox 1563 4132 1758 4184; x_wconf 83' lang='lat' dir='ltr'><strong>tracta</strong></span> <span class='ocrx_word' id='word_1_557' title='bbox 1799 4134 1912 4185; x_wconf 91' lang='lat' dir='ltr'><strong>est:</strong></span> <span class='ocrx_word' id='word_1_558' title='bbox 1952 4145 2074 4202; x_wconf 89' lang='lat' dir='ltr'><strong>qua</strong></span> <span class='ocrx_word' id='word_1_559' title='bbox 2112 4136 2338 4204; x_wconf 89' lang='lat' dir='ltr'><strong>semper</strong></span> <span class='ocrx_word' id='word_1_560' title='bbox 2376 4127 2589 4185; x_wconf 84' lang='lat' dir='ltr'><strong>iustum</strong></span> <span class='ocrx_word' id='word_1_561' title='bbox 2631 4133 2719 4184; x_wconf 89' lang='lat' dir='ltr'><strong>est</strong></span> <span class='ocrx_word' id='word_1_562' title='bbox 2744 4143 2997 4200; x_wconf 88' lang='lat' dir='ltr'><strong>grauem</strong></span> <span class='ocrx_word' id='word_1_563' title='bbox 3023 4125 3316 4202; x_wconf 83' lang='lat' dir='ltr'><strong>populum</strong></span> <span class='ocrx_word' id='word_1_564' title='bbox 3356 4123 3599 4182; x_wconf 74' lang='lat' dir='ltr'><strong>honores</strong></span> 
     </span>
     <span class='ocr_line' id='line_1_48' title="bbox 673 4203 3597 4283; baseline -0.001 -21"><span class='ocrx_word' id='word_1_565' title='bbox 673 4205 851 4282; x_wconf 83' lang='lat' dir='ltr'><strong>dare,</strong></span> <span class='ocrx_word' id='word_1_566' title='bbox 911 4205 1090 4262; x_wconf 89' lang='lat' dir='ltr'><strong>leuem</strong></span> <span class='ocrx_word' id='word_1_567' title='bbox 1152 4221 1268 4262; x_wconf 85' lang='lat' dir='ltr'><strong>non</strong></span> <span class='ocrx_word' id='word_1_568' title='bbox 1331 4203 1480 4262; x_wconf 89' lang='lat' dir='ltr'><strong>dare</strong></span> <span class='ocrx_word' id='word_1_569' title='bbox 1493 4249 1510 4280; x_wconf 86' lang='lat'><strong>,</strong></span> <span class='ocrx_word' id='word_1_570' title='bbox 1572 4225 1652 4264; x_wconf 89' lang='lat' dir='ltr'><strong>an</strong></span> <span class='ocrx_word' id='word_1_571' title='bbox 1712 4205 1819 4266; x_wconf 83' lang='lat' dir='ltr'><strong>tibi</strong></span> <span class='ocrx_word' id='word_1_572' title='bbox 1874 4207 2052 4265; x_wconf 89' lang='lat' dir='ltr'><strong>aliter</strong></span> <span class='ocrx_word' id='word_1_573' title='bbox 2108 4203 2387 4268; x_wconf 66' lang='lat' dir='ltr'><strong>videtur?</strong></span> <span class='ocrx_word' id='word_1_574' title='bbox 2435 4206 2764 4283; x_wconf 88' lang='lat' dir='ltr'><strong>Assentior,</strong></span> <span class='ocrx_word' id='word_1_575' title='bbox 2817 4207 2908 4262; x_wconf 88' lang='lat' dir='ltr'><strong>ait</strong></span> <span class='ocrx_word' id='word_1_576' title='bbox 2943 4207 3227 4263; x_wconf 87' lang='lat' dir='ltr'><strong>Euodius.</strong></span> <span class='ocrx_word' id='word_1_577' title='bbox 3284 4203 3363 4264; x_wconf 87' lang='lat' dir='ltr'><strong>Vt</strong></span> <span class='ocrx_word' id='word_1_578' title='bbox 3396 4203 3597 4278; x_wconf 83' lang='lat' dir='ltr'><strong>igitur,</strong></span> 
     </span>
     <span class='ocr_line' id='line_1_49' title="bbox 673 4283 3593 4364; baseline -0.001 -21"><span class='ocrx_word' id='word_1_579' title='bbox 673 4285 1041 4358; x_wconf 86' lang='lat' dir='ltr'><strong>Augustinus</strong></span> <span class='ocrx_word' id='word_1_580' title='bbox 1078 4285 1296 4360; x_wconf 87' lang='lat' dir='ltr'><strong>inquit,</strong></span> <span class='ocrx_word' id='word_1_581' title='bbox 1335 4283 1592 4343; x_wconf 86' lang='lat' dir='ltr'><strong>breuiter</strong></span> <span class='ocrx_word' id='word_1_582' title='bbox 1637 4294 1910 4345; x_wconf 88' lang='lat' dir='ltr'><strong>aeternae</strong></span> <span class='ocrx_word' id='word_1_583' title='bbox 1949 4287 2097 4361; x_wconf 86' lang='lat' dir='ltr'><strong>legis</strong></span> <span class='ocrx_word' id='word_1_584' title='bbox 2136 4288 2419 4346; x_wconf 83' lang='lat' dir='ltr'><strong>notionem</strong></span> <span class='ocrx_word' id='word_1_585' title='bbox 2458 4304 2609 4362; x_wconf 89' lang='lat' dir='ltr'><strong>quae</strong></span> <span class='ocrx_word' id='word_1_586' title='bbox 2648 4287 2937 4364; x_wconf 87' lang='lat' dir='ltr'><strong>impressa</strong></span> <span class='ocrx_word' id='word_1_587' title='bbox 2978 4283 3138 4343; x_wconf 89' lang='lat' dir='ltr'><strong>nobis</strong></span> <span class='ocrx_word' id='word_1_588' title='bbox 3168 4291 3283 4360; x_wconf 90' lang='lat' dir='ltr'><strong>est,</strong></span> <span class='ocrx_word' id='word_1_589' title='bbox 3323 4289 3593 4360; x_wconf 82' lang='lat' dir='ltr'><strong>quantum</strong></span> 
     </span>
     <span class='ocr_line' id='line_1_50' title="bbox 679 4361 3603 4500; baseline -0.002 -76"><span class='ocrx_word' id='word_1_590' title='bbox 679 4365 842 4424; x_wconf 86' lang='lat' dir='ltr'><strong>valeo</strong></span> <span class='ocrx_word' id='word_1_591' title='bbox 855 4407 872 4442; x_wconf 89' lang='lat'><strong>,</strong></span> <span class='ocrx_word' id='word_1_592' title='bbox 935 4363 1126 4424; x_wconf 84' lang='lat' dir='ltr'><strong>verbis</strong></span> <span class='ocrx_word' id='word_1_593' title='bbox 1186 4363 1460 4440; x_wconf 82' lang='lat' dir='ltr'><strong>explicem</strong></span> <span class='ocrx_word' id='word_1_594' title='bbox 1473 4381 1500 4436; x_wconf 88' lang='lat'><strong>‚·</strong></span> <span class='ocrx_word' id='word_1_595' title='bbox 1560 4383 1629 4424; x_wconf 92' lang='lat' dir='ltr'><strong>ea</strong></span> <span class='ocrx_word' id='word_1_596' title='bbox 1692 4374 1801 4444; x_wconf 89' lang='lat' dir='ltr'><strong>est,</strong></span> <span class='ocrx_word' id='word_1_597' title='bbox 1842 4385 1961 4442; x_wconf 88' lang='lat' dir='ltr'><strong>qua</strong></span> <span class='ocrx_word' id='word_1_598' title='bbox 2003 4368 2215 4427; x_wconf 84' lang='lat' dir='ltr'><strong>iustum</strong></span> <span class='ocrx_word' id='word_1_599' title='bbox 2258 4375 2346 4426; x_wconf 91' lang='lat' dir='ltr'><strong>est</strong></span> <span class='ocrx_word' id='word_1_600' title='bbox 2378 4373 2445 4427; x_wconf 86' lang='lat' dir='ltr'><strong>vt</strong></span> <span class='ocrx_word' id='word_1_601' title='bbox 2476 4367 2672 4424; x_wconf 88' lang='lat' dir='ltr'><strong>omnia</strong></span> <span class='ocrx_word' id='word_1_602' title='bbox 2712 4367 2833 4424; x_wconf 84' lang='lat' dir='ltr'><strong>sint</strong></span> <span class='ocrx_word' id='word_1_603' title='bbox 2870 4363 3324 4424; x_wconf 77' lang='lat' dir='ltr'><strong>ordinatissima.</strong></span> <span class='ocrx_word' id='word_1_604' title='bbox 3394 4363 3488 4420; x_wconf 89' lang='lat' dir='ltr'><strong>Tu</strong></span> <span class='ocrx_word' id='word_1_605' title='bbox 3474 4406 3517 4500; x_wconf 62' lang='lat' dir='ltr'><strong>l,</strong></span> <span class='ocrx_word' id='word_1_606' title='bbox 3552 4361 3603 4418; x_wconf 91' lang='lat' dir='ltr'><strong>si</strong></span> 
     </span>
    </p>

    <p class='ocr_par' dir='ltr' id='par_1_4' title="bbox 3300 4443 3598 4500">
     <span class='ocr_line' id='line_1_51' title="bbox 3300 4443 3598 4500; baseline 0 0"><span class='ocrx_word' id='word_1_607' title='bbox 3300 4447 3307 4452; x_wconf 88' lang='lat'>&#39;</span> <span class='ocrx_word' id='word_1_608' title='bbox 3434 4461 3473 4500; x_wconf 95' lang='lat' dir='ltr'><strong>a</strong></span> <span class='ocrx_word' id='word_1_609' title='bbox 3510 4443 3598 4500; x_wconf 84' lang='lat' dir='ltr'><strong>&#39;ter</strong></span> 
     </span>
    </p>
   </div>
  </div>
 </body>
</html>
