3923 4875
541 290 613 346 16
1542 296 1953 342 FRANCISCI
2011 300 2220 352 suun
2281 297 2480 341 VITA.

538 481 632 542 es,
666 459 931 521 Domine
952 459 1119 519 Deus
1140 457 1259 538 mi,
1298 458 1453 519 serui
1486 456 1604 536 tui,
1644 458 1702 516 δι
1739 469 2090 535 pereuntem
2131 457 2341 519 misere
2383 459 2545 518 facto
2585 474 2756 536 me0,
2797 456 3038 518 servasti
3075 457 3329 535 gratiose
3361 459 3464 520 mi·

537 508 863 602 sericordia
902 550 1023 600 tua.
1061 541 1181 599 Ista
1221 502 1489 599 horribili
1527 503 1828 616 impietate
1848 549 2152 599 constrata
2171 549 2298 599 erat
2315 536 2583 616 quotidie
2601 556 2806 598 mensa
2818 539 3215 628 ,personabat
3233 538 3467 616 domus,

540 622 1107 698 circumstrepebant
1165 618 1369 679 omnia
1406 617 1599 679 aureis
1638 636 1833 697 meas,
1873 619 2026 680 adee
2066 629 2131 679 vt
2171 618 2406 695 iamque
2443 618 2524 678 ad
2563 617 2678 678 alia
2720 617 2922 678 omnia
2960 618 3467 680 obsurdescerem.

538 704 695 762 Nam
742 717 929 778 quum
969 699 1249 760 omnibus
1288 697 1452 759 horis
1490 697 1719 776 aliquid
1755 663 2035 760 atrociter
2075 698 2205 760 fieri
2243 698 2542 776 videmus,
2583 707 2686 758 aut
2727 697 2999 758 audimus
3013 742 3032 774 ,
3074 696 3289 775 (inquit
3328 700 3468 758 Tul·

540 782 701 872 lius)
720 781 900 842 etiam
940 781 1043 858 qui
1082 790 1293 840 natura
1332 777 1625 840 mitissimi
1666 794 1901 857 sumus,
1944 778 2289 839 assiduitate
2311 778 2716 839 molestiarum
2741 794 2979 838 sensum
3001 796 3244 838 omnem
3265 779 3467 839 huma-

538 860 733 923 nitatis
792 881 865 922 ex
902 861 1114 922 animis
1155 859 1509 920 amittimus:
1551 875 1737 936 quum
1777 824 1958 936 impie
2001 859 2127 920 fieri
2165 869 2267 919 aut
2307 857 2426 920 dici
2441 857 2716 938 ,pietatis
2739 874 2997 918 sensum.
3019 859 3112 917 Ex
3130 856 3246 918 isto
3269 869 3468 919 autem

542 940 784 1003 immani
843 938 1193 1032 perditionis
1232 941 1513 1001 barathro
1551 938 1797 999 mirifice
1837 958 1935 999 me
1975 939 2188 1018 eripuit
2226 940 2422 1017 Deus,
2462 948 2778 1016 postquam
2819 937 3071 1016 amplius
3113 956 3334 999 annum
3375 939 3468 999 his

540 1020 946 1115 perditissimis
984 1019 1371 1081 luxuriassem
1410 1018 1653 1080 deliciis,
1696 1019 1851 1078 Nam
1877 1035 2062 1097 quum
2102 1018 2356 1081 excitato
2397 1017 2678 1096 Lugduni
2717 1021 2972 1078 tumultu
3017 1018 3095 1079 ad
3129 1020 3189 1079 S.
3211 1017 3467 1096 Nicasij,

543 1102 641 1163 die
681 1104 833 1164 festo
875 1103 1141 1192 (vpcant)
1182 1099 1453 1178 corporis
1492 1097 1740 1159 Domini
1778 1098 1901 1159 siue
1942 1098 2331 1177 Sacramenti,
2375 1109 2600 1177 strages
2641 1097 2863 1177 passim
2906 1108 3084 1175 atque
3125 1098 3470 1177 promiscua

545 1183 606 1243 in
666 1180 977 1242 altervrbis
1018 1191 1219 1258 parte,
1258 1199 1410 1258 quae
1458 1180 1832 1240 inter-fluenta
1868 1180 2155 1241 Rhodani
2194 1178 2504 1240 Ararissita
2543 1188 2662 1258 est,
2706 1179 3042 1241 ederentur:
3087 1179 3290 1258 coepit
3330 1178 3468 1238 furi-

547 1263 753 1323 bunda
794 1263 965 1339 plebs
1002 1263 1115 1322 hos
1150 1259 1285 1320 illos
1326 1260 1503 1321 etiam
1543 1258 1732 1320 domo
1772 1278 2012 1350 rapere,
2051 1261 2108 1319 δι
2149 1259 2451 1320 domum'
2434 1278 2624 1337 ipsam
2645 1225 2726 1318 in
2767 1277 2886 1336 qua
2923 1269 3052 1319 tum
3091 1262 3340 1337 agebam
3361 1259 3471 1319 cir-

550 1341 882 1404 cumsidere
922 1340 1279 1431 arctissime,
1319 1349 1625 1401 commota
1664 1305 2012 1399 Sacrificuli
2027 1341 2433 1430 ποπανοφόρου
2475 1339 2697 1400 verbis:
2739 1338 2844 1417 qui
2881 1338 3265 1431 praedicabat
3291 1340 3471 1417 false,

551 1442 585 1483 e
624 1424 809 1482 domo
848 1421 1057 1482 eadem
1096 1418 1344 1481 exiuisse
1382 1419 1690 1480 hominem
1729 1418 1834 1496 qui
1870 1419 1994 1479 vim
2033 1418 2146 1497 ipsi
2183 1421 2486 1499 attulerat,
2524 1420 2581 1479 &
2622 1417 2986 1480 Sacramenti
3030 1418 3120 1479 sui
3158 1419 3472 1480 delubrum

551 1505 876 1581 effregerat.
929 1501 1199 1579 Tegebat
1243 1511 1439 1560 autem
1479 1497 1777 1560 sacrificus
1815 1500 1933 1559 hac
1971 1497 2317 1560 defensione
2356 1465 2812 1591 imprudentiam
2853 1516 3038 1560 suam:
3081 1498 3145 1560 id
3165 1499 3326 1560 enim
3345 1499 3472 1578 ipse

551 1585 801 1662 fecerat,
852 1598 1035 1658 quum
1080 1579 1363 1642 attonitus
1402 1597 1612 1671 eorum
1652 1578 1914 1640 numeris
1953 1578 2057 1658 qui
2093 1598 2168 1640 ex
2199 1581 2454 1640 tumultu
2493 1578 2637 1640 alibi
2673 1590 2891 1672 coepto
2931 1580 3174 1640 obuiam
3205 1597 3469 1640 accurre·

549 1666 696 1725 bant
754 1662 833 1722 ad
894 1681 1088 1738 arma,
1151 1669 1371 1737 eosque
1430 1658 1702 1720 inimicos
1759 1670 1953 1738 ratus,
2014 1677 2076 1719 se
2113 1658 2174 1718 in
2215 1659 2465 1720 domum
2505 1676 2684 1737 quam
2726 1659 2980 1738 primam
3019 1669 3285 1738 apertam
3323 1658 3475 1721 vidit

552 1740 970 1834 proripuisset,
1030 1745 1319 1817 suumque
1356 1741 1676 1801 delubrum
1717 1741 1814 1801 vel
1854 1705 2208 1819 sacrarium,
2251 1740 2417 1817 quod
2453 1741 2726 1818 gestabat
2767 1739 3075 1819 manibuS,
3112 1741 3191 1800 ad
3231 1749 3469 1818 portam

552 1826 764 1885 domus
826 1821 1051 1898 impetu
1110 1839 1330 1899 magno
1390 1819 1700 1882 allusisset.
1740 1822 1937 1898 Atque
1980 1820 2103 1881 hoc
2139 1784 2515 1880 mendacium
2559 1819 2756 1880 multis
2795 1838 3124 1912 permagno
3168 1819 3470 1881 constitit:

552 1907 622 1964 B.
672 1903 873 1962 Anulo
933 1906 1136 1977 e'repta
1193 1900 1345 1978 vita,
1396 1901 1453 1960 δι
1500 1900 1627 1962 aliis
1677 1899 1939 1977 aliquot:
1991 1899 2173 1960 Anuli
2234 1918 2384 1960 vxor
2435 1917 2644 1978 parum
2699 1899 2890 1961 abfuit
2929 1899 3074 1977 quin
3111 1903 3150 1959 a
3189 1901 3366 1978 plebe
3408 1898 3470 1959 in

553 1981 787 2044 Ararim
826 1978 1239 2072 proiiceretur,
1278 1945 1391 2042 nisi
1431 1980 1763 2042 interuentu
1796 1978 2102 2072 Catharini
2119 1979 2360 2040 Ioannis
2377 1978 2744 2040 Praefecti&
2763 1979 3162 2058 Angariorum
3181 1996 3472 2056 equorum

555 2062 837 2141 epistatae
873 2059 1119 2121 liberata
1157 2061 1363 2122 fulsset
1400 2063 1778 2139 abductaque
1816 2060 1877 2121 in
1918 2078 2253 2120 carcerem:
2297 2061 2514 2120 domus
2542 2071 2748 2121 nostra
2779 2059 3018 2121 armatis
3050 2060 3472 2151 circumclusa,

554 2144 610 2203 δι
650 2160 883 2220 pressa,
924 2150 1228 2218 tamquam
1268 2140 1331 2201 in
1368 2141 1623 2202 hostico·
1666 2144 2061 2219 Prospectans
2101 2139 2344 2217 quidam
2384 2143 2418 2201 e
2459 2157 2631 2201 muro
2673 2139 2914 2201 molitor
2933 2138 3188 2201 minatur
3207 2138 3368 2200 mihi:
3375 2159 3470 2200 me

554 2227 591 2282 a
631 2240 695 2282 se
736 2232 949 2282 notum
989 2221 1329 2298 praedicat:
1371 2241 1495 2283 non
1532 2221 1909 2299 effugiturum
1949 2224 1985 2281 e
2025 2219 2146 2281 suis
2189 2219 2463 2280 manibus
2484 2220 2868 2298 pronunciat:
2891 2221 2968 2281 de
2987 2237 3223 2281 summo
3245 2219 3469 2300 pariete

555 2301 651 2363 cui
711 2300 966 2362 instabat
1024 2312 1298 2362 contatur
1358 2301 1561 2378 hasta,
1611 2303 1807 2362 νιιιιιιι
1868 2300 2192 2361 commode
2240 2299 2302 2360 in
2343 2319 2542 2361 aream
2580 2317 2720 2361 cum
2759 2301 2962 2362 hastae
3003 2318 3144 2362 suae
3183 2301 3470 2361 fulmento

555 2381 772 2445 insilire
812 2392 1041 2461 posset:
1079 2381 1163 2443 ita
1200 2393 1494 2445 exarserat
1532 2381 1594 2442 in
1634 2401 1763 2462 me,
1803 2391 1870 2443 vt
1907 2390 2250 2460 exspectare
2289 2398 2414 2443 non
2452 2390 2655 2459 posset
2675 2381 2820 2442 dum
2840 2380 2920 2442 ad
2938 2399 3002 2442 se
3019 2388 3474 2473 apportarentur

555 2465 768 2525 scalae.
845 2466 978 2542 Ego
998 2507 1017 2541 ,
1077 2462 1180 2540 qui
1236 2464 1354 2523 iam
1402 2474 1491 2524 ter
1531 2462 1727 2523 antica
1767 2464 1823 2523 δι
1862 2461 2096 2540 postica
2135 2470 2309 2539 porta
2353 2463 2579 2522 fueram
2619 2472 2868 2523 conatus
2909 2462 3199 2542 effugere,
3252 2474 3316 2523 vt
3353 2460 3478 2522 vidi

556 2544 828 2605 insanum
870 2542 1172 2604 hominem
1212 2543 1274 2603 in
1314 2563 1412 2605 me
1455 2542 1718 2621 cogitare
1754 2542 2035 2602 infestum
2074 2541 2329 2620 irruere,
2381 2542 2534 2602 adeo
2573 2542 2652 2603 ad
2692 2542 2949 2603 anticam
2988 2552 3224 2620 portam
3239 2588 3257 2621 ,
3297 2558 3476 2621 quam

556 2635 684 2716 tum
724 2622 927 2685 furiosi
966 2622 1050 2684 illi
1090 2622 1334 2684 minime
1372 2624 1803 2701 obseruabant,
1843 2622 2211 2683 confidentes
2250 2632 2615 2682 armatorum
2649 2621 2984 2702 ordinibus,
3004 2622 3109 2701 qui
3127 2622 3306 2685 totius
3324 2622 3478 2684 illius

560 2704 675 2765 vici
718 2708 963 2782 (novum
1004 2704 1331 2785 appellant)
1367 2705 1552 2764 latera
1591 2704 1872 2782 tegebant
1911 2700 2355 2763 confertissimi:
2399 2709 2588 2779 eaque
2627 2712 2801 2781 porta
2841 2702 3093 2781 effugio·
3124 2722 3229 2781 per
3249 2702 3480 2764 medios

560 2802 842 2845 numeros
883 2795 1244 2844 armatorum
1276 2800 1551 2875 currens,
1585 2786 1953 2861 verberatuS,
1997 2784 2226 2861 pulsus,
2266 2802 2342 2843 ex
2379 2782 2620 2860 priuatis
2657 2782 2883 2861 aliquot
2920 2783 3196 2860 aedibus,
3225 2802 3300 2844 ex
3317 2782 3482 2843 curia

562 2865 786 2927 eiectus
801 2909 819 2943 ,
879 2864 1120 2924 tandem
1182 2875 1341 2925 trans
1379 2863 1615 2924 Ararim
1654 2863 1830 2924 venio
1873 2862 1935 2921 in
1975 2865 2220 2923 alteram
2261 2872 2490 2940 partem
2532 2862 2776 2955 oppidi,
2810 2861 2912 2923 vbi
2951 2862 3206 2924 silebant
3247 2863 3482 2939 omnia,

564 2948 819 3007 tumultu
880 2960 1069 3004 vacua
1124 2954 1302 3020 atque
1362 2944 1741 3005 clamoribus,
1782 2944 2010 3003 Aberat
2048 2952 2176 3003 tum
2213 2943 2293 3003 ab
2333 2944 2481 3004 vrbe
2519 2942 2610 3002 vir
2653 2942 2914 3021 optimus
2954 2945 3306 3004 Leonardus
3342 2946 3484 3004 Por·

568 3043 746 3087 nasus
808 3024 1151 3084 Piemantae
1207 3024 1537 3103 Dominus,
1596 3023 1675 3085 ad
1732 3040 1913 3102 quem
1972 3020 2148 3084 certis
2190 3022 2267 3083 de
2307 3021 2499 3083 causis
2540 3022 2802 3101 recipere
2841 3042 2940 3082 me
2981 3023 3296 3085 consilium
3339 3033 3484 3085 erat.

567 3104 692 3181 Qui
750 3104 993 3184 gerebat
1044 3103 1284 3182 negotia
1326 3103 1478 3165 illius
1518 3069 1797 3165 dubitans
1812 3148 1829 3183 ,
1870 3122 1936 3163 re
1978 3102 2246 3181 cognita,
2285 3112 2482 3164 vtrum
2519 3102 2662 3180 ipsis
2701 3112 2802 3163 aut
2841 3102 2988 3163 mihi
3027 3103 3202 3165 statio
3243 3104 3344 3164 illa
3379 3121 3488 3195 per

570 3185 716 3245 illud
756 3195 988 3262 tempus
1027 3192 1154 3244 tuta
1190 3185 1387 3244 futura
1424 3195 1602 3262 esset,
1644 3182 2030 3245 commodato
2073 3202 2170 3243 me
2209 3182 2390 3261 pallio
2431 3182 2691 3244 instruit.
2724 3184 2805 3244 ad
2823 3181 3146 3244 Curionem
3168 3186 3226 3245 S.
3229 3182 3455 3245 Irenaei
3469 3227 3486 3260 ,

572 3268 887 3326 honestum
947 3266 1002 3324 &
1051 3266 1375 3324 humanum
1432 3263 1657 3343 virum,
1716 3283 1813 3324 me
1874 3262 2092 3324 deduci
2131 3262 2420 3324 curatwbi
2461 3282 2557 3324 me
2596 3262 2762 3323 iubet
2799 3263 2880 3323 ad
2918 3265 3130 3325 horam
3168 3284 3348 3325 vnam
3388 3272 3489 3323 aut

571 3348 815 3406 alteram
878 3343 1210 3405 subsistere:
1214 3344 1355 3404 inde
1416 3355 1579 3405 extra
1638 3308 1931 3422 oppidum
1972 3344 2244 3403 abducor
2283 3346 2320 3403 a
2351 3343 2618 3420 quodam
2658 3343 3042 3435 paedagogo,
3083 3343 3181 3404 cui
3220 3343 3487 3421 Georgio

574 3424 791 3487 Colino
850 3442 1075 3485 nomen
1134 3426 1191 3484 δι
1250 3424 1667 3515 circumspicio
1726 3434 1921 3485 vtrum
1984 3442 2058 3484 ex
2094 3422 2300 3485 amicis
2343 3440 2703 3501 quemquam
2734 3422 2855 3484 ruri
2895 3423 3239 3486 inuenturus
3278 3442 3490 3485 essem.

576 3508 896 3583 Postquam
933 3509 1075 3565 vere
1115 3502 1343 3565 ieiunus
1377 3506 1510 3582 plus
1549 3504 1687 3566 satis
1726 3506 2096 3565 oberrassem
2135 3506 2378 3576 frustra,
2413 3502 2476 3563 in
2512 3504 2690 3565 aedes
2729 3502 2930 3565 rustici
2968 3504 3272 3566 cuiusdam
3294 3504 3490 3575 venio,

574 3604 700 3646 non
737 3586 951 3663 procul
989 3586 1066 3645 ab
1104 3583 1294 3645 insula
1333 3602 1485 3661 quae
1521 3584 1582 3645 in
1615 3584 1790 3645 Arari
1826 3600 2006 3661 supra
2048 3585 2432 3676 Lugdunum
2450 3592 2570 3645 est:
2613 3583 2818 3647 cibarii
2856 3583 3078 3677 aliquid
3098 3596 3240 3663 peto
3263 3582 3492 3677 opponi

577 3665 771 3727 nobis:
774 3664 1022 3725 rusticus
1082 3663 1179 3725 ille
1204 3664 1435 3756 excipit
1472 3662 1913 3726 humanissime.
1952 3662 2146 3739 Hicffl
2186 3662 2532 3741 sapientiam
2573 3664 2690 3724 Dei
2733 3662 3166 3740 admirabilem)
3205 3665 3492 3743 optimam

578 3747 844 3807 scholam
906 3743 1355 3805 Christianitatis
1412 3744 1706 3806 Dominus
1766 3762 1933 3805 meus
1975 3742 2120 3804 mihi
2157 3754 2484 3822 parauerat.
2541 3746 2744 3823 Rogat
2781 3744 3060 3837 rusticuS,
3111 3745 3256 3823 quid
3294 3762 3491 3805 rerum

582 3836 801 3917 agatur
824 3824 1134 3903 Lugduni.
1150 3843 1475 3888 narramus,
1510 3844 1781 3887 caussam
1820 3824 2149 3885 sciscitatur
2185 3824 2435 3885 istorum
2476 3834 2785 3886 motuum:
2828 3823 3174 3903 religionem
3213 3824 3466 3886 dicimus
3480 3865 3497 3900 ,

580 3904 953 3997 quaestiones
1014 3906 1089 3965 de
1148 3903 1433 3983 religione
1490 3908 1546 3966 &
1585 3904 2038 3967 controuersias,
2099 3906 2207 3965 Ille
2247 3916 2374 3964 tum
2414 3904 2616 3965 animo
2655 3904 3042 3967 attentissimo
3084 3914 3498 3997 percunctatur

581 3990 658 4047 de
715 3984 889 4047 nobis
902 4030 919 4063 ,
978 3994 1155 4063 atque
1206 3984 1501 4046 examinat
1514 4032 1531 4065 ,
1571 3985 1717 4063 quid
1757 3986 1963 4046 dicant
2001 3984 2079 4045 ad
2120 3986 2270 4045 haec
2309 3984 2598 4062 Pontificij
2614 4030 2630 4063 ,
2672 3984 2816 4063 quid
2854 3984 3168 4077 ῌιιςοιιοιί
3208 3994 3494 4076 regerant.

582 4068 681 4127 Ad
734 4065 963 4143 singula
1018 4067 1453 4143 respondebam
1496 4076 1795 4144 vtcunque
1834 4075 2136 4158 poteram:
2178 4076 2358 4144 prout
2397 4064 2658 4126 sciebam
2698 4084 2774 4126 ex
2812 4064 2971 4145 aliis,
3009 4084 3134 4126 non
3175 4084 3249 4126 ex
3291 4064 3494 4125 animo

581 4146 928 4208 sentiebam.
1006 4144 1105 4206 Sic
1164 4145 1357 4207 effecit
1407 4148 1572 4207 Deus
1630 4144 2057 4207 admirabiliter
2071 4190 2088 4223 ,
2148 4155 2213 4206 vt
2252 4147 2446 4206 bonus
2505 4144 2755 4206 rusticus
2804 4112 3237 4206 sanctissimum
3276 4147 3497 4223 zelum,

582 4244 759 4304 quem
796 4227 1087 4302 habebat,
1130 4236 1413 4303 operante
1451 4226 1719 4289 Domino
1734 4273 1751 4307 ,
1794 4225 1940 4285 mihi
1978 4224 2144 4303 quasi
2183 4223 2514 4286 instillaret:
2557 4243 2671 4303 ego
2711 4230 2854 4286 vere
2888 4228 3079 4286 malus
3101 4224 3465 4287 Christianus
3480 4267 3498 4302 ,

585 4306 873 4397 siquidem
934 4304 1326 4385 ChristianuS,
1386 4306 1439 4367 ei
1493 4306 1735 4368 scientia
1773 4307 2190 4383 praelucerern.
2244 4307 2380 4367 Vna
2419 4306 2474 4365 &
2513 4306 2724 4366 eadem
2761 4308 2908 4367 hora
2949 4323 3114 4367 suam
3153 4305 3398 4387 gratiam
3437 4303 3499 4363 in

3253 4396 3502 4462 vtroque

3903 679 3910 774 *⁴—
3901 273 3910 646 —..———-———-.
