<?xml version="1.0" encoding="UTF-8"?>
<!DOCTYPE html PUBLIC "-//W3C//DTD XHTML 1.0 Transitional//EN"
    "http://www.w3.org/TR/xhtml1/DTD/xhtml1-transitional.dtd">
<html xmlns="http://www.w3.org/1999/xhtml" xml:lang="en" lang="en">
 <head>
  <title>
</title>
<meta http-equiv="Content-Type" content="text/html;charset=utf-8" />
  <meta name='ocr-system' content='tesseract 3.04.00' />
  <meta name='ocr-capabilities' content='ocr_page ocr_carea ocr_par ocr_line ocrx_word'/>
</head>
<body>
  <div class='ocr_page' id='page_1' title='image "./dfranciscijunii00junigoog_0275.png"; bbox 0 0 3923 4875; ppageno 0'>
   <div class='ocr_carea' id='block_1_1' title="bbox 682 309 2690 386">
    <p class='ocr_par' dir='ltr' id='par_1_1' title="bbox 682 309 2690 386">
     <span class='ocr_line' id='line_1_1' title="bbox 682 309 2690 386; baseline -0.003 -10"><span class='ocrx_word' id='word_1_1' title='bbox 682 309 797 386; x_wconf 71' lang='lat'>248</span> <span class='ocrx_word' id='word_1_2' title='bbox 1644 319 1978 374; x_wconf 66' lang='lat' dir='ltr'>rarsi-‚s</span> <span class='ocrx_word' id='word_1_3' title='bbox 2037 319 2690 372; x_wconf 59' lang='grc' dir='ltr'>τειοιοοισιι.</span> 
     </span>
    </p>
   </div>
   <div class='ocr_carea' id='block_1_2' title="bbox 676 478 3642 4463">
    <p class='ocr_par' dir='ltr' id='par_1_2' title="bbox 680 478 3630 1844">
     <span class='ocr_line' id='line_1_2' title="bbox 682 478 3630 564; baseline -0.002 -18"><span class='ocrx_word' id='word_1_4' title='bbox 682 489 867 548; x_wconf 74' lang='lat' dir='ltr'>lutam</span> <span class='ocrx_word' id='word_1_5' title='bbox 912 493 1266 564; x_wconf 83' lang='lat' dir='ltr'>potestatem</span> <span class='ocrx_word' id='word_1_6' title='bbox 1306 483 1541 562; x_wconf 83' lang='lat' dir='ltr'>quidvis</span> <span class='ocrx_word' id='word_1_7' title='bbox 1580 483 1849 546; x_wconf 83' lang='lat' dir='ltr'>tradendi</span> <span class='ocrx_word' id='word_1_8' title='bbox 1890 484 2174 546; x_wconf 84' lang='lat' dir='ltr'>arbitratu</span> <span class='ocrx_word' id='word_1_9' title='bbox 2213 501 2354 562; x_wconf 89' lang='lat' dir='ltr'>suo,</span> <span class='ocrx_word' id='word_1_10' title='bbox 2413 483 2518 544; x_wconf 88' lang='lat' dir='ltr'>sed</span> <span class='ocrx_word' id='word_1_11' title='bbox 2557 481 2826 560; x_wconf 82' lang='lat' dir='ltr'>Christe,</span> <span class='ocrx_word' id='word_1_12' title='bbox 2865 481 2926 542; x_wconf 91' lang='lat' dir='ltr'>id</span> <span class='ocrx_word' id='word_1_13' title='bbox 2965 492 3088 556; x_wconf 87' lang='lat' dir='ltr'>est,</span> <span class='ocrx_word' id='word_1_14' title='bbox 3129 481 3322 540; x_wconf 81' lang='lat' dir='ltr'>verbo</span> <span class='ocrx_word' id='word_1_15' title='bbox 3365 501 3439 542; x_wconf 91' lang='lat' dir='ltr'>ac</span> <span class='ocrx_word' id='word_1_16' title='bbox 3483 478 3630 540; x_wconf 90' lang='lat' dir='ltr'>doc-</span> 
     </span>
     <span class='ocr_line' id='line_1_3' title="bbox 685 559 3624 644; baseline -0.002 -18"><span class='ocrx_word' id='word_1_17' title='bbox 685 565 871 626; x_wconf 83' lang='lat' dir='ltr'><strong>trinae</strong></span> <span class='ocrx_word' id='word_1_18' title='bbox 926 563 1076 625; x_wconf 75' lang='lat' dir='ltr'>illius</span> <span class='ocrx_word' id='word_1_19' title='bbox 1116 564 1443 626; x_wconf 85' lang='lat' dir='ltr'>subiectam</span> <span class='ocrx_word' id='word_1_20' title='bbox 1482 583 1642 626; x_wconf 86' lang='lat' dir='ltr'>esse:</span> <span class='ocrx_word' id='word_1_21' title='bbox 1684 563 1763 624; x_wconf 89' lang='lat' dir='ltr'>ita</span> <span class='ocrx_word' id='word_1_22' title='bbox 1805 574 1867 623; x_wconf 86' lang='lat' dir='ltr'>vt</span> <span class='ocrx_word' id='word_1_23' title='bbox 1906 565 2193 644; x_wconf 88' lang='lat' dir='ltr'>quicquid</span> <span class='ocrx_word' id='word_1_24' title='bbox 2236 563 2502 626; x_wconf 79' lang='lat' dir='ltr'>Ecclesia</span> <span class='ocrx_word' id='word_1_25' title='bbox 2543 562 2846 641; x_wconf 86' lang='lat' dir='ltr'>potestatis</span> <span class='ocrx_word' id='word_1_26' title='bbox 2887 563 3098 637; x_wconf 88' lang='lat' dir='ltr'>habet,</span> <span class='ocrx_word' id='word_1_27' title='bbox 3149 559 3210 622; x_wconf 90' lang='lat' dir='ltr'>id</span> <span class='ocrx_word' id='word_1_28' title='bbox 3253 560 3440 620; x_wconf 86' lang='lat' dir='ltr'>certis</span> <span class='ocrx_word' id='word_1_29' title='bbox 3483 559 3624 620; x_wconf 88' lang='lat' dir='ltr'>defi·</span> 
     </span>
     <span class='ocr_line' id='line_1_4' title="bbox 684 643 3624 724; baseline -0.003 -18"><span class='ocrx_word' id='word_1_30' title='bbox 684 645 937 724; x_wconf 89' lang='lat' dir='ltr'>nitisque</span> <span class='ocrx_word' id='word_1_31' title='bbox 988 643 1263 706; x_wconf 88' lang='lat' dir='ltr'>cancellis</span> <span class='ocrx_word' id='word_1_32' title='bbox 1316 643 1391 704; x_wconf 89' lang='lat' dir='ltr'>sit</span> <span class='ocrx_word' id='word_1_33' title='bbox 1430 643 1964 722; x_wconf 88' lang='lat' dir='ltr'>circumscriptum.</span> <span class='ocrx_word' id='word_1_34' title='bbox 2038 646 2164 704; x_wconf 90' lang='lat' dir='ltr'>Nos</span> <span class='ocrx_word' id='word_1_35' title='bbox 2204 647 2364 704; x_wconf 74' lang='lat' dir='ltr'>certe</span> <span class='ocrx_word' id='word_1_36' title='bbox 2403 643 2734 704; x_wconf 82' lang='lat' dir='ltr'>Ecclesiam</span> <span class='ocrx_word' id='word_1_37' title='bbox 2778 654 2840 702; x_wconf 90' lang='lat' dir='ltr'>vt</span> <span class='ocrx_word' id='word_1_38' title='bbox 2881 643 3222 720; x_wconf 79' lang='lat' dir='ltr'>magistram</span> <span class='ocrx_word' id='word_1_39' title='bbox 3267 651 3624 720; x_wconf 82' lang='lat' dir='ltr'>perpetuam</span> 
     </span>
     <span class='ocr_line' id='line_1_5' title="bbox 680 720 3626 803; baseline -0.002 -15"><span class='ocrx_word' id='word_1_40' title='bbox 680 725 952 788; x_wconf 87' lang='lat' dir='ltr'>audimus</span> <span class='ocrx_word' id='word_1_41' title='bbox 1010 727 1066 786; x_wconf 76' lang='grc' dir='ltr'>δι</span> <span class='ocrx_word' id='word_1_42' title='bbox 1126 723 1405 785; x_wconf 86' lang='lat' dir='ltr'>colimus:</span> <span class='ocrx_word' id='word_1_43' title='bbox 1448 735 1511 784; x_wconf 92' lang='lat' dir='ltr'>vt</span> <span class='ocrx_word' id='word_1_44' title='bbox 1552 735 1829 800; x_wconf 88' lang='lat' dir='ltr'>matrem,</span> <span class='ocrx_word' id='word_1_45' title='bbox 1870 723 2162 786; x_wconf 89' lang='lat' dir='ltr'>nutricem</span> <span class='ocrx_word' id='word_1_46' title='bbox 2177 769 2194 803; x_wconf 91' lang='lat'>,</span> <span class='ocrx_word' id='word_1_47' title='bbox 2235 725 2508 785; x_wconf 88' lang='lat' dir='ltr'>tutricem</span> <span class='ocrx_word' id='word_1_48' title='bbox 2549 740 2926 785; x_wconf 83' lang='lat' dir='ltr'>veneramur:</span> <span class='ocrx_word' id='word_1_49' title='bbox 2969 725 3226 783; x_wconf 84' lang='lat' dir='ltr'>fatemur</span> <span class='ocrx_word' id='word_1_50' title='bbox 3267 740 3398 782; x_wconf 89' lang='lat' dir='ltr'>non</span> <span class='ocrx_word' id='word_1_51' title='bbox 3437 720 3626 782; x_wconf 86' lang='lat' dir='ltr'>alium</span> 
     </span>
     <span class='ocr_line' id='line_1_6' title="bbox 683 802 3627 883; baseline -0.002 -15"><span class='ocrx_word' id='word_1_52' title='bbox 683 825 810 868; x_wconf 89' lang='lat' dir='ltr'>esse</span> <span class='ocrx_word' id='word_1_53' title='bbox 865 803 1225 866; x_wconf 87' lang='lat' dir='ltr'>ordinarium</span> <span class='ocrx_word' id='word_1_54' title='bbox 1266 803 1325 864; x_wconf 81' lang='lat' dir='ltr'>in</span> <span class='ocrx_word' id='word_1_55' title='bbox 1369 804 1549 864; x_wconf 87' lang='lat' dir='ltr'>vitam</span> <span class='ocrx_word' id='word_1_56' title='bbox 1591 805 1948 883; x_wconf 88' lang='lat' dir='ltr'>ingressum,</span> <span class='ocrx_word' id='word_1_57' title='bbox 1989 803 2101 866; x_wconf 87' lang='lat' dir='ltr'>nisi</span> <span class='ocrx_word' id='word_1_58' title='bbox 2139 822 2252 866; x_wconf 88' lang='lat' dir='ltr'>nos</span> <span class='ocrx_word' id='word_1_59' title='bbox 2289 804 2422 882; x_wconf 89' lang='lat' dir='ltr'>ipsa</span> <span class='ocrx_word' id='word_1_60' title='bbox 2463 804 2802 883; x_wconf 78' lang='lat' dir='ltr'>concipiat,</span> <span class='ocrx_word' id='word_1_61' title='bbox 2839 802 3060 882; x_wconf 74' lang='lat' dir='ltr'>pariat,</span> <span class='ocrx_word' id='word_1_62' title='bbox 3099 804 3250 878; x_wconf 85' lang='lat' dir='ltr'>alat,</span> <span class='ocrx_word' id='word_1_63' title='bbox 3291 803 3627 880; x_wconf 81' lang='lat' dir='ltr'>gubernet,</span> 
     </span>
     <span class='ocr_line' id='line_1_7' title="bbox 681 881 3624 965; baseline -0.002 -19"><span class='ocrx_word' id='word_1_64' title='bbox 681 904 859 965; x_wconf 90' lang='lat' dir='ltr'>quam</span> <span class='ocrx_word' id='word_1_65' title='bbox 898 887 999 945; x_wconf 90' lang='lat' dir='ltr'>diu</span> <span class='ocrx_word' id='word_1_66' title='bbox 1038 884 1098 944; x_wconf 88' lang='lat' dir='ltr'>in</span> <span class='ocrx_word' id='word_1_67' title='bbox 1142 886 1262 945; x_wconf 90' lang='lat' dir='ltr'>hoc</span> <span class='ocrx_word' id='word_1_68' title='bbox 1302 885 1529 946; x_wconf 89' lang='lat' dir='ltr'>mundo</span> <span class='ocrx_word' id='word_1_69' title='bbox 1570 885 1903 946; x_wconf 87' lang='lat' dir='ltr'>haeremus.</span> <span class='ocrx_word' id='word_1_70' title='bbox 1946 885 2132 961; x_wconf 78' lang='lat' dir='ltr'>Quod</span> <span class='ocrx_word' id='word_1_71' title='bbox 2167 883 2216 944; x_wconf 87' lang='lat' dir='ltr'>si</span> <span class='ocrx_word' id='word_1_72' title='bbox 2253 903 2364 946; x_wconf 88' lang='lat' dir='ltr'>nos</span> <span class='ocrx_word' id='word_1_73' title='bbox 2385 885 2478 944; x_wconf 83' lang='lat' dir='ltr'>vel</span> <span class='ocrx_word' id='word_1_74' title='bbox 2499 903 2619 944; x_wconf 80' lang='lat' dir='ltr'>vno</span> <span class='ocrx_word' id='word_1_75' title='bbox 2642 883 2846 944; x_wconf 89' lang='lat' dir='ltr'>matris</span> <span class='ocrx_word' id='word_1_76' title='bbox 2866 882 3100 962; x_wconf 87' lang='lat' dir='ltr'>elogio,</span> <span class='ocrx_word' id='word_1_77' title='bbox 3136 899 3261 960; x_wconf 86' lang='lat' dir='ltr'>quo</span> <span class='ocrx_word' id='word_1_78' title='bbox 3281 881 3624 942; x_wconf 85' lang='lat' dir='ltr'>Ecclesiam</span> 
     </span>
     <span class='ocr_line' id='line_1_8' title="bbox 686 961 3628 1044; baseline -0.003 -16"><span class='ocrx_word' id='word_1_79' title='bbox 686 965 988 1044; x_wconf 83' lang='lat' dir='ltr'>Scriptura</span> <span class='ocrx_word' id='word_1_80' title='bbox 1047 975 1326 1037; x_wconf 83' lang='lat' dir='ltr'>exornat,</span> <span class='ocrx_word' id='word_1_81' title='bbox 1388 963 1645 1042; x_wconf 86' lang='lat' dir='ltr'>inducti,</span> <span class='ocrx_word' id='word_1_82' title='bbox 1706 983 1837 1026; x_wconf 86' lang='lat' dir='ltr'>eam</span> <span class='ocrx_word' id='word_1_83' title='bbox 1899 962 2046 1026; x_wconf 86' lang='lat' dir='ltr'>tanti</span> <span class='ocrx_word' id='word_1_84' title='bbox 2107 964 2508 1026; x_wconf 84' lang='lat' dir='ltr'>aestimamus:</span> <span class='ocrx_word' id='word_1_85' title='bbox 2561 963 2662 1024; x_wconf 88' lang='lat' dir='ltr'>cui</span> <span class='ocrx_word' id='word_1_86' title='bbox 2691 963 2940 1024; x_wconf 90' lang='lat' dir='ltr'>dubium</span> <span class='ocrx_word' id='word_1_87' title='bbox 2979 963 3122 1036; x_wconf 82' lang='lat' dir='ltr'>erit,</span> <span class='ocrx_word' id='word_1_88' title='bbox 3161 961 3304 1040; x_wconf 88' lang='lat' dir='ltr'>quin</span> <span class='ocrx_word' id='word_1_89' title='bbox 3347 961 3628 1022; x_wconf 84' lang='lat' dir='ltr'>Ecclesia</span> 
     </span>
     <span class='ocr_line' id='line_1_9' title="bbox 686 1039 3628 1126; baseline -0.002 -20"><span class='ocrx_word' id='word_1_90' title='bbox 686 1065 901 1126; x_wconf 88' lang='lat' dir='ltr'>corpus</span> <span class='ocrx_word' id='word_1_91' title='bbox 962 1048 1017 1106; x_wconf 80' lang='grc' dir='ltr'>δι</span> <span class='ocrx_word' id='word_1_92' title='bbox 1078 1063 1300 1123; x_wconf 87' lang='lat' dir='ltr'>sponsa</span> <span class='ocrx_word' id='word_1_93' title='bbox 1359 1044 1609 1120; x_wconf 72' lang='lat' dir='ltr'>Christi,</span> <span class='ocrx_word' id='word_1_94' title='bbox 1668 1044 1821 1106; x_wconf 88' lang='lat' dir='ltr'>sicut</span> <span class='ocrx_word' id='word_1_95' title='bbox 1880 1063 1943 1106; x_wconf 88' lang='lat' dir='ltr'>se</span> <span class='ocrx_word' id='word_1_96' title='bbox 1985 1043 2164 1105; x_wconf 87' lang='lat' dir='ltr'>vitam</span> <span class='ocrx_word' id='word_1_97' title='bbox 2205 1049 2241 1106; x_wconf 76' lang='lat' dir='ltr'>a</span> <span class='ocrx_word' id='word_1_98' title='bbox 2279 1045 2476 1122; x_wconf 89' lang='lat' dir='ltr'>capite</span> <span class='ocrx_word' id='word_1_99' title='bbox 2495 1089 2513 1116; x_wconf 82' lang='lat'>,</span> <span class='ocrx_word' id='word_1_100' title='bbox 2551 1043 2614 1104; x_wconf 91' lang='lat' dir='ltr'>id</span> <span class='ocrx_word' id='word_1_101' title='bbox 2653 1057 2776 1121; x_wconf 88' lang='lat' dir='ltr'>est,</span> <span class='ocrx_word' id='word_1_102' title='bbox 2817 1046 2898 1105; x_wconf 90' lang='lat' dir='ltr'>ab</span> <span class='ocrx_word' id='word_1_103' title='bbox 2934 1063 3058 1104; x_wconf 84' lang='lat' dir='ltr'>vno</span> <span class='ocrx_word' id='word_1_104' title='bbox 3099 1041 3340 1103; x_wconf 89' lang='lat' dir='ltr'>Christo</span> <span class='ocrx_word' id='word_1_105' title='bbox 3383 1039 3628 1102; x_wconf 87' lang='lat' dir='ltr'>haurire</span> 
     </span>
     <span class='ocr_line' id='line_1_10' title="bbox 688 1118 3628 1206; baseline -0.002 -20"><span class='ocrx_word' id='word_1_106' title='bbox 688 1126 987 1206; x_wconf 86' lang='lat' dir='ltr'>agnoscit:</span> <span class='ocrx_word' id='word_1_107' title='bbox 1040 1125 1122 1186; x_wconf 89' lang='lat' dir='ltr'>ita</span> <span class='ocrx_word' id='word_1_108' title='bbox 1162 1124 1273 1186; x_wconf 91' lang='lat' dir='ltr'>sibi</span> <span class='ocrx_word' id='word_1_109' title='bbox 1313 1125 1725 1186; x_wconf 88' lang='lat' dir='ltr'>ardentissimo</span> <span class='ocrx_word' id='word_1_110' title='bbox 1766 1124 1966 1184; x_wconf 90' lang='lat' dir='ltr'>studio</span> <span class='ocrx_word' id='word_1_111' title='bbox 2007 1143 2218 1186; x_wconf 90' lang='lat' dir='ltr'>uocem</span> <span class='ocrx_word' id='word_1_112' title='bbox 2261 1125 2442 1186; x_wconf 90' lang='lat' dir='ltr'>solius</span> <span class='ocrx_word' id='word_1_113' title='bbox 2482 1123 2684 1204; x_wconf 89' lang='lat' dir='ltr'>sponsi</span> <span class='ocrx_word' id='word_1_114' title='bbox 2721 1123 3080 1184; x_wconf 87' lang='lat' dir='ltr'>audiendam</span> <span class='ocrx_word' id='word_1_115' title='bbox 3123 1141 3252 1184; x_wconf 87' lang='lat' dir='ltr'>esse</span> <span class='ocrx_word' id='word_1_116' title='bbox 3291 1118 3628 1200; x_wconf 78' lang='lat' dir='ltr'>intelligat?</span> 
     </span>
     <span class='ocr_line' id='line_1_11' title="bbox 688 1202 3628 1284; baseline -0.002 -18"><span class='ocrx_word' id='word_1_117' title='bbox 688 1207 811 1268; x_wconf 80' lang='lat' dir='ltr'>imo</span> <span class='ocrx_word' id='word_1_118' title='bbox 875 1210 1041 1266; x_wconf 80' lang='lat' dir='ltr'>vero&#39;</span> <span class='ocrx_word' id='word_1_119' title='bbox 1070 1223 1211 1268; x_wconf 87' lang='lat' dir='ltr'>suae</span> <span class='ocrx_word' id='word_1_120' title='bbox 1250 1204 1363 1266; x_wconf 87' lang='lat' dir='ltr'>sibi</span> <span class='ocrx_word' id='word_1_121' title='bbox 1402 1205 1819 1266; x_wconf 84' lang='lat' dir='ltr'>imbecillitatis</span> <span class='ocrx_word' id='word_1_122' title='bbox 1858 1203 2132 1282; x_wconf 87' lang='lat' dir='ltr'>conscia,</span> <span class='ocrx_word' id='word_1_123' title='bbox 2173 1221 2404 1266; x_wconf 88' lang='lat' dir='ltr'>summa</span> <span class='ocrx_word' id='word_1_124' title='bbox 2443 1205 2663 1284; x_wconf 88' lang='lat' dir='ltr'>pietate</span> <span class='ocrx_word' id='word_1_125' title='bbox 2731 1204 3016 1284; x_wconf 83' lang='lat' dir='ltr'>religione</span> <span class='ocrx_word' id='word_1_126' title='bbox 3031 1249 3050 1282; x_wconf 89' lang='lat'>,</span> <span class='ocrx_word' id='word_1_127' title='bbox 3089 1202 3458 1279; x_wconf 82' lang='lat' dir='ltr'>constantia,</span> <span class='ocrx_word' id='word_1_128' title='bbox 3502 1213 3628 1261; x_wconf 85' lang='lat' dir='ltr'>tota</span> 
     </span>
     <span class='ocr_line' id='line_1_12' title="bbox 688 1249 3626 1364; baseline -0.002 -18"><span class='ocrx_word' id='word_1_129' title='bbox 688 1288 767 1347; x_wconf 91' lang='lat' dir='ltr'>ab</span> <span class='ocrx_word' id='word_1_130' title='bbox 825 1305 929 1348; x_wconf 89' lang='lat' dir='ltr'>ore</span> <span class='ocrx_word' id='word_1_131' title='bbox 995 1284 1148 1346; x_wconf 88' lang='lat' dir='ltr'>illius</span> <span class='ocrx_word' id='word_1_132' title='bbox 1207 1279 1501 1363; x_wconf 83' lang='lat' dir='ltr'>pendeat?</span> <span class='ocrx_word' id='word_1_133' title='bbox 1556 1283 1897 1363; x_wconf 86' lang='lat' dir='ltr'>praesertim</span> <span class='ocrx_word' id='word_1_134' title='bbox 1940 1285 2079 1346; x_wconf 76' lang='lat' dir='ltr'>cum</span> <span class='ocrx_word' id='word_1_135' title='bbox 2119 1283 2420 1364; x_wconf 82' lang='lat' dir='ltr'>Scriptura</span> <span class='ocrx_word' id='word_1_136' title='bbox 2458 1287 2614 1346; x_wconf 79' lang='lat' dir='ltr'>hanc</span> <span class='ocrx_word' id='word_1_137' title='bbox 2655 1249 2876 1346; x_wconf 56' lang='lat' dir='ltr'>&amp;bristi</span> <span class='ocrx_word' id='word_1_138' title='bbox 2915 1303 3199 1364; x_wconf 68' lang='lat' dir='ltr'>sponsam</span> <span class='ocrx_word' id='word_1_139' title='bbox 3213 1329 3232 1360; x_wconf 89' lang='lat'>,</span> <span class='ocrx_word' id='word_1_140' title='bbox 3271 1284 3626 1342; x_wconf 84' lang='lat' dir='ltr'>columnam</span> 
     </span>
     <span class='ocr_line' id='line_1_13' title="bbox 690 1362 3629 1444; baseline -0.002 -18"><span class='ocrx_word' id='word_1_141' title='bbox 690 1377 865 1428; x_wconf 85' lang='lat' dir='ltr'>vocet</span> <span class='ocrx_word' id='word_1_142' title='bbox 912 1367 968 1426; x_wconf 87' lang='lat'>&amp;</span> <span class='ocrx_word' id='word_1_143' title='bbox 1008 1363 1470 1426; x_wconf 84' lang='lat' dir='ltr'>stabilimentum</span> <span class='ocrx_word' id='word_1_144' title='bbox 1512 1364 1804 1444; x_wconf 85' lang='lat' dir='ltr'>ueritatis3</span> <span class='ocrx_word' id='word_1_145' title='bbox 1846 1364 2090 1425; x_wconf 87' lang='lat' dir='ltr'>Retinet</span> <span class='ocrx_word' id='word_1_146' title='bbox 2127 1384 2182 1426; x_wconf 89' lang='lat' dir='ltr'>a.</span> <span class='ocrx_word' id='word_1_147' title='bbox 2223 1363 2508 1442; x_wconf 84' lang='lat' dir='ltr'>suffulcit,</span> <span class='ocrx_word' id='word_1_148' title='bbox 2546 1374 2862 1443; x_wconf 87' lang='lat' dir='ltr'>sustentat,</span> <span class='ocrx_word' id='word_1_149' title='bbox 2901 1373 3219 1425; x_wconf 88' lang='lat' dir='ltr'>conseruat</span> <span class='ocrx_word' id='word_1_150' title='bbox 3255 1363 3336 1423; x_wconf 87' lang='lat' dir='ltr'>ab</span> <span class='ocrx_word' id='word_1_151' title='bbox 3381 1362 3629 1423; x_wconf 83' lang='lat' dir='ltr'>interitu</span> 
     </span>
     <span class='ocr_line' id='line_1_14' title="bbox 687 1443 3630 1524; baseline -0.002 -17"><span class='ocrx_word' id='word_1_152' title='bbox 687 1445 994 1507; x_wconf 86' lang='lat' dir='ltr'>veritatem</span> <span class='ocrx_word' id='word_1_153' title='bbox 1052 1445 1209 1506; x_wconf 87' lang='lat' dir='ltr'>illam</span> <span class='ocrx_word' id='word_1_154' title='bbox 1224 1490 1240 1520; x_wconf 89' lang='lat'>‚</span> <span class='ocrx_word' id='word_1_155' title='bbox 1280 1462 1461 1523; x_wconf 89' lang='lat' dir='ltr'>quam</span> <span class='ocrx_word' id='word_1_156' title='bbox 1502 1446 1667 1505; x_wconf 89' lang='lat' dir='ltr'>Deus</span> <span class='ocrx_word' id='word_1_157' title='bbox 1706 1443 1849 1505; x_wconf 88' lang='lat' dir='ltr'>olim</span> <span class='ocrx_word' id='word_1_158' title='bbox 1894 1443 2093 1508; x_wconf 84' lang='lat' dir='ltr'>multis</span> <span class='ocrx_word' id='word_1_159' title='bbox 2131 1443 2386 1524; x_wconf 81' lang='lat' dir='ltr'>vicibus,</span> <span class='ocrx_word' id='word_1_160' title='bbox 2429 1448 2746 1522; x_wconf 76' lang='lat' dir='ltr'>multisque</span> <span class='ocrx_word' id='word_1_161' title='bbox 2791 1444 2987 1505; x_wconf 90' lang='lat' dir='ltr'>modis</span> <span class='ocrx_word' id='word_1_162' title='bbox 3025 1443 3296 1504; x_wconf 88' lang='lat' dir='ltr'>Patribus</span> <span class='ocrx_word' id='word_1_163' title='bbox 3335 1445 3630 1520; x_wconf 68' lang='lat' dir='ltr'>loquutus</span> 
     </span>
     <span class='ocr_line' id='line_1_15' title="bbox 686 1523 3630 1618; baseline -0.001 -32"><span class='ocrx_word' id='word_1_164' title='bbox 686 1547 792 1606; x_wconf 90' lang='lat' dir='ltr'>per</span> <span class='ocrx_word' id='word_1_165' title='bbox 853 1527 1179 1603; x_wconf 85' lang='lat' dir='ltr'>Prophetas</span> <span class='ocrx_word' id='word_1_166' title='bbox 1240 1523 1472 1618; x_wconf 87' lang='lat' dir='ltr'>scriptis</span> <span class='ocrx_word' id='word_1_167' title='bbox 1536 1523 1860 1586; x_wconf 87' lang='lat' dir='ltr'>mandauit:</span> <span class='ocrx_word' id='word_1_168' title='bbox 1923 1543 1996 1584; x_wconf 91' lang='lat' dir='ltr'>ac</span> <span class='ocrx_word' id='word_1_169' title='bbox 2055 1524 2295 1586; x_wconf 88' lang='lat' dir='ltr'>tandem</span> <span class='ocrx_word' id='word_1_170' title='bbox 2358 1524 2692 1586; x_wconf 86' lang='lat' dir='ltr'>nouissimis</span> <span class='ocrx_word' id='word_1_171' title='bbox 2731 1525 3102 1604; x_wconf 82' lang='lat' dir='ltr'>temporibus</span> <span class='ocrx_word' id='word_1_172' title='bbox 3141 1526 3307 1585; x_wconf 86' lang='lat' dir='ltr'>Iesus</span> <span class='ocrx_word' id='word_1_173' title='bbox 3347 1523 3630 1584; x_wconf 83' lang='lat' dir='ltr'>Christus</span> 
     </span>
     <span class='ocr_line' id='line_1_16' title="bbox 690 1602 3630 1683; baseline -0.002 -16"><span class='ocrx_word' id='word_1_174' title='bbox 690 1624 955 1668; x_wconf 88' lang='lat' dir='ltr'>summus</span> <span class='ocrx_word' id='word_1_175' title='bbox 1014 1605 1070 1664; x_wconf 74' lang='grc' dir='ltr'>δι</span> <span class='ocrx_word' id='word_1_176' title='bbox 1130 1603 1586 1683; x_wconf 77' lang='lat' dir='ltr'>perfectissimus</span> <span class='ocrx_word' id='word_1_177' title='bbox 1649 1603 1953 1666; x_wconf 87' lang='lat' dir='ltr'>Ecclesiae</span> <span class='ocrx_word' id='word_1_178' title='bbox 2014 1604 2228 1665; x_wconf 89' lang='lat' dir='ltr'>doctor</span> <span class='ocrx_word' id='word_1_179' title='bbox 2283 1607 2508 1666; x_wconf 88' lang='lat' dir='ltr'>mundo</span> <span class='ocrx_word' id='word_1_180' title='bbox 2549 1603 2844 1666; x_wconf 80' lang='lat' dir='ltr'>exhibitus</span> <span class='ocrx_word' id='word_1_181' title='bbox 2857 1649 2876 1682; x_wconf 88' lang='lat'>,</span> <span class='ocrx_word' id='word_1_182' title='bbox 2919 1605 3246 1682; x_wconf 87' lang='lat' dir='ltr'>Apostolos</span> <span class='ocrx_word' id='word_1_183' title='bbox 3289 1602 3432 1663; x_wconf 82' lang='lat' dir='ltr'>viua</span> <span class='ocrx_word' id='word_1_184' title='bbox 3469 1621 3630 1662; x_wconf 84' lang='lat' dir='ltr'>voce</span> 
     </span>
     <span class='ocr_line' id='line_1_17' title="bbox 688 1683 3630 1764; baseline -0.001 -18"><span class='ocrx_word' id='word_1_185' title='bbox 688 1686 923 1748; x_wconf 87' lang='lat' dir='ltr'>docuit:</span> <span class='ocrx_word' id='word_1_186' title='bbox 961 1684 1055 1744; x_wconf 88' lang='lat' dir='ltr'>Illi</span> <span class='ocrx_word' id='word_1_187' title='bbox 1094 1695 1293 1746; x_wconf 88' lang='lat' dir='ltr'>autem</span> <span class='ocrx_word' id='word_1_188' title='bbox 1333 1688 1370 1745; x_wconf 78' lang='lat' dir='ltr'>a</span> <span class='ocrx_word' id='word_1_189' title='bbox 1410 1683 1649 1746; x_wconf 87' lang='lat' dir='ltr'>Christo</span> <span class='ocrx_word' id='word_1_190' title='bbox 1690 1683 1941 1748; x_wconf 86' lang='lat' dir='ltr'>fideliter</span> <span class='ocrx_word' id='word_1_191' title='bbox 1985 1695 2286 1764; x_wconf 80' lang='lat' dir='ltr'>receptam</span> <span class='ocrx_word' id='word_1_192' title='bbox 2327 1687 2382 1746; x_wconf 88' lang='lat'>&amp;</span> <span class='ocrx_word' id='word_1_193' title='bbox 2415 1683 2816 1764; x_wconf 78' lang='lat' dir='ltr'>praedicatam</span> <span class='ocrx_word' id='word_1_194' title='bbox 2829 1730 2850 1764; x_wconf 91' lang='lat'>,</span> <span class='ocrx_word' id='word_1_195' title='bbox 2883 1704 3007 1746; x_wconf 87' lang='lat' dir='ltr'>non</span> <span class='ocrx_word' id='word_1_196' title='bbox 3028 1685 3217 1746; x_wconf 90' lang='lat' dir='ltr'>modo</span> <span class='ocrx_word' id='word_1_197' title='bbox 3237 1683 3630 1758; x_wconf 79' lang='lat' dir='ltr'>sufficienter,</span> 
     </span>
     <span class='ocr_line' id='line_1_18' title="bbox 688 1763 2718 1844; baseline -0 -18"><span class='ocrx_word' id='word_1_198' title='bbox 688 1768 794 1826; x_wconf 91' lang='lat' dir='ltr'>sed</span> <span class='ocrx_word' id='word_1_199' title='bbox 834 1765 1009 1826; x_wconf 85' lang='lat' dir='ltr'>etiam</span> <span class='ocrx_word' id='word_1_200' title='bbox 1052 1763 1417 1843; x_wconf 75' lang='lat' dir='ltr'>plenissime,</span> <span class='ocrx_word' id='word_1_201' title='bbox 1458 1763 1639 1824; x_wconf 89' lang='lat' dir='ltr'>literis</span> <span class='ocrx_word' id='word_1_202' title='bbox 1680 1763 1883 1826; x_wconf 89' lang='lat' dir='ltr'>itidem</span> <span class='ocrx_word' id='word_1_203' title='bbox 1923 1765 2366 1844; x_wconf 86' lang='lat' dir='ltr'>consignarunt.</span> <span class='ocrx_word' id='word_1_204' title='bbox 2406 1766 2473 1841; x_wconf 84' lang='lat' dir='ltr'>(f.</span> <span class='ocrx_word' id='word_1_205' title='bbox 2521 1767 2718 1842; x_wconf 82' lang='lat'>1717.)</span> 
     </span>
    </p>

    <p class='ocr_par' dir='ltr' id='par_1_3' title="bbox 689 1842 3632 2884">
     <span class='ocr_line' id='line_1_19' title="bbox 770 1842 3630 1924; baseline -0.001 -18"><span class='ocrx_word' id='word_1_206' title='bbox 770 1865 828 1924; x_wconf 85' lang='lat'>3.</span> <span class='ocrx_word' id='word_1_207' title='bbox 911 1845 1115 1921; x_wconf 88' lang='lat' dir='ltr'>Quum</span> <span class='ocrx_word' id='word_1_208' title='bbox 1160 1844 1317 1904; x_wconf 89' lang='lat' dir='ltr'>enim</span> <span class='ocrx_word' id='word_1_209' title='bbox 1358 1845 1522 1904; x_wconf 88' lang='lat' dir='ltr'>Deus</span> <span class='ocrx_word' id='word_1_210' title='bbox 1566 1844 1707 1922; x_wconf 91' lang='lat' dir='ltr'>Opt.</span> <span class='ocrx_word' id='word_1_211' title='bbox 1746 1845 1909 1904; x_wconf 87' lang='lat' dir='ltr'>Max.</span> <span class='ocrx_word' id='word_1_212' title='bbox 1949 1844 2320 1922; x_wconf 85' lang='lat' dir='ltr'>praeuideret</span> <span class='ocrx_word' id='word_1_213' title='bbox 2358 1861 2496 1905; x_wconf 89' lang='lat' dir='ltr'>eum</span> <span class='ocrx_word' id='word_1_214' title='bbox 2531 1846 2660 1906; x_wconf 80' lang='lat' dir='ltr'>fore</span> <span class='ocrx_word' id='word_1_215' title='bbox 2695 1843 2996 1906; x_wconf 77' lang='lat' dir='ltr'>Ecclesiae</span> <span class='ocrx_word' id='word_1_216' title='bbox 3018 1862 3160 1904; x_wconf 84' lang='lat' dir='ltr'>suae</span> <span class='ocrx_word' id='word_1_217' title='bbox 3181 1843 3240 1904; x_wconf 87' lang='lat' dir='ltr'>in</span> <span class='ocrx_word' id='word_1_218' title='bbox 3261 1842 3434 1905; x_wconf 88' lang='lat' dir='ltr'>hisce</span> <span class='ocrx_word' id='word_1_219' title='bbox 3456 1843 3630 1903; x_wconf 85' lang='lat' dir='ltr'>terris</span> 
     </span>
     <span class='ocr_line' id='line_1_20' title="bbox 692 1922 3630 2004; baseline -0.001 -18"><span class='ocrx_word' id='word_1_220' title='bbox 692 1936 907 1986; x_wconf 88' lang='lat' dir='ltr'>statum</span> <span class='ocrx_word' id='word_1_221' title='bbox 923 1970 941 2000; x_wconf 84' lang='lat'>,</span> <span class='ocrx_word' id='word_1_222' title='bbox 982 1933 1045 1983; x_wconf 89' lang='lat' dir='ltr'>vt</span> <span class='ocrx_word' id='word_1_223' title='bbox 1084 1942 1319 2002; x_wconf 85' lang='lat' dir='ltr'>semper</span> <span class='ocrx_word' id='word_1_224' title='bbox 1362 1943 1571 2002; x_wconf 88' lang='lat' dir='ltr'>puram</span> <span class='ocrx_word' id='word_1_225' title='bbox 1610 1922 1915 2004; x_wconf 88' lang='lat' dir='ltr'>Euangelij</span> <span class='ocrx_word' id='word_1_226' title='bbox 1957 1923 2292 1987; x_wconf 84' lang='lat' dir='ltr'>doctrinam</span> <span class='ocrx_word' id='word_1_227' title='bbox 2329 1925 2770 2004; x_wconf 88' lang='lat' dir='ltr'>profitentibus,</span> <span class='ocrx_word' id='word_1_228' title='bbox 2809 1943 2882 1984; x_wconf 88' lang='lat' dir='ltr'>ac</span> <span class='ocrx_word' id='word_1_229' title='bbox 2923 1923 3078 1985; x_wconf 86' lang='lat' dir='ltr'>veris</span> <span class='ocrx_word' id='word_1_230' title='bbox 3097 1922 3410 1984; x_wconf 83' lang='lat' dir='ltr'>Ecclesiae</span> <span class='ocrx_word' id='word_1_231' title='bbox 3431 1934 3630 2001; x_wconf 83' lang='lat' dir='ltr'>pasto-</span> 
     </span>
     <span class='ocr_line' id='line_1_21' title="bbox 694 2003 3630 2084; baseline 0 -20"><span class='ocrx_word' id='word_1_232' title='bbox 694 2006 884 2080; x_wconf 88' lang='lat' dir='ltr'>ribus,</span> <span class='ocrx_word' id='word_1_233' title='bbox 944 2003 1211 2064; x_wconf 87' lang='lat' dir='ltr'>adiuncti</span> <span class='ocrx_word' id='word_1_234' title='bbox 1270 2015 1466 2064; x_wconf 90' lang='lat' dir='ltr'>essent</span> <span class='ocrx_word' id='word_1_235' title='bbox 1528 2003 1653 2082; x_wconf 90' lang='lat' dir='ltr'>lupi</span> <span class='ocrx_word' id='word_1_236' title='bbox 1714 2022 1957 2083; x_wconf 84' lang='lat' dir='ltr'>rapaces</span> <span class='ocrx_word' id='word_1_237' title='bbox 2015 2004 2180 2084; x_wconf 82' lang='lat' dir='ltr'>gregi</span> <span class='ocrx_word' id='word_1_238' title='bbox 2236 2005 2454 2066; x_wconf 86' lang='lat' dir='ltr'>Christi</span> <span class='ocrx_word' id='word_1_239' title='bbox 2511 2023 2633 2065; x_wconf 86' lang='lat' dir='ltr'>non</span> <span class='ocrx_word' id='word_1_240' title='bbox 2693 2015 3004 2083; x_wconf 84' lang='lat' dir='ltr'>parcentes</span> <span class='ocrx_word' id='word_1_241' title='bbox 3017 2049 3036 2082; x_wconf 91' lang='lat'>,</span> <span class='ocrx_word' id='word_1_242' title='bbox 3073 2003 3203 2066; x_wconf 82' lang='lat' dir='ltr'>falsi</span> <span class='ocrx_word' id='word_1_243' title='bbox 3241 2003 3534 2064; x_wconf 85' lang='lat' dir='ltr'>doctores</span> <span class='ocrx_word' id='word_1_244' title='bbox 3574 2005 3630 2064; x_wconf 68' lang='grc' dir='ltr'>δι</span> 
     </span>
     <span class='ocr_line' id='line_1_22' title="bbox 690 2079 3632 2164; baseline -0.001 -18"><span class='ocrx_word' id='word_1_245' title='bbox 690 2083 1038 2164; x_wconf 87' lang='lat' dir='ltr'>hypocritae</span> <span class='ocrx_word' id='word_1_246' title='bbox 1054 2129 1071 2158; x_wconf 86' lang='lat'>,</span> <span class='ocrx_word' id='word_1_247' title='bbox 1112 2081 1215 2161; x_wconf 91' lang='lat' dir='ltr'>qui</span> <span class='ocrx_word' id='word_1_248' title='bbox 1254 2083 1312 2144; x_wconf 88' lang='lat' dir='ltr'>in</span> <span class='ocrx_word' id='word_1_249' title='bbox 1354 2083 1676 2162; x_wconf 88' lang='lat' dir='ltr'>perniciem</span> <span class='ocrx_word' id='word_1_250' title='bbox 1706 2083 2092 2146; x_wconf 88' lang='lat' dir='ltr'>certissimam</span> <span class='ocrx_word' id='word_1_251' title='bbox 2122 2085 2505 2146; x_wconf 70' lang='lat' dir='ltr'>conficientes</span> <span class='ocrx_word' id='word_1_252' title='bbox 2524 2085 2800 2146; x_wconf 69' lang='lat' dir='ltr'>haereses</span> <span class='ocrx_word' id='word_1_253' title='bbox 2817 2083 3408 2145; x_wconf 84' lang='lat' dir='ltr'>subintroducerent:</span> <span class='ocrx_word' id='word_1_254' title='bbox 3445 2079 3632 2144; x_wconf 84' lang='lat' dir='ltr'>admi·</span> 
     </span>
     <span class='ocr_line' id='line_1_23' title="bbox 689 2162 3628 2245; baseline -0.001 -20"><span class='ocrx_word' id='word_1_255' title='bbox 689 2163 860 2225; x_wconf 88' lang='lat' dir='ltr'>rabili</span> <span class='ocrx_word' id='word_1_256' title='bbox 910 2166 1069 2224; x_wconf 80' lang='lat' dir='ltr'>certe</span> <span class='ocrx_word' id='word_1_257' title='bbox 1110 2163 1432 2240; x_wconf 88' lang='lat' dir='ltr'>beneficio,</span> <span class='ocrx_word' id='word_1_258' title='bbox 1483 2165 1655 2224; x_wconf 87' lang='lat' dir='ltr'>saluti</span> <span class='ocrx_word' id='word_1_259' title='bbox 1694 2181 1937 2225; x_wconf 90' lang='lat' dir='ltr'>suorum</span> <span class='ocrx_word' id='word_1_260' title='bbox 1979 2176 2363 2245; x_wconf 85' lang='lat' dir='ltr'>prospectum</span> <span class='ocrx_word' id='word_1_261' title='bbox 2401 2163 2646 2243; x_wconf 89' lang='lat' dir='ltr'>cupiens</span> <span class='ocrx_word' id='word_1_262' title='bbox 2659 2209 2676 2243; x_wconf 89' lang='lat'>,</span> <span class='ocrx_word' id='word_1_263' title='bbox 2717 2183 2789 2224; x_wconf 90' lang='lat' dir='ltr'>ea</span> <span class='ocrx_word' id='word_1_264' title='bbox 2826 2162 3030 2226; x_wconf 89' lang='lat' dir='ltr'>omnia</span> <span class='ocrx_word' id='word_1_265' title='bbox 3069 2182 3222 2243; x_wconf 86' lang='lat' dir='ltr'>quae</span> <span class='ocrx_word' id='word_1_266' title='bbox 3261 2163 3344 2224; x_wconf 82' lang='lat' dir='ltr'>ad</span> <span class='ocrx_word' id='word_1_267' title='bbox 3383 2165 3628 2242; x_wconf 84' lang='lat' dir='ltr'>plenam</span> 
     </span>
     <span class='ocr_line' id='line_1_24' title="bbox 693 2241 3628 2324; baseline -0.001 -19"><span class='ocrx_word' id='word_1_268' title='bbox 693 2243 872 2305; x_wconf 87' lang='lat' dir='ltr'>fidem</span> <span class='ocrx_word' id='word_1_269' title='bbox 890 2291 907 2320; x_wconf 86' lang='lat'>,</span> <span class='ocrx_word' id='word_1_270' title='bbox 969 2243 1269 2321; x_wconf 79' lang='lat' dir='ltr'>vitamque</span> <span class='ocrx_word' id='word_1_271' title='bbox 1328 2255 1631 2306; x_wconf 86' lang='lat' dir='ltr'>aeternam</span> <span class='ocrx_word' id='word_1_272' title='bbox 1692 2243 2096 2324; x_wconf 86' lang='lat' dir='ltr'>requiruntur,</span> <span class='ocrx_word' id='word_1_273' title='bbox 2157 2256 2498 2306; x_wconf 87' lang='lat' dir='ltr'>sanctorum</span> <span class='ocrx_word' id='word_1_274' title='bbox 2557 2241 2866 2306; x_wconf 89' lang='lat' dir='ltr'>hominum</span> <span class='ocrx_word' id='word_1_275' title='bbox 2907 2243 3091 2324; x_wconf 66' lang='lat' dir='ltr'>opera</span> <span class='ocrx_word' id='word_1_276' title='bbox 3125 2245 3206 2304; x_wconf 81' lang='lat' dir='ltr'>ad</span> <span class='ocrx_word' id='word_1_277' title='bbox 3245 2262 3360 2304; x_wconf 86' lang='lat' dir='ltr'>nos</span> <span class='ocrx_word' id='word_1_278' title='bbox 3401 2243 3628 2322; x_wconf 85' lang='lat' dir='ltr'>scripto</span> 
     </span>
     <span class='ocr_line' id='line_1_25' title="bbox 696 2322 3630 2403; baseline -0.001 -17"><span class='ocrx_word' id='word_1_279' title='bbox 696 2323 1051 2386; x_wconf 85' lang='lat' dir='ltr'>transmisit:</span> <span class='ocrx_word' id='word_1_280' title='bbox 1108 2336 1170 2384; x_wconf 81' lang='lat' dir='ltr'>vt</span> <span class='ocrx_word' id='word_1_281' title='bbox 1221 2323 1498 2385; x_wconf 80' lang='lat' dir='ltr'>videlicet</span> <span class='ocrx_word' id='word_1_282' title='bbox 1548 2343 1623 2384; x_wconf 82' lang='lat' dir='ltr'>ex</span> <span class='ocrx_word' id='word_1_283' title='bbox 1675 2343 1880 2384; x_wconf 89' lang='lat' dir='ltr'>eorum</span> <span class='ocrx_word' id='word_1_284' title='bbox 1934 2323 2193 2402; x_wconf 85' lang='lat' dir='ltr'>scriptis,</span> <span class='ocrx_word' id='word_1_285' title='bbox 2233 2323 2402 2403; x_wconf 86' lang='lat' dir='ltr'>quasi</span> <span class='ocrx_word' id='word_1_286' title='bbox 2440 2322 2622 2386; x_wconf 82' lang='lat' dir='ltr'>literis</span> <span class='ocrx_word' id='word_1_287' title='bbox 2658 2322 2832 2384; x_wconf 89' lang='lat' dir='ltr'>nobis</span> <span class='ocrx_word' id='word_1_288' title='bbox 2873 2327 2914 2384; x_wconf 76' lang='lat' dir='ltr'>a</span> <span class='ocrx_word' id='word_1_289' title='bbox 2949 2343 3015 2384; x_wconf 86' lang='lat' dir='ltr'>se</span> <span class='ocrx_word' id='word_1_290' title='bbox 3059 2323 3248 2386; x_wconf 87' lang='lat' dir='ltr'>missis</span> <span class='ocrx_word' id='word_1_291' title='bbox 3287 2326 3630 2400; x_wconf 71' lang='lat' dir='ltr'>tabulisque</span> 
     </span>
     <span class='ocr_line' id='line_1_26' title="bbox 700 2402 3632 2495; baseline -0 -30"><span class='ocrx_word' id='word_1_292' title='bbox 700 2402 983 2484; x_wconf 83' lang='lat' dir='ltr'>publicis,</span> <span class='ocrx_word' id='word_1_293' title='bbox 1028 2406 1395 2467; x_wconf 87' lang='lat' dir='ltr'>voluntatem</span> <span class='ocrx_word' id='word_1_294' title='bbox 1438 2403 1619 2483; x_wconf 87' lang='lat' dir='ltr'>ipsius</span> <span class='ocrx_word' id='word_1_295' title='bbox 1657 2405 1986 2467; x_wconf 86' lang='lat' dir='ltr'>luculenter</span> <span class='ocrx_word' id='word_1_296' title='bbox 2025 2405 2080 2467; x_wconf 72' lang='grc' dir='ltr'>δι</span> <span class='ocrx_word' id='word_1_297' title='bbox 2101 2406 2338 2467; x_wconf 78' lang='lat' dir='ltr'>abunde</span> <span class='ocrx_word' id='word_1_298' title='bbox 2361 2403 2714 2483; x_wconf 84' lang='lat' dir='ltr'>intelligere,</span> <span class='ocrx_word' id='word_1_299' title='bbox 2743 2411 3028 2495; x_wconf 78' lang='lat' dir='ltr'>armaque</span> <span class='ocrx_word' id='word_1_300' title='bbox 3047 2403 3408 2471; x_wconf 74' lang='lat' dir='ltr'>validissima</span> <span class='ocrx_word' id='word_1_301' title='bbox 3425 2415 3632 2483; x_wconf 81' lang='lat' dir='ltr'>petere</span> 
     </span>
     <span class='ocr_line' id='line_1_27' title="bbox 697 2482 3630 2565; baseline 0 -20"><span class='ocrx_word' id='word_1_302' title='bbox 697 2484 1021 2565; x_wconf 75' lang='lat' dir='ltr'>possimuS,</span> <span class='ocrx_word' id='word_1_303' title='bbox 1064 2483 1281 2561; x_wconf 89' lang='lat' dir='ltr'>quibus</span> <span class='ocrx_word' id='word_1_304' title='bbox 1319 2504 1433 2545; x_wconf 88' lang='lat' dir='ltr'>nos</span> <span class='ocrx_word' id='word_1_305' title='bbox 1474 2496 1687 2546; x_wconf 90' lang='lat' dir='ltr'>contra</span> <span class='ocrx_word' id='word_1_306' title='bbox 1726 2482 1988 2545; x_wconf 85' lang='lat' dir='ltr'>exitiales</span> <span class='ocrx_word' id='word_1_307' title='bbox 2008 2484 2312 2547; x_wconf 88' lang='lat' dir='ltr'>doctrinas</span> <span class='ocrx_word' id='word_1_308' title='bbox 2331 2484 2762 2547; x_wconf 87' lang='lat' dir='ltr'>haereticorum</span> <span class='ocrx_word' id='word_1_309' title='bbox 2783 2494 3144 2563; x_wconf 65' lang='lat' dir='ltr'>mumentes,</span> <span class='ocrx_word' id='word_1_310' title='bbox 3178 2484 3424 2547; x_wconf 86' lang='lat' dir='ltr'>easdem</span> <span class='ocrx_word' id='word_1_311' title='bbox 3445 2482 3630 2545; x_wconf 80' lang='lat' dir='ltr'>etiam</span> 
     </span>
     <span class='ocr_line' id='line_1_28' title="bbox 690 2562 3628 2644; baseline -0.001 -18"><span class='ocrx_word' id='word_1_312' title='bbox 690 2566 1079 2644; x_wconf 85' lang='lat' dir='ltr'>reprimamus</span> <span class='ocrx_word' id='word_1_313' title='bbox 1093 2610 1110 2643; x_wconf 87' lang='lat'>,</span> <span class='ocrx_word' id='word_1_314' title='bbox 1164 2564 1546 2644; x_wconf 82' lang='lat' dir='ltr'>profligemus</span> <span class='ocrx_word' id='word_1_315' title='bbox 1561 2610 1580 2642; x_wconf 90' lang='lat'>,</span> <span class='ocrx_word' id='word_1_316' title='bbox 1633 2584 1707 2625; x_wconf 87' lang='lat' dir='ltr'>ac</span> <span class='ocrx_word' id='word_1_317' title='bbox 1758 2566 2019 2625; x_wconf 77' lang='lat' dir='ltr'>funditus</span> <span class='ocrx_word' id='word_1_318' title='bbox 2072 2576 2426 2627; x_wconf 87' lang='lat' dir='ltr'>euertamus.</span> <span class='ocrx_word' id='word_1_319' title='bbox 2487 2566 2690 2627; x_wconf 87' lang='lat' dir='ltr'>Hasce</span> <span class='ocrx_word' id='word_1_320' title='bbox 2741 2584 2802 2625; x_wconf 82' lang='grc' dir='ltr'>ν.</span> <span class='ocrx_word' id='word_1_321' title='bbox 2849 2562 3046 2626; x_wconf 89' lang='lat' dir='ltr'>literas</span> <span class='ocrx_word' id='word_1_322' title='bbox 3083 2567 3246 2643; x_wconf 87' lang='lat' dir='ltr'>apud</span> <span class='ocrx_word' id='word_1_323' title='bbox 3286 2564 3628 2625; x_wconf 68' lang='lat' dir='ltr'>Ecclesiam</span> 
     </span>
     <span class='ocr_line' id='line_1_29' title="bbox 690 2643 3628 2725; baseline -0.001 -18"><span class='ocrx_word' id='word_1_324' title='bbox 690 2644 992 2725; x_wconf 82' lang='lat' dir='ltr'>deposuit,</span> <span class='ocrx_word' id='word_1_325' title='bbox 1035 2653 1097 2705; x_wconf 90' lang='lat' dir='ltr'>vt</span> <span class='ocrx_word' id='word_1_326' title='bbox 1138 2662 1248 2705; x_wconf 88' lang='lat' dir='ltr'>suo</span> <span class='ocrx_word' id='word_1_327' title='bbox 1288 2644 1387 2705; x_wconf 86' lang='lat' dir='ltr'>illa</span> <span class='ocrx_word' id='word_1_328' title='bbox 1426 2643 1749 2706; x_wconf 89' lang='lat' dir='ltr'>ministerio</span> <span class='ocrx_word' id='word_1_329' title='bbox 1790 2644 2102 2705; x_wconf 85' lang='lat' dir='ltr'>veritatem</span> <span class='ocrx_word' id='word_1_330' title='bbox 2143 2644 2212 2706; x_wconf 88' lang='lat' dir='ltr'>iis</span> <span class='ocrx_word' id='word_1_331' title='bbox 2253 2656 2596 2707; x_wconf 87' lang='lat' dir='ltr'>contentam</span> <span class='ocrx_word' id='word_1_332' title='bbox 2639 2654 2890 2723; x_wconf 85' lang='lat' dir='ltr'>tueatur,</span> <span class='ocrx_word' id='word_1_333' title='bbox 2930 2656 3230 2724; x_wconf 90' lang='lat' dir='ltr'>proponat</span> <span class='ocrx_word' id='word_1_334' title='bbox 3244 2691 3261 2723; x_wconf 92' lang='lat'>,</span> <span class='ocrx_word' id='word_1_335' title='bbox 3291 2644 3628 2723; x_wconf 84' lang='lat' dir='ltr'>praedicet,</span> 
     </span>
     <span class='ocr_line' id='line_1_30' title="bbox 689 2723 3629 2805; baseline -0.001 -17"><span class='ocrx_word' id='word_1_336' title='bbox 689 2729 745 2788; x_wconf 78' lang='grc' dir='ltr'>δι</span> <span class='ocrx_word' id='word_1_337' title='bbox 784 2726 1149 2805; x_wconf 86' lang='lat' dir='ltr'>promulget:</span> <span class='ocrx_word' id='word_1_338' title='bbox 1192 2724 1337 2785; x_wconf 88' lang='lat' dir='ltr'>nihil</span> <span class='ocrx_word' id='word_1_339' title='bbox 1376 2725 1461 2787; x_wconf 88' lang='lat' dir='ltr'>eis</span> <span class='ocrx_word' id='word_1_340' title='bbox 1502 2736 1603 2785; x_wconf 86' lang='lat' dir='ltr'>aut</span> <span class='ocrx_word' id='word_1_341' title='bbox 1638 2724 1854 2802; x_wconf 88' lang='lat' dir='ltr'>addat,</span> <span class='ocrx_word' id='word_1_342' title='bbox 1896 2734 2001 2785; x_wconf 86' lang='lat' dir='ltr'>aut</span> <span class='ocrx_word' id='word_1_343' title='bbox 2039 2724 2341 2802; x_wconf 76' lang='lat' dir='ltr'>detrahat,</span> <span class='ocrx_word' id='word_1_344' title='bbox 2381 2726 2487 2787; x_wconf 88' lang='lat' dir='ltr'>sed</span> <span class='ocrx_word' id='word_1_345' title='bbox 2526 2742 2674 2803; x_wconf 88' lang='lat' dir='ltr'>pure</span> <span class='ocrx_word' id='word_1_346' title='bbox 2692 2744 2765 2785; x_wconf 88' lang='lat' dir='ltr'>ac</span> <span class='ocrx_word' id='word_1_347' title='bbox 2783 2723 3010 2786; x_wconf 78' lang='lat' dir='ltr'>sincere</span> <span class='ocrx_word' id='word_1_348' title='bbox 3031 2736 3321 2787; x_wconf 86' lang='lat' dir='ltr'>retentam</span> <span class='ocrx_word' id='word_1_349' title='bbox 3337 2770 3356 2803; x_wconf 88' lang='lat'>,</span> <span class='ocrx_word' id='word_1_350' title='bbox 3392 2742 3629 2785; x_wconf 83' lang='lat' dir='ltr'>summa</span> 
     </span>
     <span class='ocr_line' id='line_1_31' title="bbox 691 2804 2390 2884; baseline 0.001 -19"><span class='ocrx_word' id='word_1_351' title='bbox 691 2807 811 2867; x_wconf 84' lang='lat' dir='ltr'>fide</span> <span class='ocrx_word' id='word_1_352' title='bbox 827 2850 846 2884; x_wconf 90' lang='lat'>,</span> <span class='ocrx_word' id='word_1_353' title='bbox 886 2804 1220 2884; x_wconf 82' lang='lat' dir='ltr'>diligentia,</span> <span class='ocrx_word' id='word_1_354' title='bbox 1260 2804 1626 2866; x_wconf 80' lang='lat' dir='ltr'>reuerentiae</span> <span class='ocrx_word' id='word_1_355' title='bbox 1663 2804 1797 2865; x_wconf 89' lang='lat' dir='ltr'>filiis</span> <span class='ocrx_word' id='word_1_356' title='bbox 1836 2804 1956 2865; x_wconf 89' lang='lat' dir='ltr'>suis</span> <span class='ocrx_word' id='word_1_357' title='bbox 2001 2804 2390 2867; x_wconf 83' lang='lat' dir='ltr'>administret.</span> 
     </span>
    </p>

    <p class='ocr_par' dir='ltr' id='par_1_4' title="bbox 676 2882 3635 4001">
     <span class='ocr_line' id='line_1_32' title="bbox 769 2882 3628 2963; baseline -0.001 -18"><span class='ocrx_word' id='word_1_358' title='bbox 769 2906 827 2960; x_wconf 88' lang='lat'>4.</span> <span class='ocrx_word' id='word_1_359' title='bbox 910 2886 1111 2961; x_wconf 82' lang='lat' dir='ltr'>Quare</span> <span class='ocrx_word' id='word_1_360' title='bbox 1172 2882 1307 2945; x_wconf 88' lang='lat' dir='ltr'>libri</span> <span class='ocrx_word' id='word_1_361' title='bbox 1363 2885 1421 2944; x_wconf 90' lang='lat' dir='ltr'>S.</span> <span class='ocrx_word' id='word_1_362' title='bbox 1480 2884 1912 2963; x_wconf 87' lang='lat' dir='ltr'>Scripturarum</span> <span class='ocrx_word' id='word_1_363' title='bbox 1950 2888 2127 2945; x_wconf 78' lang='lat' dir='ltr'>·recte</span> <span class='ocrx_word' id='word_1_364' title='bbox 2167 2884 2567 2946; x_wconf 87' lang='lat' dir='ltr'>inscribuntur</span> <span class='ocrx_word' id='word_1_365' title='bbox 2605 2884 2848 2945; x_wconf 89' lang='lat' dir='ltr'>nomine</span> <span class='ocrx_word' id='word_1_366' title='bbox 2885 2884 3100 2945; x_wconf 78' lang='lat' dir='ltr'>veteris</span> <span class='ocrx_word' id='word_1_367' title='bbox 3138 2886 3194 2945; x_wconf 77' lang='grc' dir='ltr'>δι</span> <span class='ocrx_word' id='word_1_368' title='bbox 3237 2884 3383 2945; x_wconf 91' lang='lat' dir='ltr'>noui</span> <span class='ocrx_word' id='word_1_369' title='bbox 3419 2886 3628 2944; x_wconf 87' lang='lat' dir='ltr'>Testa-</span> 
     </span>
     <span class='ocr_line' id='line_1_33' title="bbox 690 2964 3630 3043; baseline -0 -18"><span class='ocrx_word' id='word_1_370' title='bbox 690 2965 871 3027; x_wconf 84' lang='lat' dir='ltr'>menti</span> <span class='ocrx_word' id='word_1_371' title='bbox 884 3010 901 3038; x_wconf 92' lang='lat'>,</span> <span class='ocrx_word' id='word_1_372' title='bbox 944 2976 1150 3042; x_wconf 84' lang='lat' dir='ltr'>vtpote</span> <span class='ocrx_word' id='word_1_373' title='bbox 1188 2964 1560 3026; x_wconf 67' lang='lat' dir='ltr'>continentes</span> <span class='ocrx_word' id='word_1_374' title='bbox 1600 2968 1837 3043; x_wconf 86' lang='lat' dir='ltr'>plenam</span> <span class='ocrx_word' id='word_1_375' title='bbox 1880 2965 2322 3043; x_wconf 68' lang='lat' dir='ltr'>perfectamque</span> <span class='ocrx_word' id='word_1_376' title='bbox 2363 2967 2732 3027; x_wconf 86' lang='lat' dir='ltr'>voluntatem</span> <span class='ocrx_word' id='word_1_377' title='bbox 2771 2964 2888 3024; x_wconf 90' lang='lat' dir='ltr'>Dei</span> <span class='ocrx_word' id='word_1_378' title='bbox 2925 2966 2983 3026; x_wconf 84' lang='lat'>&amp;</span> <span class='ocrx_word' id='word_1_379' title='bbox 3021 2964 3258 3026; x_wconf 87' lang='lat' dir='ltr'>Christi.</span> <span class='ocrx_word' id='word_1_380' title='bbox 3301 2967 3458 3025; x_wconf 86' lang='lat' dir='ltr'>Nam</span> <span class='ocrx_word' id='word_1_381' title='bbox 3480 2966 3630 3024; x_wconf 80' lang='lat' dir='ltr'>haec</span> 
     </span>
     <span class='ocr_line' id='line_1_34' title="bbox 690 3044 3632 3123; baseline -0.001 -18"><span class='ocrx_word' id='word_1_382' title='bbox 690 3046 840 3106; x_wconf 88' lang='lat' dir='ltr'>ratio</span> <span class='ocrx_word' id='word_1_383' title='bbox 882 3045 1217 3105; x_wconf 87' lang='lat' dir='ltr'>testamenti</span> <span class='ocrx_word' id='word_1_384' title='bbox 1256 3055 1377 3121; x_wconf 90' lang='lat' dir='ltr'>est,</span> <span class='ocrx_word' id='word_1_385' title='bbox 1419 3056 1483 3104; x_wconf 90' lang='lat' dir='ltr'>vt</span> <span class='ocrx_word' id='word_1_386' title='bbox 1526 3047 1851 3123; x_wconf 81' lang='lat' dir='ltr'>perfectam</span> <span class='ocrx_word' id='word_1_387' title='bbox 1894 3045 2261 3106; x_wconf 81' lang='lat' dir='ltr'>voluntatem</span> <span class='ocrx_word' id='word_1_388' title='bbox 2302 3045 2599 3106; x_wconf 69' lang='lat' dir='ltr'>testatoris</span> <span class='ocrx_word' id='word_1_389' title='bbox 2640 3046 2934 3121; x_wconf 81' lang='lat' dir='ltr'>declaret,</span> <span class='ocrx_word' id='word_1_390' title='bbox 2973 3045 3216 3123; x_wconf 81' lang='lat' dir='ltr'>perfecti</span> <span class='ocrx_word' id='word_1_391' title='bbox 3257 3046 3312 3104; x_wconf 79' lang='grc' dir='ltr'>δι</span> <span class='ocrx_word' id='word_1_392' title='bbox 3348 3044 3632 3123; x_wconf 86' lang='lat' dir='ltr'>sapientis</span> 
     </span>
     <span class='ocr_line' id='line_1_35' title="bbox 694 3123 3630 3204; baseline -0 -20"><span class='ocrx_word' id='word_1_393' title='bbox 694 3123 1175 3204; x_wconf 87' lang='lat' dir='ltr'>perfectissimam</span> <span class='ocrx_word' id='word_1_394' title='bbox 1218 3136 1395 3203; x_wconf 87' lang='lat' dir='ltr'>atque</span> <span class='ocrx_word' id='word_1_395' title='bbox 1436 3123 1942 3203; x_wconf 88' lang='lat' dir='ltr'>sapientissimam.</span> <span class='ocrx_word' id='word_1_396' title='bbox 1985 3124 2268 3187; x_wconf 88' lang='lat' dir='ltr'>Hominis</span> <span class='ocrx_word' id='word_1_397' title='bbox 2307 3128 2450 3187; x_wconf 78' lang='lat' dir='ltr'>vero</span> <span class='ocrx_word' id='word_1_398' title='bbox 2487 3136 2904 3186; x_wconf 82' lang='lat' dir='ltr'>testamentum</span> <span class='ocrx_word' id='word_1_399' title='bbox 2923 3142 3104 3185; x_wconf 88' lang='lat' dir='ltr'>nemo</span> <span class='ocrx_word' id='word_1_400' title='bbox 3123 3126 3379 3201; x_wconf 69' lang='grc' dir='ltr'><strong><em>ἀθετοῖᾒ</em></strong></span> <span class='ocrx_word' id='word_1_401' title='bbox 3397 3124 3630 3185; x_wconf 63' lang='lat' dir='ltr'>enau-</span> 
     </span>
     <span class='ocr_line' id='line_1_36' title="bbox 692 3202 3630 3283; baseline 0 -21"><span class='ocrx_word' id='word_1_402' title='bbox 692 3209 977 3265; x_wconf 69' lang='grc' dir='ltr'>τάσσεται</span> <span class='ocrx_word' id='word_1_403' title='bbox 997 3250 1015 3283; x_wconf 89' lang='lat'>,</span> <span class='ocrx_word' id='word_1_404' title='bbox 1054 3214 1119 3265; x_wconf 81' lang='lat' dir='ltr'>vt</span> <span class='ocrx_word' id='word_1_405' title='bbox 1160 3215 1250 3265; x_wconf 90' lang='lat' dir='ltr'>est</span> <span class='ocrx_word' id='word_1_406' title='bbox 1292 3205 1450 3282; x_wconf 86' lang='lat' dir='ltr'>apud</span> <span class='ocrx_word' id='word_1_407' title='bbox 1494 3206 1759 3265; x_wconf 88' lang='lat' dir='ltr'>Paulum.</span> <span class='ocrx_word' id='word_1_408' title='bbox 1810 3206 1949 3265; x_wconf 81' lang='lat' dir='ltr'>Gal.</span> <span class='ocrx_word' id='word_1_409' title='bbox 1993 3224 2050 3283; x_wconf 85' lang='lat'>3.</span> <span class='ocrx_word' id='word_1_410' title='bbox 2099 3220 2191 3283; x_wconf 86' lang='lat'>15.</span> <span class='ocrx_word' id='word_1_411' title='bbox 2246 3206 2410 3283; x_wconf 86' lang='lat' dir='ltr'>Ergo</span> <span class='ocrx_word' id='word_1_412' title='bbox 2449 3206 2637 3266; x_wconf 80' lang='lat' dir='ltr'>multo</span> <span class='ocrx_word' id='word_1_413' title='bbox 2677 3204 2867 3265; x_wconf 86' lang='lat' dir='ltr'>minus</span> <span class='ocrx_word' id='word_1_414' title='bbox 2909 3202 3047 3265; x_wconf 91' lang='lat' dir='ltr'>huic</span> <span class='ocrx_word' id='word_1_415' title='bbox 3086 3204 3200 3266; x_wconf 87' lang='lat' dir='ltr'>Dei</span> <span class='ocrx_word' id='word_1_416' title='bbox 3238 3206 3630 3265; x_wconf 87' lang='lat' dir='ltr'>Testamento</span> 
     </span>
     <span class='ocr_line' id='line_1_37' title="bbox 690 3283 3628 3364; baseline -0 -20"><span class='ocrx_word' id='word_1_417' title='bbox 690 3304 763 3344; x_wconf 83' lang='lat' dir='ltr'>ex</span> <span class='ocrx_word' id='word_1_418' title='bbox 806 3288 1067 3347; x_wconf 85' lang='lat' dir='ltr'>humano</span> <span class='ocrx_word' id='word_1_419' title='bbox 1107 3284 1329 3346; x_wconf 89' lang='lat' dir='ltr'>iudicio</span> <span class='ocrx_word' id='word_1_420' title='bbox 1371 3283 1713 3347; x_wconf 89' lang='lat' dir='ltr'>addendum</span> <span class='ocrx_word' id='word_1_421' title='bbox 1753 3296 1855 3346; x_wconf 85' lang='lat' dir='ltr'>aut</span> <span class='ocrx_word' id='word_1_422' title='bbox 1895 3283 2325 3346; x_wconf 88' lang='lat' dir='ltr'>detrahendum</span> <span class='ocrx_word' id='word_1_423' title='bbox 2363 3284 2584 3364; x_wconf 89' lang='lat' dir='ltr'>aliquid</span> <span class='ocrx_word' id='word_1_424' title='bbox 2601 3328 2620 3363; x_wconf 86' lang='lat'>‚</span> <span class='ocrx_word' id='word_1_425' title='bbox 2659 3296 2759 3345; x_wconf 86' lang='lat' dir='ltr'>aut</span> <span class='ocrx_word' id='word_1_426' title='bbox 2801 3286 3073 3345; x_wconf 81' lang='lat' dir='ltr'>voluntas</span> <span class='ocrx_word' id='word_1_427' title='bbox 3114 3284 3228 3345; x_wconf 89' lang='lat' dir='ltr'>Dei</span> <span class='ocrx_word' id='word_1_428' title='bbox 3265 3284 3410 3345; x_wconf 88' lang='lat' dir='ltr'>alibi</span> <span class='ocrx_word' id='word_1_429' title='bbox 3450 3302 3628 3361; x_wconf 83' lang='lat' dir='ltr'>quae-</span> 
     </span>
     <span class='ocr_line' id='line_1_38' title="bbox 689 3363 3630 3443; baseline -0 -19"><span class='ocrx_word' id='word_1_430' title='bbox 689 3364 875 3425; x_wconf 87' lang='lat' dir='ltr'>renda</span> <span class='ocrx_word' id='word_1_431' title='bbox 923 3375 1040 3425; x_wconf 85' lang='lat' dir='ltr'>est:</span> <span class='ocrx_word' id='word_1_432' title='bbox 1096 3365 1226 3443; x_wconf 90' lang='lat' dir='ltr'>ipso</span> <span class='ocrx_word' id='word_1_433' title='bbox 1269 3364 1443 3427; x_wconf 91' lang='lat' dir='ltr'>etiam</span> <span class='ocrx_word' id='word_1_434' title='bbox 1498 3366 1796 3443; x_wconf 85' lang='lat' dir='ltr'>Apostolo</span> <span class='ocrx_word' id='word_1_435' title='bbox 1838 3374 1987 3425; x_wconf 91' lang='lat' dir='ltr'>teste</span> <span class='ocrx_word' id='word_1_436' title='bbox 2006 3410 2024 3443; x_wconf 90' lang='lat'>,</span> <span class='ocrx_word' id='word_1_437' title='bbox 2061 3366 2198 3425; x_wconf 71' lang='lat' dir='ltr'>cum</span> <span class='ocrx_word' id='word_1_438' title='bbox 2237 3363 2457 3443; x_wconf 71' lang='lat' dir='ltr'>inquitz,</span> <span class='ocrx_word' id='word_1_439' title='bbox 2517 3366 2777 3425; x_wconf 84' lang='lat' dir='ltr'>Etiamsi</span> <span class='ocrx_word' id='word_1_440' title='bbox 2811 3384 2917 3425; x_wconf 87' lang='lat' dir='ltr'>nos</span> <span class='ocrx_word' id='word_1_441' title='bbox 2955 3373 3065 3426; x_wconf 83' lang='lat' dir='ltr'>aut</span> <span class='ocrx_word' id='word_1_442' title='bbox 3097 3366 3364 3441; x_wconf 75' lang='lat' dir='ltr'>Angelus</span> <span class='ocrx_word' id='word_1_443' title='bbox 3405 3366 3434 3421; x_wconf 78' lang='grc' dir='ltr'><em>ὲ</em></span> <span class='ocrx_word' id='word_1_444' title='bbox 3475 3366 3630 3425; x_wconf 85' lang='lat' dir='ltr'>coelo</span> 
     </span>
     <span class='ocr_line' id='line_1_39' title="bbox 692 3446 3630 3525; baseline 0 -22"><span class='ocrx_word' id='word_1_445' title='bbox 692 3448 1055 3520; x_wconf 79' lang='lat' dir='ltr'>euangelizet</span> <span class='ocrx_word' id='word_1_446' title='bbox 1108 3447 1264 3507; x_wconf 82' lang='lat' dir='ltr'>vobis</span> <span class='ocrx_word' id='word_1_447' title='bbox 1309 3453 1566 3525; x_wconf 84' lang='lat' dir='ltr'>praeter</span> <span class='ocrx_word' id='word_1_448' title='bbox 1623 3446 1695 3505; x_wconf 84' lang='lat' dir='ltr'>id</span> <span class='ocrx_word' id='word_1_449' title='bbox 1724 3446 1887 3522; x_wconf 83' lang='lat' dir='ltr'>quod</span> <span class='ocrx_word' id='word_1_450' title='bbox 1918 3446 2078 3507; x_wconf 81' lang='lat' dir='ltr'>vobis</span> <span class='ocrx_word' id='word_1_451' title='bbox 2133 3447 2667 3521; x_wconf 70' lang='lat' dir='ltr'>evangelizavimus</span> <span class='ocrx_word' id='word_1_452' title='bbox 2682 3491 2699 3522; x_wconf 86' lang='lat'>,</span> <span class='ocrx_word' id='word_1_453' title='bbox 2739 3446 3054 3505; x_wconf 80' lang='lat' dir='ltr'>anathema</span> <span class='ocrx_word' id='word_1_454' title='bbox 3091 3452 3228 3505; x_wconf 86' lang='lat' dir='ltr'>esto.</span> <span class='ocrx_word' id='word_1_455' title='bbox 3289 3446 3430 3505; x_wconf 80' lang='lat' dir='ltr'>Gal.</span> <span class='ocrx_word' id='word_1_456' title='bbox 3482 3464 3531 3503; x_wconf 88' lang='lat'>1.</span> <span class='ocrx_word' id='word_1_457' title='bbox 3572 3448 3630 3503; x_wconf 86' lang='lat'>8.</span> 
     </span>
     <span class='ocr_line' id='line_1_40' title="bbox 690 3521 3630 3605; baseline 0 -22"><span class='ocrx_word' id='word_1_458' title='bbox 690 3527 893 3601; x_wconf 87' lang='lat' dir='ltr'>Atque</span> <span class='ocrx_word' id='word_1_459' title='bbox 954 3526 1075 3585; x_wconf 87' lang='lat' dir='ltr'>hoc</span> <span class='ocrx_word' id='word_1_460' title='bbox 1132 3536 1401 3585; x_wconf 87' lang='lat' dir='ltr'>nostrum</span> <span class='ocrx_word' id='word_1_461' title='bbox 1464 3542 1538 3585; x_wconf 90' lang='lat' dir='ltr'>ex</span> <span class='ocrx_word' id='word_1_462' title='bbox 1588 3524 1679 3585; x_wconf 89' lang='lat' dir='ltr'>his</span> <span class='ocrx_word' id='word_1_463' title='bbox 1732 3522 1928 3584; x_wconf 87' lang='lat' dir='ltr'>verbis</span> <span class='ocrx_word' id='word_1_464' title='bbox 1968 3536 2380 3605; x_wconf 80' lang='lat' dir='ltr'>argumentum</span> <span class='ocrx_word' id='word_1_465' title='bbox 2421 3525 2804 3585; x_wconf 85' lang='lat' dir='ltr'>confirmatur</span> <span class='ocrx_word' id='word_1_466' title='bbox 2841 3522 3016 3584; x_wconf 87' lang='lat' dir='ltr'>etiam</span> <span class='ocrx_word' id='word_1_467' title='bbox 3057 3524 3276 3588; x_wconf 87' lang='lat' dir='ltr'>iudicio</span> <span class='ocrx_word' id='word_1_468' title='bbox 3313 3521 3630 3602; x_wconf 85' lang='lat' dir='ltr'>Augustini</span> 
     </span>
     <span class='ocr_line' id='line_1_41' title="bbox 692 3602 3630 3684; baseline -0 -20"><span class='ocrx_word' id='word_1_469' title='bbox 692 3602 969 3665; x_wconf 83' lang='lat' dir='ltr'>dicentis:</span> <span class='ocrx_word' id='word_1_470' title='bbox 1016 3602 1155 3667; x_wconf 84' lang='lat' dir='ltr'>Siue</span> <span class='ocrx_word' id='word_1_471' title='bbox 1192 3606 1263 3665; x_wconf 85' lang='lat' dir='ltr'>de</span> <span class='ocrx_word' id='word_1_472' title='bbox 1306 3604 1573 3684; x_wconf 76' lang='lat' dir='ltr'>Christe,</span> <span class='ocrx_word' id='word_1_473' title='bbox 1614 3607 1738 3664; x_wconf 76' lang='lat' dir='ltr'>siue</span> <span class='ocrx_word' id='word_1_474' title='bbox 1776 3606 1845 3663; x_wconf 80' lang='lat' dir='ltr'>de</span> <span class='ocrx_word' id='word_1_475' title='bbox 1880 3606 2005 3665; x_wconf 89' lang='lat' dir='ltr'>eius</span> <span class='ocrx_word' id='word_1_476' title='bbox 2043 3606 2342 3677; x_wconf 82' lang='lat' dir='ltr'>Ecclesia,</span> <span class='ocrx_word' id='word_1_477' title='bbox 2383 3606 2508 3663; x_wconf 84' lang='lat' dir='ltr'>siue</span> <span class='ocrx_word' id='word_1_478' title='bbox 2547 3606 2618 3665; x_wconf 78' lang='lat' dir='ltr'>ele</span> <span class='ocrx_word' id='word_1_479' title='bbox 2654 3622 2994 3683; x_wconf 85' lang='lat' dir='ltr'>quacunque</span> <span class='ocrx_word' id='word_1_480' title='bbox 3031 3606 3156 3665; x_wconf 87' lang='lat' dir='ltr'>alia</span> <span class='ocrx_word' id='word_1_481' title='bbox 3195 3624 3290 3681; x_wconf 88' lang='lat' dir='ltr'>re,</span> <span class='ocrx_word' id='word_1_482' title='bbox 3323 3623 3478 3681; x_wconf 86' lang='lat' dir='ltr'>quae</span> <span class='ocrx_word' id='word_1_483' title='bbox 3493 3614 3630 3682; x_wconf 79' lang='lat' dir='ltr'>pcr-</span> 
     </span>
     <span class='ocr_line' id='line_1_42' title="bbox 690 3684 3635 3764; baseline -0.001 -19"><span class='ocrx_word' id='word_1_484' title='bbox 690 3688 835 3745; x_wconf 84' lang='lat' dir='ltr'>tinet</span> <span class='ocrx_word' id='word_1_485' title='bbox 882 3686 970 3743; x_wconf 86' lang='lat' dir='ltr'>ad</span> <span class='ocrx_word' id='word_1_486' title='bbox 1000 3685 1185 3762; x_wconf 87' lang='lat' dir='ltr'>fidem</span> <span class='ocrx_word' id='word_1_487' title='bbox 1234 3685 1521 3761; x_wconf 83' lang='lat' dir='ltr'>vitamque</span> <span class='ocrx_word' id='word_1_488' title='bbox 1580 3692 1871 3761; x_wconf 85' lang='lat' dir='ltr'>nostram,</span> <span class='ocrx_word' id='word_1_489' title='bbox 1932 3704 2048 3745; x_wconf 87' lang='lat' dir='ltr'>non</span> <span class='ocrx_word' id='word_1_490' title='bbox 2087 3686 2275 3745; x_wconf 60' lang='lat' dir='ltr'>duam</span> <span class='ocrx_word' id='word_1_491' title='bbox 2288 3729 2305 3760; x_wconf 89' lang='lat'>,</span> <span class='ocrx_word' id='word_1_492' title='bbox 2344 3687 2403 3743; x_wconf 87' lang='lat' dir='ltr'>si</span> <span class='ocrx_word' id='word_1_493' title='bbox 2435 3703 2570 3762; x_wconf 86' lang='lat' dir='ltr'>nos,</span> <span class='ocrx_word' id='word_1_494' title='bbox 2609 3702 2973 3761; x_wconf 80' lang='lat' dir='ltr'>nequaquam</span> <span class='ocrx_word' id='word_1_495' title='bbox 3013 3684 3405 3764; x_wconf 80' lang='lat' dir='ltr'>comparandi</span> <span class='ocrx_word' id='word_1_496' title='bbox 3436 3687 3498 3743; x_wconf 88' lang='lat' dir='ltr'>ei</span> <span class='ocrx_word' id='word_1_497' title='bbox 3530 3686 3635 3763; x_wconf 83' lang='lat' dir='ltr'>qui</span> 
     </span>
     <span class='ocr_line' id='line_1_43' title="bbox 690 3764 3628 3842; baseline 0 -19"><span class='ocrx_word' id='word_1_498' title='bbox 690 3766 867 3839; x_wconf 59' lang='lat' dir='ltr'>debit,</span> <span class='ocrx_word' id='word_1_499' title='bbox 908 3766 1041 3825; x_wconf 87' lang='lat' dir='ltr'>licet</span> <span class='ocrx_word' id='word_1_500' title='bbox 1073 3766 1131 3824; x_wconf 90' lang='lat' dir='ltr'>si</span> <span class='ocrx_word' id='word_1_501' title='bbox 1167 3782 1300 3840; x_wconf 86' lang='lat' dir='ltr'>nos,</span> <span class='ocrx_word' id='word_1_502' title='bbox 1341 3766 1448 3825; x_wconf 87' lang='lat' dir='ltr'>sed</span> <span class='ocrx_word' id='word_1_503' title='bbox 1480 3767 1739 3842; x_wconf 87' lang='lat' dir='ltr'>omnino,</span> <span class='ocrx_word' id='word_1_504' title='bbox 1776 3766 1940 3841; x_wconf 86' lang='lat' dir='ltr'>quod</span> <span class='ocrx_word' id='word_1_505' title='bbox 1972 3772 2250 3841; x_wconf 85' lang='lat' dir='ltr'>sequutus</span> <span class='ocrx_word' id='word_1_506' title='bbox 2287 3766 2526 3841; x_wconf 81' lang='lat' dir='ltr'>adiecit,</span> <span class='ocrx_word' id='word_1_507' title='bbox 2569 3764 2640 3824; x_wconf 88' lang='lat' dir='ltr'>Si</span> <span class='ocrx_word' id='word_1_508' title='bbox 2673 3765 2937 3840; x_wconf 80' lang='lat' dir='ltr'>Angelus</span> <span class='ocrx_word' id='word_1_509' title='bbox 2965 3766 3034 3823; x_wconf 89' lang='lat' dir='ltr'>de</span> <span class='ocrx_word' id='word_1_510' title='bbox 3063 3766 3217 3823; x_wconf 86' lang='lat' dir='ltr'>coelo</span> <span class='ocrx_word' id='word_1_511' title='bbox 3249 3764 3414 3825; x_wconf 83' lang='lat' dir='ltr'>vobis</span> <span class='ocrx_word' id='word_1_512' title='bbox 3453 3783 3628 3824; x_wconf 78' lang='lat' dir='ltr'>euan-</span> 
     </span>
     <span class='ocr_line' id='line_1_44' title="bbox 676 3844 3630 3925; baseline 0 -23"><span class='ocrx_word' id='word_1_513' title='bbox 676 3844 1057 3921; x_wconf 76' lang='lat' dir='ltr'>gelizauerit,</span> <span class='ocrx_word' id='word_1_514' title='bbox 1085 3850 1507 3923; x_wconf 83' lang='lat' dir='ltr'>praeterquam</span> <span class='ocrx_word' id='word_1_515' title='bbox 1548 3846 1710 3921; x_wconf 86' lang='lat' dir='ltr'>quod</span> <span class='ocrx_word' id='word_1_516' title='bbox 1744 3846 2062 3924; x_wconf 72' lang='lat' dir='ltr'>scripturis</span> <span class='ocrx_word' id='word_1_517' title='bbox 2099 3845 2384 3921; x_wconf 76' lang='lat' dir='ltr'>legalibus</span> <span class='ocrx_word' id='word_1_518' title='bbox 2425 3845 2504 3905; x_wconf 68' lang='grc' dir='ltr'>ὁ·</span> <span class='ocrx_word' id='word_1_519' title='bbox 2538 3844 2918 3921; x_wconf 59' lang='lat' dir='ltr'>Evangelia}</span> <span class='ocrx_word' id='word_1_520' title='bbox 2947 3846 3244 3925; x_wconf 68' lang='lat' dir='ltr'>accqpislzs</span> <span class='ocrx_word' id='word_1_521' title='bbox 3257 3888 3276 3921; x_wconf 89' lang='lat'>,</span> <span class='ocrx_word' id='word_1_522' title='bbox 3316 3846 3630 3906; x_wconf 74' lang='lat' dir='ltr'>anathema</span> 
     </span>
     <span class='ocr_line' id='line_1_45' title="bbox 690 3924 2078 4001; baseline 0.001 -19"><span class='ocrx_word' id='word_1_523' title='bbox 690 3927 782 3983; x_wconf 88' lang='lat' dir='ltr'>sit.</span> <span class='ocrx_word' id='word_1_524' title='bbox 828 3926 959 3984; x_wconf 87' lang='lat' dir='ltr'>Lib.</span> <span class='ocrx_word' id='word_1_525' title='bbox 1003 3942 1059 4001; x_wconf 84' lang='lat'>3.</span> <span class='ocrx_word' id='word_1_526' title='bbox 1103 3944 1150 3983; x_wconf 89' lang='lat' dir='ltr'>c.</span> <span class='ocrx_word' id='word_1_527' title='bbox 1195 3925 1251 3983; x_wconf 92' lang='lat'>6.</span> <span class='ocrx_word' id='word_1_528' title='bbox 1292 3932 1500 3985; x_wconf 84' lang='lat' dir='ltr'>contra</span> <span class='ocrx_word' id='word_1_529' title='bbox 1538 3926 1744 3985; x_wconf 82' lang='lat' dir='ltr'>literas</span> <span class='ocrx_word' id='word_1_530' title='bbox 1782 3924 2078 3984; x_wconf 73' lang='lat' dir='ltr'>Petiliani.</span> 
     </span>
    </p>

    <p class='ocr_par' dir='ltr' id='par_1_5' title="bbox 690 4002 3642 4401">
     <span class='ocr_line' id='line_1_46' title="bbox 777 4002 3634 4083; baseline 0 -20"><span class='ocrx_word' id='word_1_531' title='bbox 777 4018 831 4080; x_wconf 85' lang='lat'>5.</span> <span class='ocrx_word' id='word_1_532' title='bbox 912 4003 1087 4065; x_wconf 90' lang='lat' dir='ltr'>Adde</span> <span class='ocrx_word' id='word_1_533' title='bbox 1127 4002 1290 4083; x_wconf 81' lang='lat' dir='ltr'>quod</span> <span class='ocrx_word' id='word_1_534' title='bbox 1332 4002 1493 4065; x_wconf 90' lang='lat' dir='ltr'>idem</span> <span class='ocrx_word' id='word_1_535' title='bbox 1536 4006 1861 4082; x_wconf 86' lang='lat' dir='ltr'>Apostolus</span> <span class='ocrx_word' id='word_1_536' title='bbox 1900 4021 2022 4064; x_wconf 88' lang='lat' dir='ltr'>non</span> <span class='ocrx_word' id='word_1_537' title='bbox 2063 4002 2139 4065; x_wconf 93' lang='lat' dir='ltr'>de</span> <span class='ocrx_word' id='word_1_538' title='bbox 2177 4021 2242 4063; x_wconf 88' lang='lat' dir='ltr'>se</span> <span class='ocrx_word' id='word_1_539' title='bbox 2285 4002 2413 4082; x_wconf 90' lang='lat' dir='ltr'>ipso</span> <span class='ocrx_word' id='word_1_540' title='bbox 2455 4004 2682 4063; x_wconf 72' lang='lat' dir='ltr'>tantum</span> <span class='ocrx_word' id='word_1_541' title='bbox 2699 4047 2718 4080; x_wconf 89' lang='lat'>,</span> <span class='ocrx_word' id='word_1_542' title='bbox 2757 4005 2866 4063; x_wconf 91' lang='lat' dir='ltr'>sed</span> <span class='ocrx_word' id='word_1_543' title='bbox 2905 4002 2982 4065; x_wconf 92' lang='lat' dir='ltr'>de</span> <span class='ocrx_word' id='word_1_544' title='bbox 3019 4002 3297 4064; x_wconf 87' lang='lat' dir='ltr'>omnibus</span> <span class='ocrx_word' id='word_1_545' title='bbox 3331 4013 3634 4081; x_wconf 86' lang='lat' dir='ltr'>quotquot</span> 
     </span>
     <span class='ocr_line' id='line_1_47' title="bbox 694 4082 3640 4163; baseline -0 -21"><span class='ocrx_word' id='word_1_546' title='bbox 694 4092 836 4143; x_wconf 89' lang='lat' dir='ltr'>sunt</span> <span class='ocrx_word' id='word_1_547' title='bbox 870 4084 1177 4143; x_wconf 88' lang='lat' dir='ltr'>Ecclesiae</span> <span class='ocrx_word' id='word_1_548' title='bbox 1216 4084 1583 4145; x_wconf 91' lang='lat' dir='ltr'>Doctoribus</span> <span class='ocrx_word' id='word_1_549' title='bbox 1597 4128 1616 4162; x_wconf 92' lang='lat'>,</span> <span class='ocrx_word' id='word_1_550' title='bbox 1656 4082 1972 4161; x_wconf 89' lang='lat' dir='ltr'>Episcopis</span> <span class='ocrx_word' id='word_1_551' title='bbox 1985 4128 2002 4161; x_wconf 76' lang='lat'>,</span> <span class='ocrx_word' id='word_1_552' title='bbox 2042 4082 2388 4144; x_wconf 89' lang='lat' dir='ltr'>Pastoribus</span> <span class='ocrx_word' id='word_1_553' title='bbox 2427 4084 2613 4144; x_wconf 87' lang='lat' dir='ltr'>dicat:</span> <span class='ocrx_word' id='word_1_554' title='bbox 2661 4082 2758 4145; x_wconf 79' lang='lat' dir='ltr'>Sic</span> <span class='ocrx_word' id='word_1_555' title='bbox 2803 4085 2872 4142; x_wconf 80' lang='lat' dir='ltr'>de</span> <span class='ocrx_word' id='word_1_556' title='bbox 2910 4084 3072 4144; x_wconf 87' lang='lat' dir='ltr'>nobis</span> <span class='ocrx_word' id='word_1_557' title='bbox 3109 4092 3344 4163; x_wconf 85' lang='lat' dir='ltr'>reputet</span> <span class='ocrx_word' id='word_1_558' title='bbox 3376 4084 3552 4143; x_wconf 76' lang='lat' dir='ltr'>homo</span> <span class='ocrx_word' id='word_1_559' title='bbox 3575 4091 3640 4144; x_wconf 70' lang='lat' dir='ltr'>r-t</span> 
     </span>
     <span class='ocr_line' id='line_1_48' title="bbox 690 4162 3642 4243; baseline 0.001 -24"><span class='ocrx_word' id='word_1_560' title='bbox 690 4162 761 4220; x_wconf 82' lang='lat' dir='ltr'>de</span> <span class='ocrx_word' id='word_1_561' title='bbox 792 4164 1081 4223; x_wconf 84' lang='lat' dir='ltr'>ministris</span> <span class='ocrx_word' id='word_1_562' title='bbox 1128 4162 1389 4243; x_wconf 79' lang='lat' dir='ltr'>Christi,</span> <span class='ocrx_word' id='word_1_563' title='bbox 1448 4164 1525 4223; x_wconf 68' lang='grc' dir='ltr'>ὁ·</span> <span class='ocrx_word' id='word_1_564' title='bbox 1562 4164 2058 4243; x_wconf 78' lang='lat' dir='ltr'>dispensatoribus</span> <span class='ocrx_word' id='word_1_565' title='bbox 2096 4165 2500 4233; x_wconf 74' lang='lat' dir='ltr'>mysteriorum</span> <span class='ocrx_word' id='word_1_566' title='bbox 2543 4164 2682 4223; x_wconf 89' lang='lat' dir='ltr'>Dei.</span> <span class='ocrx_word' id='word_1_567' title='bbox 2749 4162 2928 4240; x_wconf 83' lang='lat' dir='ltr'>Quod</span> <span class='ocrx_word' id='word_1_568' title='bbox 2959 4172 3224 4241; x_wconf 80' lang='lat' dir='ltr'>superest</span> <span class='ocrx_word' id='word_1_569' title='bbox 3257 4172 3451 4223; x_wconf 77' lang='lat' dir='ltr'>autem</span> <span class='ocrx_word' id='word_1_570' title='bbox 3491 4164 3642 4223; x_wconf 81' lang='lat' dir='ltr'>illud</span> 
     </span>
     <span class='ocr_line' id='line_1_49' title="bbox 694 4244 3634 4323; baseline 0.001 -24"><span class='ocrx_word' id='word_1_571' title='bbox 694 4244 1023 4318; x_wconf 82' lang='lat' dir='ltr'>requiritur</span> <span class='ocrx_word' id='word_1_572' title='bbox 1085 4245 1146 4301; x_wconf 69' lang='lat' dir='ltr'>in·</span> <span class='ocrx_word' id='word_1_573' title='bbox 1210 4244 1721 4323; x_wconf 81' lang='lat' dir='ltr'>dispensatoribus</span> <span class='ocrx_word' id='word_1_574' title='bbox 1734 4287 1753 4322; x_wconf 89' lang='lat'>,</span> <span class='ocrx_word' id='word_1_575' title='bbox 1814 4251 1881 4305; x_wconf 81' lang='lat' dir='ltr'>vt</span> <span class='ocrx_word' id='word_1_576' title='bbox 1932 4246 2066 4319; x_wconf 86' lang='lat' dir='ltr'>quis</span> <span class='ocrx_word' id='word_1_577' title='bbox 2120 4246 2276 4313; x_wconf 73' lang='lat' dir='ltr'>fidus</span> <span class='ocrx_word' id='word_1_578' title='bbox 2321 4246 2672 4321; x_wconf 86' lang='lat' dir='ltr'>reperiatur.</span> <span class='ocrx_word' id='word_1_579' title='bbox 2721 4263 2771 4303; x_wconf 88' lang='lat'>1.</span> <span class='ocrx_word' id='word_1_580' title='bbox 2811 4244 2954 4303; x_wconf 89' lang='lat' dir='ltr'>Cor.</span> <span class='ocrx_word' id='word_1_581' title='bbox 2993 4264 3050 4317; x_wconf 88' lang='lat'>4.</span> <span class='ocrx_word' id='word_1_582' title='bbox 3098 4263 3146 4302; x_wconf 88' lang='lat'>1.</span> <span class='ocrx_word' id='word_1_583' title='bbox 3211 4244 3282 4304; x_wconf 86' lang='lat' dir='ltr'>Si</span> <span class='ocrx_word' id='word_1_584' title='bbox 3316 4244 3453 4322; x_wconf 85' lang='lat' dir='ltr'>quis</span> <span class='ocrx_word' id='word_1_585' title='bbox 3489 4246 3634 4303; x_wconf 79' lang='lat' dir='ltr'>enim</span> 
     </span>
     <span class='ocr_line' id='line_1_50' title="bbox 696 4322 3636 4401; baseline 0 -20"><span class='ocrx_word' id='word_1_586' title='bbox 696 4322 991 4381; x_wconf 82' lang='lat' dir='ltr'>diuersam</span> <span class='ocrx_word' id='word_1_587' title='bbox 1029 4324 1189 4382; x_wconf 88' lang='lat' dir='ltr'>docet</span> <span class='ocrx_word' id='word_1_588' title='bbox 1226 4324 1558 4383; x_wconf 68' lang='lat' dir='ltr'>doctrinam</span> <span class='ocrx_word' id='word_1_589' title='bbox 1572 4366 1591 4397; x_wconf 88' lang='lat'>,</span> <span class='ocrx_word' id='word_1_590' title='bbox 1630 4342 1809 4401; x_wconf 86' lang='lat' dir='ltr'>neque</span> <span class='ocrx_word' id='word_1_591' title='bbox 1847 4326 2070 4385; x_wconf 82' lang='lat' dir='ltr'>accedit</span> <span class='ocrx_word' id='word_1_592' title='bbox 2101 4325 2264 4383; x_wconf 86' lang='lat' dir='ltr'>sanis</span> <span class='ocrx_word' id='word_1_593' title='bbox 2303 4324 2664 4383; x_wconf 83' lang='lat' dir='ltr'>sermonibus</span> <span class='ocrx_word' id='word_1_594' title='bbox 2699 4324 2954 4383; x_wconf 83' lang='lat' dir='ltr'>Domini</span> <span class='ocrx_word' id='word_1_595' title='bbox 2987 4326 3180 4385; x_wconf 81' lang='lat' dir='ltr'>nostri</span> <span class='ocrx_word' id='word_1_596' title='bbox 3213 4324 3358 4383; x_wconf 88' lang='lat' dir='ltr'>Iesu</span> <span class='ocrx_word' id='word_1_597' title='bbox 3381 4323 3636 4401; x_wconf 77' lang='lat' dir='ltr'>Christi,</span> 
     </span>
    </p>

    <p class='ocr_par' dir='ltr' id='par_1_6' title="bbox 3467 4404 3638 4463">
     <span class='ocr_line' id='line_1_51' title="bbox 3467 4404 3638 4463; baseline -0.006 0"><span class='ocrx_word' id='word_1_598' title='bbox 3467 4404 3548 4463; x_wconf 60' lang='grc' dir='ltr'>ἐν</span> <span class='ocrx_word' id='word_1_599' title='bbox 3583 4408 3638 4463; x_wconf 90' lang='lat' dir='ltr'>ei</span> 
     </span>
    </p>
   </div>
  </div>
 </body>
</html>
