3923 4875
563 347 672 406 192
1509 341 1836 384 'tunsus
1897 338 2553 384 Tnnonoolcan.

1247 547 1500 606 XXVII.
1582 547 1716 605 DE
1778 543 2273 606 PERSONA
2338 545 2803 605 CHRISTI.

1553 705 2466 759 ΘΕΑΝΘΡΩΠΟΥ.

659 869 821 936 Ciam
869 871 1023 936 haec
1074 873 1172 936 sit
1215 873 1364 936 vita
1414 871 1547 934 illa
1591 880 1870 936 aeterna
1889 923 1906 952 ,
1957 872 2174 936 solum
2220 873 2503 936 Patrem
2551 894 2789 937 verum
2817 871 3037 938 Deum
3062 895 3444 960 cognoscere
3461 929 3477 958 ,

561 965 630 1027 ὃ·
675 985 864 1046 quem
909 965 1098 1028 misit
1135 963 1358 1028 Iesum
1407 960 1792 1040 Christum,
1843 964 2131 1047 adeo‘que
2176 963 2256 1027 de
2293 965 2603 1028 Persona
2642 963 2911 1030 Christi
2953 977 3139 1030 recta
3182 969 3477 1052 cognitio

561 1057 858 1120 maxime
913 1054 1121 1142 fideli
1171 1056 1270 1119 sit
1326 1055 1704 1119 necessaria
1715 1077 1745 1129 ,·
1809 1055 2061 1121 idcirco
2122 1054 2298 1120 inter
2358 1055 2727 1130 Ecclesiam
2789 1059 2856 1121 ἂ
2918 1057 3287 1124 haereticos
3330 1072 3483 1126 arte

562 1145 861 1210 Satanae
903 1147 1232 1212 excitatos
1276 1147 1626 1230 disputata
1673 1159 1934 1231 semper
1986 1147 2245 1212 acriter
2284 1149 2599 1232 varieque
2635 1147 2797 1212 haec
2820 1151 3281 1216 controuersia
3286 1152 3479 1234 suit:

555 1248 634 1302 vt
677 1244 912 1302 merito
956 1238 1148 1303 homo
1201 1235 1636 1304 Christianus
1683 1239 1759 1301 in
1807 1249 1946 1305 tam
1984 1239 2207 1324 graui
2246 1259 2449 1304 causa
2490 1251 2747 1325 semper
2768 1242 3070 1306 munitus
3092 1262 3233 1315 esse
3254 1243 3485 1308 debeat

561 1329 1085 1414 diligentissime.

1796 1520 2119 1579 Tunsls
2180 1519 2230 1579 I.

645 1713 694 1754 1.
777 1696 904 1755 ch
943 1696 1118 1775 igitur
1158 1695 1236 1758 de
1273 1715 1346 1757 ea
1384 1693 1682 1757 tractaturi
1697 1740 1714 1774 ,
1755 1705 1820 1754 vt
1858 1695 2185 1755 faciliorem
2226 1695 2349 1754 eius
2390 1693 2843 1774 intelligentiam
2883 1696 3116 1772 assequi
3154 1697 3477 1774 possimus:

558 1773 964 1836 definitionem
1024 1777 1147 1838 eius
1208 1777 1269 1836 in
1321 1779 1515 1839 fronte
1556 1793 1960 1853 proponemus
1975 1819 1995 1855 ,
2042 1774 2128 1836 sic
2176 1773 2351 1837 nobis
2406 1775 2685 1836 definitur
2724 1775 3021 1837 Christus:
3064 1781 3477 1855 Θεάνὰρωποςι

558 1857 827 1915 Persona
865 1860 928 1916 in
967 1877 1086 1934 qua
1123 1859 1273 1916 duae
1311 1867 1592 1934 naturae,
1633 1858 1866 1933 diuina,
1906 1857 1984 1915 ὣ·
2022 1856 2311 1935 humana,
2331 1855 2728 1931 hypostaticae
2757 1865 2898 1916 sunt
2924 1858 3154 1928 vnitae;
3194 1858 3283 1914 Et
3306 1875 3480 1917 vnum

558 1954 630 1994 ex
685 1937 804 1993 illis
863 1939 1171 2013 singulare
1209 1939 1570 2015 ὕφιςάμενον
1612 1937 1807 1995 Iesum
1855 1935 2152 1995 Christum
2193 1937 2576 2009 constituunt;
2611 1939 2881 2012 quamuis
2918 1939 3196 1997 retinente
3236 1945 3477 2013 viraque

559 2016 886 2075 essentiales
945 2037 1085 2078 suas
1138 2019 1553 2097 proprietates,
1613 2017 1820 2093 quibus
1878 2035 1997 2078 vna
2058 2017 2133 2075 ab
2194 2018 2388 2076 altera
2441 2017 2851 2092 distinguitur:
2908 2019 2995 2076 aa'
3026 2035 3201 2078 vnum
3241 2025 3477 2076 nostrae

559 2097 766 2154 salutis
806 2094 1180 2175 ἀποτέλεσμα
1205 2098 1648 2176 perficiendum.

643 2195 698 2236 2.
781 2175 1172 2238 Conuenienti
1214 2177 1499 2239 methodo
1540 2174 1944 2238 definitionem
1985 2194 2093 2253 per
2132 2185 2327 2254 partes
2361 2176 2730 2254 prosecuturi
2744 2223 2763 2256 ,
2782 2175 3246 2255 frequentiorum
3265 2193 3485 2237 vocum

557 2254 882 2332 significata
922 2256 1315 2338 explicemus3
1356 2261 1566 2336 postea
1607 2257 1684 2318 de
1726 2275 1791 2317 re
1805 2276 1819 2316 z
1834 2256 2023 2334 prima
2060 2255 2233 2334 igitur
2273 2256 2532 2316 occurrit
2569 2259 2869 2316 Personae
2909 2277 3055 2336 vox,
3096 2273 3248 2333 quae
3287 2257 3483 2317 Theo·

558 2335 710 2413 logis
759 2345 877 2415 est,
928 2337 1296 2417 Substantia,
1337 2337 1698 2416 RationaliS,
1739 2335 2080 2416 indiuidua,
2120 2339 2177 2396 δε
2217 2335 2826 2417 incommunicabilis3
2864 2340 2902 2396 a
2942 2357 3032 2408 se,
3074 2356 3193 2396 non
3230 2335 3293 2396 in
3332 2334 3485 2415 alio,

559 2435 672 2477 nec
729 2418 808 2557 {p
867 2415 985 2509 alio
1046 2428 1368 2481 sustentata
1381 2466 1398 2499 ,
1457 2437 1571 2479 nec
1629 2419 1708 2479 ad
1767 2416 1928 2478 aliud
1990 2416 2449 2495 dependentiam
2502 2417 2725 2479 habens
2778 2417 2897 2496 qua
2936 2428 3027 2479 est
3064 2419 3328 2478 Persona
3366 2433 3481 2476 nec

559 2516 696 2574 pars
797 2507 993 2560 tenus,

640 2596 697 2653 3.
779 2578 1055 2655 Sequitur
1105 2579 1321 2640 deinde
1359 2580 1644 2639 Naturae
1684 2597 1834 2656 vox,
1875 2594 2055 2655 quam
2097 2596 2207 2655 pro
2248 2576 2539 2655 principio
2583 2577 2903 2639 intrinseco
2944 2596 3071 2639 rem
3114 2578 3304 2655 ipsam
3344 2595 3483 2638 con-

558 2656 832 2718 stituente
885 2659 1202 2737 sumimuS,
1243 2659 1368 2720 siue
1405 2678 1517 2739 pro
1558 2662 1776 2719 Forma
1813 2676 1920 2737 per
1959 2674 2140 2735 quam
2178 2676 2271 2717 res
2313 2668 2403 2718 est
2442 2658 2502 2717 id
2542 2660 2707 2736 quod
2748 2670 2857 2721 est.
2914 2660 3004 2718 Ea
3050 2667 3250 2719 autem
3292 2656 3489 2718 consi-

559 2739 794 2799 deratur
855 2757 981 2799 non
1029 2742 1256 2799 tantum
1310 2738 1683 2820 simpliciter,
1723 2739 1829 2800 sed
1867 2746 1932 2797 vt
1972 2754 2111 2797 cum
2150 2755 2261 2799 suo
2301 2738 2558 2799 formato
2600 2737 2918 2799 coniuncta
2958 2748 3081 2816 est,
3123 2737 3249 2798 siue
3288 2757 3480 2798 essen-

556 2817 792 2879 tialibus
830 2820 1283 2895 proprietatibus
1323 2820 1558 2898 vestita3
1598 2836 1750 2896 quae
1790 2817 2033 2896 quidem
2072 2817 2155 2877 ita
2193 2817 2273 2877 ad
2304 2816 2495 2895 ipsam
2514 2826 2813 2897 pertinent
2826 2864 2843 2899 ,
2865 2821 3001 2880 vt&
3024 2816 3136 2877 illis
3157 2816 3482 2894 aliquando

558 2900 594 2956 a
633 2897 1008 2977 Philosophis
1047 2910 1290 2961 naturae
1330 2919 1554 2961 nomen
1594 2899 1902 2961 tribuatur.

638 2998 696 3052 4.
777 2979 1056 3055 Superest
1117 2978 1287 3040 tertia
1344 3000 1496 3059 vox,
1556 2982 1721 3041 vniri
1774 2978 1900 3039 scil.
1961 2976 2087 3038 siue
2135 2979 2364 3038 vnionis
2416 2980 2575 3053 (sunt
2616 2978 2775 3039 enim
2814 2978 3151 3056 coniugata)
3194 2994 3374 3053 quam
3422 2978 3483 3037 in

557 3076 773 3149 genere
825 3058 1190 3121 diuersarum
1245 3079 1444 3122 rerum
1499 3058 1979 3121 coniunctionem
2035 3056 2345 3118 definimus
2360 3103 2379 3136 ,
2420 3076 2540 3135 qua
2577 3059 2643 3119 fit
2682 3070 2747 3120 vt
2789 3060 2941 3121 duae
2979 3077 3075 3119 res
3116 3059 3243 3121 siue
3286 3059 3485 3136 plures

557 3147 712 3197 mter
755 3156 817 3198 se
857 3140 1171 3216 copulatae
1212 3160 1394 3202 vnum
1439 3140 1586 3219 quid
1625 3142 1790 3200 fiant.

639 3233 694 3295 5.
777 3220 920 3278 Post
959 3238 1142 3281 voces
1184 3240 1381 3282 rerum
1425 3220 1623 3300 signa,
1663 3220 1740 3281 de
1779 3218 1919 3298 ipsis
1959 3219 2135 3279 rebus
2174 3234 2444 3296 agemus,
2489 3218 2721 3279 duabus
2762 3218 3001 3279 Naturis
3036 3216 3237 3279 diuina
3258 3216 3486 3278 scilicet

558 3296 614 3355 δι
665 3298 924 3357 humana
975 3299 1189 3361 Christi
1238 3304 1561 3363 Personam
1608 3309 1878 3360 constare
1916 3297 2189 3358 diximus.
2250 3300 2423 3359 Haec
2460 3310 2657 3359 autem
2698 3298 2901 3359 diuina
2942 3310 3183 3379 natura,
3224 3317 3347 3359 non
3395 3307 3485 3360 est

557 3386 684 3437 tota
739 3377 854 3437 Dei
913 3380 1164 3441 essentia
1221 3392 1338 3443 tres
1397 3382 1570 3442 simul
1623 3398 1936 3459 personae,
1992 3396 2116 3439 non
2156 3380 2358 3456 Pater,
2398 3397 2512 3439 nec
2554 3378 2802 3455 Spiritus
2844 3380 3127 3457 Sanctus,
3168 3378 3275 3440 sed
3315 3382 3479 3440 solus

556 3457 765 3535 Filius,
825 3460 1090 3520 secunda
1127 3460 1428 3522 Trinitatis
1486 3480 1740 3538 persona
1755 3507 1772 3536 ,
1816 3462 1981 3539 λόγος
2023 3459 2152 3535 ille,
2193 3476 2298 3535 per
2338 3477 2401 3519 se
2442 3458 2765 3519 subsistens
2780 3504 2799 3531 ,
2838 3462 2893 3520 δῑ
2934 3459 3167 3520 realiter
3205 3462 3243 3519 a
3285 3461 3485 3537 Patre,

559 3538 614 3597 δι
658 3542 695 3596 a
735 3537 953 3617 Spiritu
994 3542 1216 3601 Sancto
1256 3542 1590 3619 distinctus,
1632 3540 1896 3601 eiusdem
1937 3550 2141 3597 tamen
2181 3556 2319 3599 cum
2359 3539 2471 3599 illis
2512 3538 2829 3618 essentiae,
2850 3542 2906 3599 δι
2925 3550 3277 3601 coaeternus
3298 3541 3483 3618 Deus3

559 3628 737 3694 atque
779 3623 867 3694 (vt
905 3619 1169 3697 loquitur
1208 3622 1560 3699 Apostolus)
1599 3621 1746 3680 idem
1787 3621 1923 3680 lteri
1960 3619 2038 3677 ὁ·
2074 3618 2243 3677 hodie
2281 3620 2429 3678 idem
2466 3622 2531 3679 in
2571 3621 2787 3680 secula.
2830 3619 2991 3680 Heb.
3043 3638 3135 3696 13.
3176 3624 3233 3680 8.

638 3699 696 3759 6.
777 3702 958 3759 Plane
1018 3702 1253 3761 Patrem
1303 3706 1341 3761 a
1380 3701 1530 3762 Filio
1550 3747 1567 3780 ,
1609 3704 1663 3761 δι
1703 3700 1918 3761 Filium
1958 3701 1997 3757 a
2036 3700 2208 3757 Patre
2248 3702 2303 3758 δε
2345 3697 2565 3777 Spiritu
2605 3700 2827 3760 Sancto
2869 3698 3176 3779 distingui3
3216 3716 3484 3759 necessa·

557 3774 709 3838 rium
748 3798 877 3840 esse
919 3796 1056 3841 vsus
1090 3781 1364 3842 ostendit.
1406 3783 1638 3841 fuerunt
1678 3780 1836 3841 enim
1881 3776 2123 3856 quidam
2164 3778 2470 3851 haeretici,
2514 3796 2770 3857 quorum
2813 3790 2992 3857 caput
3033 3777 3345 3857 Sabellius,
3382 3779 3483 3856 qui

557 3859 878 3919 humanam
919 3870 1192 3920 naturam
1231 3872 1594 3939 assumptam
1633 3864 1671 3919 a
1710 3863 1844 3920 Deo
1885 3867 2126 3919 aeterno
2168 3858 2545 3937 profitentes,
2584 3857 2798 3919 Filium
2838 3864 2875 3918 a
2917 3861 3119 3939 Patre,
3162 3860 3218 3918 &
3247 3860 3483 3919 Patrem

557 3940 594 3994 a
653 3938 832 4016 Filio,
883 3939 1226 4001 distinctum
1278 3954 1595 4019 negarent,
1636 3940 1878 4000 nomina
1919 3940 2146 3998 tantum
2186 3942 2241 3998 δι
2280 3938 2441 3999 varia
2480 3938 2594 3999 Dei
2635 3938 2917 3999 attributa
2957 3958 3090 3999 esse
3140 3948 3482 4000 statuentes.

557 4016 684 4077 Nos
724 4021 898 4097 vero,
937 4038 1012 4079 ex
1054 4021 1166 4081 Dei
1206 4022 1422 4101 verb0,
1463 4020 1900 4081 distinctionem
1939 4018 2091 4077 inter
2132 4020 2363 4077 Patrem
2405 4022 2459 4079 &
2499 4019 2745 4098 Filium,
2786 4020 2842 4077 δι
2863 4038 3148 4097 personas
3174 4018 3481 4079 distinctas

557 4096 940 4158 affirmamus:
1001 4102 1168 4176 quod
1209 4101 1347 4161 satis
1387 4102 1742 4162 confirmant
1781 4097 1968 4159 Patris
2008 4100 2062 4157 &
2103 4096 2230 4173 Filij
2271 4099 2596 4177 vocabula,
2634 4116 2788 4175 quae
2833 4100 2971 4159 cum
3012 4098 3130 4159 sint
3170 4100 3384 4178 relata,
3426 4100 3483 4159 &

557 4176 860 4254 opposita,
901 4178 977 4238 de
1015 4180 1230 4239 eodem
1272 4199 1394 4240 non
1434 4190 1659 4241 mutato
1699 4188 1971 4257 respectu
2010 4176 2089 4237 ad
2128 4177 2307 4236 alium
2352 4178 2471 4237 dici
2510 4187 2833 4255 nequeunt.
2897 4178 3043 4254 Di(s.
3074 4181 3485 4257 1669.)uersae

555 4254 698 4313 item
757 4258 1127 4333 operationes
1185 4260 1266 4319 ita
1325 4259 1424 4321 vni
1481 4260 1786 4337 propriae,
1850 4270 1912 4317 vt
1951 4256 2119 4317 alteri
2160 4257 2482 4319 convenire
2522 4278 2647 4319 non
2683 4256 2950 4335 possint:
2992 4260 3131 4318 satis
3176 4258 3481 4319 distinctas

553 4352 836 4411 personas
871 4352 1138 4414 arguunt.
1190 4340 1401 4413 ngnit
1433 4340 1592 4399 enim
1633 4340 1828 4399 Pater:
1861 4338 2096 4412 genitus
2136 4348 2225 4397 est
2264 4337 2469 4397 Filius:
2497 4340 2777 4416 procedit
2822 4339 2900 4397 ab
2944 4348 3121 4417 vtroq
3129 4357 3202 4401 ue
3238 4338 3482 4416 Spiritus

3208 4420 3480 4496 Sanctae,
