3923 4875
1432 298 1839 346 alani-rtet
1900 301 2112 345 PARS
2171 300 2209 345 1.
3142 300 3257 371 415

350 460 671 543 odoratur,
710 476 935 545 gustat,
978 464 1196 545 tangit,
1236 464 1444 544 sentit3
1486 462 1871 543 imaginatur,
1908 464 2162 542 appetit,
2203 462 2472 541 intelligit
2491 510 2508 539 ,
2549 460 2838 542 quidquid
2879 463 3050 556 viuit,
3091 464 3257 545 quid·

348 544 499 621 quid
536 560 841 623 mouetur,
880 544 1168 623 quidquid
1208 556 1328 622 est,
1372 544 1431 603 id
1472 555 1660 605 totum
1702 544 1968 603 diuinum
2010 554 2245 622 oportet
2281 564 2446 603 esse:
2487 546 2565 603 Et
2585 544 2870 622 quidquid
2891 546 3088 605 fidelia
3107 546 3260 607 illius

348 626 619 684 membra
670 626 1010 701 instituunt,
1064 624 1325 686 similiter
1376 627 1453 685 ab
1506 625 1721 683 eodem
1782 623 2103 703 principi0,
2160 624 2374 683 eodem
2427 633 2618 702 motu,
2671 628 2726 685 &
2781 625 2964 685 modo
3015 627 3094 685 ab
3146 624 3259 686 illis

344 702 573 765 institui
612 706 909 767 conuenit.
950 707 1105 764 Nam
1145 704 1195 765 si
1234 706 1427 781 Deus,
1468 703 1518 764 si
1556 702 1822 764 Christus
1860 704 1982 763 vita
2017 714 2220 764 nostra
2259 714 2348 764 est
2389 706 2476 779 (vt
2496 704 2610 779 est)
2649 721 2756 764 cur
2793 706 2970 765 vitam
3011 707 3256 766 alteram

348 784 619 844 viuarnus
673 790 851 863 quam
906 781 1161 845 Christi?
1224 803 1329 846 cur
1376 783 1535 844 aliud
1588 782 1914 861 cogitemus
1931 830 1947 860 ,
2005 787 2186 861 quam
2237 782 2626 861 cogitationes
2674 784 2950 845 decentes
2989 788 3258 847 membra

349 860 607 924 Christi?
653 884 761 925 cur
812 866 939 926 aliis
985 868 1163 925 rebus
1213 866 1582 941 studeamus,
1634 866 1808 940 quam
1860 863 1929 923 iis
1977 882 2124 941 quas
2177 864 2356 924 docet
2405 860 2708 924 Christus?
2758 883 2864 925 cur
2901 864 3156 941 denique
3195 864 3254 925 in

349 944 589 1005 Christo
632 946 897 1005 dicamur
936 964 1095 1025 esse,
1136 945 1184 1005 si
1224 963 1349 1005 non
1390 943 1643 1004 viuimus
1674 941 1949 1003 Christo?
1990 946 2074 1003 Vt
2091 946 2280 1003 forma
2300 944 2382 1003 rei
2404 941 2688 1021 cuiusque
2709 954 2823 1022 est,
2861 944 2942 1005 ita
2963 956 3258 1022 operatur.

347 1024 613 1102 quisquis
653 1026 1017 1086 Christianus
1037 1046 1101 1086 es
1114 1071 1133 1100 ,
1154 1028 1273 1101 qua
1290 1024 1652 1086 Christianus
1674 1042 1737 1085 es
1750 1068 1768 1102 ,
1802 1023 2069 1101 spiritum
2090 1025 2274 1083 habes
2295 1023 2540 1101 Christi,
2559 1023 2910 1103 principium
2931 1028 2988 1085 δι
3007 1029 3258 1085 formam

292 1140 301 1151 -
349 1104 657 1165 Ecclesiae
711 1106 944 1165 Christi.
1000 1110 1068 1166 In
1110 1106 1222 1166 hac
1260 1107 1453 1165 forma
1493 1102 1821 1179 Christum,
1876 1106 1931 1163 &
1972 1103 2306 1181 proximum
2324 1149 2342 1181 ,
2397 1105 2453 1163 δῖ
2493 1104 2742 1182 teipsum
2785 1116 3023 1182 oportet
3061 1124 3264 1185 recog·

348 1202 565 1244 noscas
581 1232 598 1263 ,
638 1198 698 1245 vt
728 1186 905 1264 digne
926 1186 1165 1247 incedas
1186 1185 1497 1245 vocatione
1516 1198 1635 1244 tua.
1674 1184 1747 1243 Id
1766 1183 1878 1245 sibi
1899 1184 2042 1243 olim
2061 1183 2250 1243 voluit
2272 1186 2622 1262 Apostolus,
2663 1187 2800 1245 cum
2821 1186 2900 1245 ad
2921 1185 3263 1246 Corinthios

346 1262 661 1343 scriberet,
712 1266 979 1326 Charitas
1030 1266 1129 1325 illa
1182 1263 1401 1325 Christi
1440 1263 1789 1341 constringit
1826 1282 1970 1341 nos;
2019 1273 2084 1323 vt
2123 1263 2226 1340 qui
2265 1266 2384 1324 hoc
2423 1264 2790 1327 statuerimus
2808 1310 2824 1343 ,
2877 1265 2924 1325 si
2965 1281 3115 1326 vnus
3153 1284 3264 1343 pro

348 1344 631 1405 omnibus
671 1346 779 1405 suit
820 1357 1114 1422 mortuus,
1156 1364 1367 1423 nempe
1406 1362 1617 1405 omnes
1656 1344 1829 1403 fuisse
1870 1355 2168 1403 mortuos:
2209 1342 2372 1403 illum
2411 1356 2606 1403 autem
2649 1364 2760 1423 pro
2801 1346 3076 1407 omnibus
3105 1364 3259 1405 mor-

346 1435 518 1484 tuum
572 1442 731 1503 esse,
786 1439 845 1487 vt
897 1426 1000 1504 qui
1048 1425 1254 1486 viuunt
1300 1426 1549 1503 posthac
1589 1441 1712 1484 non
1754 1423 1867 1484 sibi
1904 1424 2135 1501 viuant,
2187 1423 2292 1483 sed
2334 1424 2388 1484 ei
2428 1423 2529 1501 qui
2569 1444 2678 1502 pro
2717 1424 2858 1503 ipsis
2899 1436 3164 1485 mortuus
3205 1428 3260 1486 ὅτ

346 1504 661 1567 suscitatus
700 1518 806 1566 est.
845 1509 1053 1584 Itaque
1094 1525 1205 1567 nos
1244 1506 1493 1583 posthac
1532 1504 1825 1565 neminem
1866 1502 2142 1563 nouimus
2181 1508 2506 1563 secundum
2527 1524 2796 1565 carnem:
2829 1505 2993 1582 quod
3015 1505 3064 1564 si
3083 1505 3257 1565 etiam

348 1585 627 1644 nouimus
666 1584 967 1647 Christum
1006 1586 1330 1646 secundum
1367 1602 1635 1661 carnem,
1678 1602 1841 1644 nunc
1882 1595 2080 1643 tamen
2104 1602 2226 1643 non
2248 1583 2498 1661 amplius
2517 1584 2824 1662 nouimus,
2865 1584 2914 1645 si
2934 1584 3065 1662 quis
3085 1584 3260 1663 igitur

348 1676 441 1723 est
480 1664 541 1723 in
581 1665 847 1745 Christo,
890 1682 1049 1726 noua
1089 1677 1353 1726 creatura
1392 1675 1509 1725 est:
1553 1674 1753 1723 vetera
1792 1663 2248 1741 praeterierunt,
2289 1682 2433 1724 ecce
2469 1683 2630 1725 noua
2670 1665 2825 1724 facta
2866 1675 3000 1725 sunt
3038 1664 3258 1743 omnia,

346 1745 498 1804 haec
536 1758 731 1805 autem
772 1746 971 1806 omnia
1010 1766 1084 1805 ex
1121 1749 1287 1823 De0,
1327 1745 1429 1823 qui
1468 1742 1872 1804 reconciliauit
1908 1761 2022 1804 nos
2063 1742 2174 1803 sibi
2214 1762 2319 1821 per
2340 1747 2535 1804 Iesum
2558 1744 2888 1820 Christum,
2911 1746 3022 1804 ὅτε.
3047 1746 3258 1805 2.Cor.

352 1840 409 1900 5.
458 1843 549 1897 14.
589 1828 644 1885 &
674 1846 729 1885 c.
767 1826 819 1883 Ο
860 1825 1121 1886 diuinam
1162 1826 1414 1885 sormam
1448 1823 1729 1885 veritatis!
1774 1824 2028 1883 formam
2069 1823 2376 1883 scientiae!
2419 1826 2670 1884 formam
2710 1824 3036 1885 charitatis!
3079 1842 3258 1901 quam

352 1906 675 1981 Apostolus
736 1906 813 1965 de
870 1925 935 1965 se
987 1905 1049 1965 in
1088 1906 1326 1966 Christo
1368 1903 1719 1965 subsistente
1758 1903 1839 1963 ita
1878 1902 2266 1981 praedicauit,
2305 1904 2386 1962 ita
2425 1904 2706 1981 gloriatus
2739 1916 2826 1964 est
2859 1904 2919 1964 in
2959 1904 3258 1982 Domine,

348 1997 414 2043 vt
453 1983 662 2045 eadem
702 1997 827 2045 tum
870 1988 1119 2046 formam
1162 1984 1429 2063 corporis
1467 1984 1769 2045 Ecclesiae
1808 1983 2176 2044 Catholicam
2199 1982 2513 2062 exprimat,
2553 1994 2678 2044 tum
2700 1984 3054 2063 singularem
3075 2002 3260 2045 mem·

348 2064 595 2124 brorum
644 2063 799 2124 illius
838 2064 899 2125 in
940 2065 1175 2127 Christo
1212 2068 1365 2125 Iesu.
1424 2066 1580 2124 Nam
1619 2063 1889 2123 videmus
1928 2065 2172 2123 Paulum
2211 2064 2270 2123 in
2315 2063 2552 2124 Christo
2593 2064 2977 2125 constrictum
3017 2063 3256 2124 vinculo

348 2144 677 2205 charitatis:
732 2145 896 2206 cuius
949 2145 1247 2205 charitatis
1296 2143 1547 2223 pignora
1588 2145 1916 2219 effectaque
1958 2142 2282 2203 certissima
2321 2144 2469 2203 haec
2507 2155 2674 2223 sunt,
2726 2144 2890 2221 quod
2931 2144 2988 2221 (f
3021 2146 3161 2221 694)
3202 2146 3258 2205 δι

350 2224 617 2284 Christus
658 2236 923 2285 mortuus
960 2236 1074 2306 est3
1115 2230 1543 2301 resurrexitque
1583 2242 1693 2301 pro
1734 2224 1907 2283 nobis
1922 2268 1939 2301 ,
1983 2224 2038 2283 &
2061 2242 2172 2283 nos
2197 2222 2256 2281 in
2277 2222 2408 2301 ipso
2429 2223 2648 2283 mortui
2667 2243 2738 2283 ac
2760 2223 3018 2283 suscitati
3037 2242 3258 2302 sumuS,

348 2314 413 2363 vt
454 2304 717 2365 viuamus
756 2304 886 2383 ipsi.
926 2306 1215 2367 Videmus
1254 2306 1500 2364 Paulum
1540 2304 1601 2363 in
1644 2302 1755 2363 ista
1794 2301 2212 2363 coniunctione
2245 2302 2574 2379 charitatiS,
2612 2302 2752 2364 vera
2770 2302 3014 2363 scientia
3032 2306 3260 2364 formae

348 2383 501 2444 illius
559 2385 925 2447 Christianae
964 2384 1047 2446 ita
1084 2384 1418 2464 praeditum
1462 2382 1769 2462 diuinituS,
1806 2394 1872 2443 vt
1910 2382 2118 2443 eadem
2161 2382 2437 2461 scientiA,
2489 2402 2602 2444 nos
2641 2394 2840 2444 autem
2882 2383 3144 2464 diuersa„
3199 2386 3256 2446 δι

349 2463 682 2543 Christum,
732 2468 788 2526 δι
838 2487 933 2534 se,
987 2468 1043 2526 δι
1096 2468 1300 2526 fratres
1351 2483 1489 2526 suos
1543 2474 1869 2542 cognoscat
1916 2463 2122 2540 simul,
2171 2483 2294 2523 non
2347 2465 2673 2524 secundum
2713 2483 2982 2543 carnem,
3036 2465 3099 2525 id
3141 2476 3260 2542 est,

347 2547 613 2605 naturale
654 2564 873 2622 corpus
913 2547 969 2606 &
1010 2545 1269 2624 speciem
1310 2545 1470 2604 illam
1510 2555 1813 2606 externam
1857 2562 2036 2620 quam
2077 2546 2116 2602 a
2133 2543 2326 2620 primo
2348 2543 2590 2604 homine
2608 2543 2784 2604 etiam
2805 2543 2950 2604 citra
2968 2543 3259 2606 rationem

348 2625 577 2700 peccati
615 2626 932 2687 habitantis
972 2625 1031 2686 in
1072 2625 1247 2688 nobis
1266 2625 1602 2703 accepimus
1619 2671 1636 2701 ,
1676 2625 1786 2684 sed
1806 2624 2135 2684 secundum
2155 2623 2314 2683 illam
2334 2623 2759 2684 sanctissimam
2779 2625 3258 2685 constitutionem

349 2703 663 2780 spiritalem
702 2724 881 2784 quam
924 2705 1189 2767 Christus
1227 2705 1289 2765 in
1328 2724 1456 2766 sese
1494 2707 1533 2764 a
1572 2703 1763 2764 carnis
1804 2702 2237 2764 infirmitatibus
2277 2707 2332 2764 &
2368 2714 2558 2764 morte
2576 2702 2902 2765 vindicatus
2923 2704 3134 2764 virtute
3155 2705 3260 2764 sua

348 2783 607 2862 obtinet,
650 2805 723 2846 ac
762 2786 1255 2864 communicauit,
1296 2787 1457 2845 velut
1492 2783 1793 2844 Ecclesiae
1832 2795 2010 2861 caput
2050 2784 2106 2842 δι
2146 2782 2569 2863 primogenitus
2605 2783 2760 2844 inter
2787 2786 3004 2844 multos
3023 2786 3258 2862 fratreS,

348 2882 485 2923 cum
542 2864 809 2926 Ecclesia
854 2865 960 2926 sua
1011 2867 1066 2925 &
1118 2865 1399 2926 membris
1451 2863 1689 2943 singulis
1736 2862 1907 2924 illius.
1966 2861 2104 2939 Qua
2155 2864 2213 2923 in
2255 2862 2676 2925 constitutione
2715 2865 2986 2925 effectum
3025 2875 3143 2942 est,
3193 2875 3258 2924 vt

349 2943 613 3004 Christus
650 2965 761 3006 nos
802 2965 1043 3022 omnes,
1082 2947 1137 3006 δι
1180 2943 1437 3006 vicissim
1476 2963 1589 3004 nos
1629 2941 1930 3004 Christum
1975 2946 2029 3004 δι
2068 2945 2276 3004 fratres
2315 2956 2552 3004 nostros
2579 2943 2639 3003 in
2664 2943 2900 3005 Christo
2925 2945 3256 3004 secundum

350 3024 794 3086 renouationem
836 3026 996 3086 illam
1036 3028 1115 3087 ab
1154 3043 1228 3086 eo
1271 3027 1487 3085 factam
1522 3041 1976 3102 cognoscamus⁸
2015 3023 2303 3083 Videmus
2341 3023 2597 3101 denique
2617 3023 2678 3082 in
2699 3024 2789 3084 his
2809 3024 3038 3084 duabus
3058 3025 3256 3103 rebuS,

349 3105 626 3165 charitate
668 3105 909 3183 inquam
950 3107 1007 3166 δι
1047 3104 1387 3184 cognitione
1426 3103 1755 3164 Christiana
1794 3101 2029 3182 nostra,
2069 3102 2453 3163 certissimam
2475 3103 2782 3164 veritatem
2803 3105 2882 3164 ab
2903 3103 3068 3164 omni
3097 3122 3259 3164 men-

349 3183 549 3261 daci0,
592 3185 873 3261 vanitate,
913 3186 970 3245 &
1013 3186 1333 3246 mutatione
1374 3185 1654 3244 alienam:
1698 3183 2031 3245 secundum
2073 3201 2280 3263 quam,
2320 3183 2585 3261 quisquis
2617 3183 2674 3242 in
2698 3184 2934 3244 Christo
2954 3194 3074 3260 est,
3099 3201 3259 3244 noua

348 3278 614 3324 creatura
675 3278 794 3326 est:
861 3275 1055 3326 vetera
1108 3263 1564 3345 praeterierunt,
1612 3279 1765 3340 quae
1815 3266 2004 3340 prope
2057 3275 2194 3323 sunt
2247 3275 2310 3324 vt
2349 3265 2670 3341 intereant,
2709 3267 2764 3325 &
2804 3281 2964 3324 noua
3005 3266 3163 3324 facta
3201 3263 3260 3324 in

350 3344 627 3405 credente
690 3356 827 3406 sunt
885 3344 1086 3407 omnia
1146 3345 1409 3406 nouitate
1468 3345 1773 3406 aeternum
1831 3343 2138 3418 duratura,
2193 3345 2330 3404 cum
2370 3343 2426 3402 &
2467 3355 2770 3404 auctorem
2811 3345 3028 3404 habeat
3065 3346 3260 3403 Deum

348 3435 573 3500 patrem
588 3471 606 3502 ,
668 3426 1051 3486 mediatorem
1110 3428 1568 3503 effectoremque
1628 3422 1927 3484 Christum
1944 3467 1961 3501 ,
2023 3443 2130 3501 per
2167 3441 2346 3500 quem
2388 3422 2749 3485 reconciliati
2788 3441 2988 3484 sumus
3026 3426 3160 3485 Deo
3201 3425 3258 3484 δι

424 3503 496 3564 tri
538 3516 763 3566 nostro·

347 3523 563 3643 paHac
610 3583 811 3646 radice
864 3583 1164 3646 charitatis
1177 3628 1196 3659 ,
1250 3585 1367 3645 hoc
1420 3601 1605 3644 succo
1658 3579 1945 3674 veritatis,
2001 3585 2114 3642 hac
2163 3584 2297 3642 luce
2334 3582 2690 3660 cognitionis
2728 3593 2906 3662 atque
2947 3582 3253 3663 scientiae,

347 3663 457 3723 hac
512 3663 771 3742 denique
814 3666 1007 3725 forma
1057 3663 1505 3738 Christianitatis
1542 3662 1842 3741 instructi,
1890 3681 1941 3723 si
1979 3661 2278 3723 Chn'stum
2316 3663 2624 3737 nouimus,
2672 3663 2722 3722 si
2759 3681 2872 3724 nos
2913 3663 2974 3724 in
3014 3664 3252 3725 Christo

348 3743 695 3821 experimur,
736 3762 842 3804 cur
881 3763 1003 3805 non
1043 3745 1099 3804 &
1138 3743 1497 3820 Ecclesiam,
1538 3743 1593 3802 &
1636 3742 1901 3803 membra
1944 3741 2129 3821 illius,
2164 3753 2288 3802 tum
2309 3760 2462 3820 quae
2480 3741 2596 3802 iam
2615 3763 2691 3803 ex
2710 3745 2868 3804 facto
2889 3755 3100 3804 vocata
3119 3756 3254 3804 sunt

348 3841 449 3898 per
488 3823 603 3884 Dei
632 3825 879 3903 gratiam
898 3871 915 3902 ,
935 3835 1063 3884 tum
1083 3841 1236 3902 quae
1254 3826 1432 3901 porro
1454 3823 1727 3883 vocanda
1747 3821 2226 3900 misericorditer,
2247 3839 2354 3882 cur
2372 3840 2494 3881 non
2517 3822 2810 3900 (inquam)
2831 3825 2944 3884 hos
2964 3843 3172 3884 omnes
3191 3823 3251 3884 in

348 3904 553 3964 eadem
594 3905 890 3965 charitatis
929 3904 1129 3965 radice
1143 3948 1160 3982 ,
1202 3906 1257 3964 &
1298 3921 1480 3963 succo
1524 3901 1809 3980 veritatis,
1830 3903 2040 3962 eadem
2072 3901 2428 3980 cognitionis
2446 3903 2606 3979 luce,
2629 3901 2956 3980 eademque
2975 3903 3252 3964 Christia-

346 3981 536 4043 nitatis
577 3985 769 4044 forma
809 3978 1279 4064 cognoscamus?
1320 3985 1493 4042 Haec
1534 3981 1691 4042 enim
1730 3979 1829 4040 ina
1867 3980 2018 4042 ratio
2038 3991 2154 4060 est,
2197 3999 2350 4059 quae
2368 3981 2652 4042 recreauit
2670 3990 3020 4060 summaque
3037 3983 3258 4044 laetitia

348 4061 635 4124 Dauidem
690 4063 916 4144 affecit,
966 4066 1021 4124 δι
1075 4081 1285 4124 omnes
1326 4065 1521 4124 bonos
1560 4063 1835 4139 exemplo
1878 4061 2002 4121 eius
2042 4064 2320 4122 affectura
2360 4073 2478 4122 est:
2530 4064 2678 4122 haec
2719 4061 2820 4122 illa
2857 4065 3048 4123 forma
3084 4062 3254 4124 cuius

348 4143 704 4204 conscientia
742 4146 1071 4222 Apostolus
1110 4163 1235 4205 non
1269 4142 1579 4204 dubitabat
1610 4140 1839 4218 dicere,
1882 4140 2019 4202 Siue
2041 4141 2387 4220 insanimus,
2427 4140 2746 4202 insanimus
2766 4143 2930 4221 Deo,
2967 4143 3094 4204 siue
3111 4161 3254 4204 sana

348 4235 541 4284 mente
591 4243 824 4301 sumuS,
883 4223 1056 4284 vobis
1106 4233 1305 4284 mente
1354 4241 1497 4283 sana
1548 4237 1777 4282 sumus:
1832 4222 1988 4282 adeo
2041 4220 2379 4300 possidebat
2433 4238 2572 4284 vera
2619 4221 2720 4282 illa
2767 4223 2960 4282 forma
2996 4222 3254 4284 hominis

359 4303 668 4366 Christiani
707 4306 1066 4382 Apostolum
1110 4303 1355 4382 Christi,
1396 4314 1459 4363 vt
1496 4320 1619 4364 non
1660 4301 1738 4361 ad
1766 4319 1831 4360 se
1853 4300 2193 4380 respiceret,
2233 4302 2432 4362 sedad
2455 4300 2751 4362 Christum
2771 4313 2948 4379 capnt
2964 4314 3253 4441 noszurn,

3178 4402 3240 4442 m
