3923 4875
611 252 732 320 304
1555 248 1888 299 'furans
1945 250 2602 299 rasomoorcas.

607 415 919 556 ἓοιῃὶῃιιιιι
979 411 1244 555 ipserum
1307 413 1448 477 vitio
1509 418 1664 477 male
1721 427 1810 477 est
1867 414 2041 495 ipsu,
2098 414 2162 477 id
2216 434 2341 477 non
2392 414 2520 477 sine
2560 412 2925 477 contumelia
2962 412 3027 475 in
3064 416 3310 492 Deum,
3360 422 3591 492 potest

653 515 740 556 cn
781 506 946 556 turae
983 505 1060 555 tn
1101 512 1182 555 ul.

688 516 788 653 4315.
867 578 934 635 In
995 574 1186 635 causis
1237 574 1397 635 enim
1451 574 1756 653 partilibus
1809 579 1900 652 (vt
1951 578 2195 653 vocant)
2254 575 2383 637 siue
2419 575 2707 638 ordinatis
2746 575 2945 637 caueri
2984 592 3237 635 necesse
3278 584 3415 653 est,
3490 592 3583 632 ne

611 656 818 717 effecta
871 653 1080 716 vitiosa
1131 656 1188 716 &
1228 656 1386 715 mala
1421 654 1550 715 aliis
1585 655 1777 716 causis
1794 700 1812 733 ‚
1853 658 2033 733 quam
2076 654 2147 715 iis
2186 672 2341 733 quae
2379 673 2487 734 per
2524 676 2589 717 se
2626 655 2889 719 efficiunt
2926 656 3181 735 malurn,
3224 654 3581 731 eidemque

617 746 752 797 sunt
791 735 1094 815 proximae
1133 736 1191 795 ἃ
1231 734 1775 815 coniunctissima,
1815 734 2149 797 tribuantur
2186 754 2471 814 vnquatn.

695 835 791 889 44.
871 817 1110 893 Saxm,
1160 815 1490 877 accidentia
1543 816 1666 875 duo
1704 815 1997 877 obiiciunt
2034 816 2323 877 maxime:
2364 832 2547 877 vnum
2563 861 2582 895 ,
2620 816 2787 894 quod
2828 814 3133 893 Scriptura
3170 817 3265 891 (vt
3298 813 3573 891 quidem

613 896 887 970 habetur)
957 906 1048 1037 εἴ
1105 894 1575 973 corruptissima:
1645 898 1893 957 alterum
1909 942 1926 973 ‚
1987 896 2155 975 quoti
2212 895 2629 957 auctoritatem
2686 896 2849 957 illam
2902 915 2981 957 ex
3040 897 3173 955 sola
3230 895 3569 955 hominum

612 975 896 1053 opinione
938 995 978 1036 o
1023 974 1188 1035 tinet.

694 1072 792 1133 45.
871 1054 1390 1133 Corruptissimam
1450 1072 1735 1135 negamus
1793 1074 1946 1117 esse:
2008 1073 2121 1117 nec
2179 1055 2275 1117 isti
2336 1056 2677 1135 probabunt
2728 1075 3023 1133 vnquam:
3080 1055 3189 1115 sed
3242 1064 3389 1133 post
3444 1051 3571 1113 erit

613 1136 868 1214 amplior
906 1137 984 1197 de
1022 1154 1096 1196 ea
1135 1154 1200 1195 re
1236 1135 1478 1197 dicendi
1514 1138 1702 1197 locus.

691 1219 788 1290 46.
869 1216 963 1275 Ex
1002 1214 1285 1295 opinione
1327 1216 1636 1277 hominum
1679 1214 2039 1293 Scripturam
2079 1213 2141 1275 in
2180 1214 2533 1278 auctoritate
2566 1236 2719 1294 esse,
2740 1216 3091 1295 blasphema
3108 1226 3200 1275 est
3218 1212 3527 1293 cogitatio
3542 1258 3567 1288 ,

611 1296 1022 1374 blasphemum
1057 1294 1282 1357 dictum
1312 1306 1489 1374 atque
1517 1314 1854 1375 repugnans
1875 1294 2134 1355 veritati:
2156 1295 2324 1373 quod
2346 1295 2639 1375 principio
2660 1298 2914 1359 these-n
2933 1295 3183 1357 istarum
3202 1293 3561 1353 docuimus,

691 1393 788 1451 47.
871 1378 1025 1436 Nam
1086 1384 1151 1435 vt
1215 1386 1457 1454 natura,
1519 1395 1639 1437 non
1701 1374 1940 1454 opinio,
1996 1376 2192 1436 Deum
2240 1394 2371 1437 esse
2422 1375 2658 1437 docuit:
2706 1376 2792 1437 sic
2830 1378 3043 1437 eadem
3084 1386 3301 1435 natura
3339 1371 3565 1433 docuit

613 1456 810 1515 Deum
854 1457 1170 1534 loquutum
1209 1472 1356 1517 esse.
1415 1458 1600 1517 Hunc
1637 1466 1838 1516 autem
1877 1453 2046 1514 illum
2084 1474 2435 1517 sermonem·
2463 1456 2743 1535 illamque
2784 1456 3146 1535 Scriptmam
3190 1472 3327 1515 esse
3363 1471 3559 1530 quam

613 1536 780 1596 Deus
837 1537 1118 1613 loquutus
1177 1545 1297 1614 est,
1345 1554 1469 1597 non
1521 1536 1832 1597 hominum
1887 1534 2093 1612 opinio
2132 1536 2315 1597 docet
2352 1536 2460 1612 (sic
2500 1536 2658 1598 enim
2696 1538 2893 1598 Deum
2932 1533 3398 1615 quodammodo
3442 1529 3563 1593 sibi

617 1614 1074 1707 obstringerent)
1134 1616 1241 1676 sed
1283 1614 1399 1675 Dei
1439 1616 1735 1693 loquentis
1775 1634 1880 1693 per
1918 1632 1985 1674 se
2020 1626 2122 1675 aut
2160 1635 2267 1694 per
2305 1634 2511 1677 seruos
2550 1636 2691 1679 suos
2730 1616 2981 1679 idoneos
2994 1662 3011 1693 ‚
3050 1618 3109 1676 δι
3148 1632 3261 1693 per
3302 1614 3561 1673 eosdem

616 1695 898 1756 tradentis
961 1693 1184 1773 scripto
1232 1696 1576 1766 auctoritas.
1625 1695 1688 1757 in
1739 1696 1916 1757 coelo
1955 1696 2013 1753 ὅτ
2050 1704 2234 1775 terra,
2272 1696 2515 1776 diuinis,
2556 1696 2857 1776 humanis,
2895 1696 3023 1757 aliis
3062 1694 3233 1756 iustis
3273 1695 3335 1754 δι
3374 1690 3561 1753 certis

613 1774 1065 1851 probationibus
1080 1818 1098 1854 ,
1138 1774 1318 1853 signis
1336 1821 1352 1847 ,
1395 1774 1953 1854 operationibusquo
1993 1785 2338 1837 contestata.

956 2198 1089 2257 DE
1146 2198 1939 2260 AVCTORITATE
2002 2200 2698 2262 SCRIPTURAE
2757 2196 3203 2260 SACRAE.

1154 2374 1334 2454 Quod
1367 2376 1573 2437 diuina
1613 2380 1738 2439 eius
1775 2380 2101 2440 auctoritas
2140 2398 2256 2440 non
2282 2380 2539 2458 pendeat
2575 2378 2651 2439 ab
2690 2376 2973 2437 Ecclesia.

1861 2557 2189 2619 Tnnsm
2246 2557 2297 2619 1.

702 2729 936 2790 anm
988 2732 1090 2809 qui
1141 2731 1414 2794 minuunt
1453 2733 1868 2794 auctoritatem
1907 2715 2246 2812 Scripturae
2284 2753 2487 2796 sacrae
2528 2733 2652 2794 duo
2692 2742 2827 2794 sunt
2864 2747 3109 2810 genera:
3152 2747 3296 2790 nam
3334 2728 3435 2806 alij
3474 2729 3549 2790 de

620 2818 748 2870 tota
795 2811 1144 2872 auctoritate
1187 2812 1490 2891 minuunt,
1533 2830 1719 2891 quum
1759 2833 1892 2874 eam
1931 2814 2011 2875 ab
2048 2815 2319 2876 Ecclesia
2355 2813 2624 2876 vniuerse
2643 2813 2905 2891 pendere
2923 2820 3213 2872 stamunt:
3234 2808 3333 2886 alij
3354 2821 3545 2886 partes

625 2887 852 2966 aliquas
894 2891 973 2950 de
1015 2891 1316 2970 Scriptura
1358 2893 1602 2954 student
1640 2890 1954 2954 infirmare.

707 2988 763 3034 2.
842 2971 937 3030 Ac
977 2971 1204 3048 priores
1247 2971 1488 3052 quidem
1527 2991 1652 3034 non
1689 2985 1910 3052 negant
1947 2972 2295 3052 simpliciter
2316 2972 2579 3034 diuinam
2600 2991 2729 3034 esse
2746 2970 3157 3033 auctoritatem
3176 2967 3540 3046 Scripturae:

623 3049 730 3108 sed
769 3050 946 3110 nobis
985 3051 1117 3128 (qui
1155 3051 1300 3113 nihil
1338 3056 1377 3113 a
1415 3063 1625 3114 natura
1664 3053 1726 3113 in
1765 3055 1944 3115 rebus
1985 3052 2202 3114 diuinis
2222 3052 2333 3114 nisi
2352 3053 2747 3132 alucinamur‚
2768 3051 3065 3129 etiamque
3084 3059 3221 3128 post
3238 3058 3540 3138 acceptam

623 3126 774 3188 lucis
825 3129 1074 3207 gratiam
1131 3132 1400 3193 videmus
1449 3133 1656 3209 breue)
1711 3151 1837 3194 non
1877 3151 2008 3194 esse
2047 3132 2309 3194 diuinam
2350 3132 2465 3194 nisi
2502 3131 2806 3194 Ecclesiae
2846 3130 3177 3194 testificatio
3216 3135 3540 3190 accensent.

705 3226 766 3285 3.
821 3209 989 3270 'Hoc
1029 3220 1118 3270 est
1156 3215 1244 3287 (vt
1284 3213 1655 3273 declaremus
1698 3212 1896 3290 simili)
1937 3213 2140 3273 Solem
2180 3212 2424 3290 quidem
2460 3231 2569 3292 per
2608 3233 2673 3274 se
2712 3221 3043 3290 agnoscunt
3082 3227 3213 3272 esse
3254 3206 3537 3268 lucidum:

624 3289 731 3348 sed
773 3287 916 3366 quia
953 3290 1118 3351 caeci
1156 3293 1194 3351 a
1231 3303 1444 3352 natura
1479 3307 1714 3372 sumus,
1753 3295 1808 3353 81
1847 3291 2023 3353 nobis
2062 3311 2185 3354 non
2226 3295 2387 3354 lucet
2400 3339 2418 3372 ,
2458 3311 2602 3373 ergo
2640 3310 2765 3353 non
2807 3294 3023 3353 lucere.

705 3387 763 3441 4.
845 3368 1036 3430 Nobis
1076 3375 1220 3434 vero
1259 3370 1507 3433 omnino
1547 3381 1778 3432 constat
1815 3371 1881 3433 id
1913 3373 2081 3450 quod
2112 3391 2220 3450 per
2238 3391 2303 3434 se
2322 3383 2413 3434 est
2430 3391 2665 3452 semper
2684 3391 2813 3434 esse
2826 3415 2845 3450 ‚
2864 3385 3227 3448 quocunque
3244 3375 3535 3444 respectu,

631 3465 742 3506 nec
783 3449 905 3508 vllo
945 3459 1220 3529 respectu
1259 3450 1323 3511 id
1362 3450 1529 3529 quod
1565 3469 1673 3530 per
1712 3469 1776 3512 se
1815 3451 1969 3512 inest
1982 3497 2001 3531 ,
2041 3453 2121 3513 ab
2158 3471 2235 3514 eo
2274 3451 2547 3516 subiecto
2588 3451 2687 3513 cui
2723 3452 2905 3529 inest,
2943 3450 3087 3510 dum
3107 3446 3442 3510 subiectum
3460 3454 3537 3505 est

631 3533 950 3606 manetque
963 3572 982 3608 ,
1021 3529 1238 3591 auferri
1277 3549 1474 3609 posse.
3008 3565 3015 3572 ·

631 3609 2253 3769 risam?ffsspssffiifissssiz‘zffiuzifflgafi‘ffiffi‘
2292 3631 2400 3690 ¹³⁶²
2437 3631 2501 3674 ⁸⁶
2540 3610 2742 3673 dim
2780 3607 3124 3687 ³¹¹⁶‘⁰‘³‘⁸⁸'
3164 3625 3346 3685 ‘'⁰²⁸'‘
3384 3621 3533 3682 ⁸²¹¹*

711 3768 767 3827 6.
850 3768 1284 3838 Auctoritatem
1336 3775 1481 3831 vero
1529 3768 1787 3848 aliquam
1841 3769 2149 3832 Ecclesiae
2192 3783 2469 3850 respectu
2520 3770 2709 3832 nostri
2746 3787 2869 3830 non
2910 3783 3197 3848 negamus
3234 3763 3529 3828 accedere:

629 3857 694 3908 vt
733 3861 885 3923 quae
927 3851 964 3908 a
1003 3850 1139 3910 Deo
1181 3850 1477 3928 acceperit
1515 3849 1866 3942 scripturam
1906 3869 2014 3928 per
2054 3849 2245 3930 ipsum
2286 3852 2343 3912 &
2382 3850 2665 3913 Notarios
2694 3849 2849 3927 eius,
2874 3858 3183 3927 acceptam
3202 3841 3529 3920 seruauerit,

632 3935 926 3988 seruatam
967 3946 1076 4006 per
1115 3946 1326 3990 manus
1371 3929 1706 4006 tradiderit,
1746 3931 1802 3991 δι
1842 3931 2084 3991 tradens
2123 3930 2517 3992 consensione
2548 3930 2787 4009 publica
2806 3929 2863 3989 δι
2882 3927 3252 3990 successione
3270 3934 3530 4004 perpetua

634 4014 908 4067 testatam
953 4009 1021 4084 (f.
1070 4011 1248 4086 1765)
1287 4009 1463 4102 nobis
1504 4009 1706 4071 fecerit
1745 4008 2057 4101 faciatque.
3267 4084 3282 4097 ·
3492 4079 3503 4090 ,

635 4085 1187 4244 ..343ἓᾷᾗὲΞὲ
1235 4089 1991 4246 zxssss‘gss‘ssmzufflzssssssss:
2024 4098 2703 4249 S‘axez‘ssffzsszussss’?
2716 4096 3527 4246 ffiffitpffgffaffi

635 4249 888 4321 rumque
931 4245 1052 4306 vim
1093 4248 1148 4308 δι
1190 4248 1526 4312 facultatem
1566 4249 1854 4311 obtinere.
3081 4329 3119 4386 8
3218 4325 3276 4383 Α
3414 4317 3523 4379 ritas

3123 4371 3140 4387 .
3276 4331 3413 4383 ueto
