<?xml version="1.0" encoding="UTF-8"?>
<!DOCTYPE html PUBLIC "-//W3C//DTD XHTML 1.0 Transitional//EN"
    "http://www.w3.org/TR/xhtml1/DTD/xhtml1-transitional.dtd">
<html xmlns="http://www.w3.org/1999/xhtml" xml:lang="en" lang="en">
 <head>
  <title>
</title>
<meta http-equiv="Content-Type" content="text/html;charset=utf-8" />
  <meta name='ocr-system' content='tesseract 3.04.00' />
  <meta name='ocr-capabilities' content='ocr_page ocr_carea ocr_par ocr_line ocrx_word'/>
</head>
<body>
  <div class='ocr_page' id='page_1' title='image "./dfranciscijunii00junigoog_0097.png"; bbox 0 0 3923 4875; ppageno 0'>
   <div class='ocr_carea' id='block_1_1' title="bbox 584 321 2533 390">
    <p class='ocr_par' dir='ltr' id='par_1_1' title="bbox 584 321 2533 390">
     <span class='ocr_line' id='line_1_1' title="bbox 584 321 2533 390; baseline 0 -18"><span class='ocrx_word' id='word_1_1' title='bbox 584 331 656 390; x_wconf 75' lang='lat'><strong>72</strong></span> <span class='ocrx_word' id='word_1_2' title='bbox 1552 323 1657 372; x_wconf 76' lang='lat' dir='ltr'><strong>or.</strong></span> <span class='ocrx_word' id='word_1_3' title='bbox 1716 324 1941 374; x_wconf 63' lang='lat' dir='ltr'><strong>vena</strong></span> <span class='ocrx_word' id='word_1_4' title='bbox 2005 321 2533 372; x_wconf 66' lang='lat' dir='ltr'><strong>rnnonocrn.</strong></span> 
     </span>
    </p>
   </div>
   <div class='ocr_carea' id='block_1_2' title="bbox 562 489 3510 4407">
    <p class='ocr_par' dir='ltr' id='par_1_2' title="bbox 562 489 3504 2892">
     <span class='ocr_line' id='line_1_2' title="bbox 573 489 3498 582; baseline 0.002 -31"><span class='ocrx_word' id='word_1_5' title='bbox 573 489 892 551; x_wconf 88' lang='lat' dir='ltr'><strong>Materialis</strong></span> <span class='ocrx_word' id='word_1_6' title='bbox 932 499 1051 569; x_wconf 86' lang='lat' dir='ltr'><strong>est,</strong></span> <span class='ocrx_word' id='word_1_7' title='bbox 1087 493 1521 582; x_wconf 58' lang='lat' dir='ltr'><strong>princfpiorum</strong></span> <span class='ocrx_word' id='word_1_8' title='bbox 1566 494 1875 552; x_wconf 66' lang='lat' dir='ltr'><strong>secundam</strong></span> <span class='ocrx_word' id='word_1_9' title='bbox 1922 512 1982 552; x_wconf 84' lang='lat' dir='ltr'><strong>se</strong></span> <span class='ocrx_word' id='word_1_10' title='bbox 2023 499 2292 551; x_wconf 85' lang='lat' dir='ltr'><strong>notorum</strong></span> <span class='ocrx_word' id='word_1_11' title='bbox 2331 489 2394 551; x_wconf 91' lang='lat' dir='ltr'><strong>in</strong></span> <span class='ocrx_word' id='word_1_12' title='bbox 2433 493 2608 550; x_wconf 90' lang='lat' dir='ltr'><strong>rebus</strong></span> <span class='ocrx_word' id='word_1_13' title='bbox 2645 490 2890 552; x_wconf 87' lang='lat' dir='ltr'><strong>diuinis:</strong></span> <span class='ocrx_word' id='word_1_14' title='bbox 2935 492 3225 553; x_wconf 84' lang='lat' dir='ltr'><strong>Formalis</strong></span> <span class='ocrx_word' id='word_1_15' title='bbox 3255 494 3498 575; x_wconf 84' lang='lat' dir='ltr'><strong>deniq.;</strong></span> 
     </span>
     <span class='ocr_line' id='line_1_3' title="bbox 569 569 3492 662; baseline 0.001 -32"><span class='ocrx_word' id='word_1_16' title='bbox 569 571 734 647; x_wconf 68' lang='lat' dir='ltr'><strong>quOd</strong></span> <span class='ocrx_word' id='word_1_17' title='bbox 774 589 847 630; x_wconf 88' lang='lat' dir='ltr'><strong>ex</strong></span> <span class='ocrx_word' id='word_1_18' title='bbox 888 569 999 630; x_wconf 89' lang='lat' dir='ltr'><strong>illis</strong></span> <span class='ocrx_word' id='word_1_19' title='bbox 1040 569 1343 647; x_wconf 78' lang='lat' dir='ltr'><strong>principiis</strong></span> <span class='ocrx_word' id='word_1_20' title='bbox 1376 570 1599 631; x_wconf 89' lang='lat' dir='ltr'><strong>lumine</strong></span> <span class='ocrx_word' id='word_1_21' title='bbox 1631 571 1735 632; x_wconf 88' lang='lat' dir='ltr'><strong>illo</strong></span> <span class='ocrx_word' id='word_1_22' title='bbox 1768 570 2074 650; x_wconf 84' lang='lat' dir='ltr'>superiore</span> <span class='ocrx_word' id='word_1_23' title='bbox 2085 571 2431 648; x_wconf 82' lang='lat' dir='ltr'><em>proceditur</em></span> <span class='ocrx_word' id='word_1_24' title='bbox 2449 579 2638 662; x_wconf 71' lang='lat' dir='ltr'><strong>supra</strong></span> <span class='ocrx_word' id='word_1_25' title='bbox 2655 573 2948 632; x_wconf 78' lang='lat' dir='ltr'><em>humanae</em></span> <span class='ocrx_word' id='word_1_26' title='bbox 2967 575 3218 632; x_wconf 80' lang='lat' dir='ltr'><strong>rationis</strong></span> <span class='ocrx_word' id='word_1_27' title='bbox 3240 576 3492 635; x_wconf 83' lang='lat' dir='ltr'><strong>modum.</strong></span> 
     </span>
     <span class='ocr_line' id='line_1_4' title="bbox 572 649 3492 730; baseline 0.001 -20"><span class='ocrx_word' id='word_1_28' title='bbox 572 654 667 710; x_wconf 91' lang='lat' dir='ltr'><strong>Ac</strong></span> <span class='ocrx_word' id='word_1_29' title='bbox 706 653 897 710; x_wconf 90' lang='lat' dir='ltr'><strong>Deum</strong></span> <span class='ocrx_word' id='word_1_30' title='bbox 935 649 1178 726; x_wconf 89' lang='lat' dir='ltr'><strong>quidem</strong></span> <span class='ocrx_word' id='word_1_31' title='bbox 1216 649 1626 711; x_wconf 84' lang='lat' dir='ltr'><strong>infundentem</strong></span> <span class='ocrx_word' id='word_1_32' title='bbox 1664 654 1867 712; x_wconf 89' lang='lat' dir='ltr'><strong>lumen</strong></span> <span class='ocrx_word' id='word_1_33' title='bbox 1904 651 2053 712; x_wconf 90' lang='lat' dir='ltr'><strong>illud</strong></span> <span class='ocrx_word' id='word_1_34' title='bbox 2091 649 2410 728; x_wconf 89' lang='lat' dir='ltr'><strong>superioris</strong></span> <span class='ocrx_word' id='word_1_35' title='bbox 2451 650 2733 711; x_wconf 76' lang='lat' dir='ltr'><strong>smentiae</strong></span> <span class='ocrx_word' id='word_1_36' title='bbox 2761 654 2856 712; x_wconf 86' lang='lat' dir='ltr'><strong>vel</strong></span> <span class='ocrx_word' id='word_1_37' title='bbox 2887 651 3220 730; x_wconf 76' lang='lat' dir='ltr'><strong>Sapientiae</strong></span> <span class='ocrx_word' id='word_1_38' title='bbox 3239 655 3318 714; x_wconf 89' lang='lat' dir='ltr'><strong>ad</strong></span> <span class='ocrx_word' id='word_1_39' title='bbox 3337 655 3492 715; x_wconf 88' lang='lat' dir='ltr'><strong>haec</strong></span> 
     </span>
     <span class='ocr_line' id='line_1_5' title="bbox 574 728 3494 822; baseline 0.002 -33"><span class='ocrx_word' id='word_1_40' title='bbox 574 729 893 822; x_wconf 86' lang='lat' dir='ltr'><strong>principia,</strong></span> <span class='ocrx_word' id='word_1_41' title='bbox 932 731 1095 790; x_wconf 89' lang='lat' dir='ltr'><strong>velut</strong></span> <span class='ocrx_word' id='word_1_42' title='bbox 1134 729 1489 792; x_wconf 71' lang='lat' dir='ltr'><strong>efficientem</strong></span> <span class='ocrx_word' id='word_1_43' title='bbox 1527 748 1769 792; x_wconf 89' lang='lat' dir='ltr'><strong>causam</strong></span> <span class='ocrx_word' id='word_1_44' title='bbox 1784 777 1801 812; x_wconf 89' lang='lat'><strong>,</strong></span> <span class='ocrx_word' id='word_1_45' title='bbox 1841 733 1961 792; x_wconf 91' lang='lat' dir='ltr'><strong>hoc</strong></span> <span class='ocrx_word' id='word_1_46' title='bbox 1999 734 2138 792; x_wconf 91' lang='lat' dir='ltr'><strong>loco</strong></span> <span class='ocrx_word' id='word_1_47' title='bbox 2179 728 2486 809; x_wconf 84' lang='lat' dir='ltr'><strong>ponimus:</strong></span> <span class='ocrx_word' id='word_1_48' title='bbox 2531 731 2690 806; x_wconf 86' lang='lat' dir='ltr'><strong>Quia</strong></span> <span class='ocrx_word' id='word_1_49' title='bbox 2727 734 2816 807; x_wconf 85' lang='lat' dir='ltr'><strong>(vt</strong></span> <span class='ocrx_word' id='word_1_50' title='bbox 2853 735 2991 792; x_wconf 79' lang='lat' dir='ltr'><strong>ante</strong></span> <span class='ocrx_word' id='word_1_51' title='bbox 3029 731 3397 811; x_wconf 86' lang='lat' dir='ltr'><strong>dicebamus)</strong></span> <span class='ocrx_word' id='word_1_52' title='bbox 3430 733 3494 794; x_wconf 90' lang='lat' dir='ltr'><strong>in</strong></span> 
     </span>
     <span class='ocr_line' id='line_1_6' title="bbox 576 809 3504 890; baseline 0.001 -20"><span class='ocrx_word' id='word_1_53' title='bbox 576 813 691 870; x_wconf 88' lang='lat' dir='ltr'><strong>hac</strong></span> <span class='ocrx_word' id='word_1_54' title='bbox 742 821 966 890; x_wconf 77' lang='lat' dir='ltr'><strong>gratiae</strong></span> <span class='ocrx_word' id='word_1_55' title='bbox 1003 809 1544 872; x_wconf 86' lang='lat' dir='ltr'><strong>communicatione</strong></span> <span class='ocrx_word' id='word_1_56' title='bbox 1583 829 1735 871; x_wconf 87' lang='lat' dir='ltr'><strong>vnus</strong></span> <span class='ocrx_word' id='word_1_57' title='bbox 1772 821 1861 873; x_wconf 89' lang='lat' dir='ltr'><strong>est</strong></span> <span class='ocrx_word' id='word_1_58' title='bbox 1903 812 2148 872; x_wconf 89' lang='lat' dir='ltr'><strong>demum</strong></span> <span class='ocrx_word' id='word_1_59' title='bbox 2187 809 2435 888; x_wconf 86' lang='lat' dir='ltr'><strong>Spiritus</strong></span> <span class='ocrx_word' id='word_1_60' title='bbox 2449 853 2468 888; x_wconf 94' lang='lat'><strong>,</strong></span> <span class='ocrx_word' id='word_1_61' title='bbox 2507 810 2610 888; x_wconf 88' lang='lat' dir='ltr'><strong>qui</strong></span> <span class='ocrx_word' id='word_1_62' title='bbox 2649 811 2852 872; x_wconf 88' lang='lat' dir='ltr'><strong>omnia</strong></span> <span class='ocrx_word' id='word_1_63' title='bbox 2889 821 3170 890; x_wconf 84' lang='lat' dir='ltr'><strong>operatur</strong></span> <span class='ocrx_word' id='word_1_64' title='bbox 3207 812 3270 874; x_wconf 88' lang='lat' dir='ltr'><strong>in</strong></span> <span class='ocrx_word' id='word_1_65' title='bbox 3309 814 3504 874; x_wconf 88' lang='lat' dir='ltr'><strong>omni·</strong></span> 
     </span>
     <span class='ocr_line' id='line_1_7' title="bbox 578 889 3501 970; baseline 0.001 -19"><span class='ocrx_word' id='word_1_66' title='bbox 578 893 691 951; x_wconf 90' lang='lat' dir='ltr'><strong>bus</strong></span> <span class='ocrx_word' id='word_1_67' title='bbox 743 901 923 970; x_wconf 89' lang='lat' dir='ltr'><strong>prout</strong></span> <span class='ocrx_word' id='word_1_68' title='bbox 970 893 1123 966; x_wconf 87' lang='lat' dir='ltr'><strong>vult,</strong></span> <span class='ocrx_word' id='word_1_69' title='bbox 1174 893 1495 969; x_wconf 75' lang='lat' dir='ltr'><strong>lumenque</strong></span> <span class='ocrx_word' id='word_1_70' title='bbox 1541 891 1857 970; x_wconf 90' lang='lat' dir='ltr'><strong>superioris</strong></span> <span class='ocrx_word' id='word_1_71' title='bbox 1895 890 2048 952; x_wconf 90' lang='lat' dir='ltr'><strong>illius</strong></span> <span class='ocrx_word' id='word_1_72' title='bbox 2090 892 2146 950; x_wconf 88' lang='lat'>&amp;</span> <span class='ocrx_word' id='word_1_73' title='bbox 2185 889 2456 951; x_wconf 88' lang='lat' dir='ltr'><strong>coelestis</strong></span> <span class='ocrx_word' id='word_1_74' title='bbox 2496 889 2806 970; x_wconf 79' lang='lat' dir='ltr'><strong>scientiae,</strong></span> <span class='ocrx_word' id='word_1_75' title='bbox 2845 890 3232 954; x_wconf 80' lang='lat' dir='ltr'><strong>illustratione</strong></span> <span class='ocrx_word' id='word_1_76' title='bbox 3271 892 3501 954; x_wconf 82' lang='lat' dir='ltr'><strong>virtutis</strong></span> 
     </span>
     <span class='ocr_line' id='line_1_8' title="bbox 581 969 3501 1052; baseline 0.001 -22"><span class='ocrx_word' id='word_1_77' title='bbox 581 989 755 1049; x_wconf 89' lang='lat' dir='ltr'><strong>suae,</strong></span> <span class='ocrx_word' id='word_1_78' title='bbox 812 969 1235 1031; x_wconf 85' lang='lat' dir='ltr'><strong>communicat.</strong></span> <span class='ocrx_word' id='word_1_79' title='bbox 1292 973 1449 1031; x_wconf 88' lang='lat' dir='ltr'><strong>Nam</strong></span> <span class='ocrx_word' id='word_1_80' title='bbox 1501 973 1639 1032; x_wconf 76' lang='lat' dir='ltr'><strong>cum</strong></span> <span class='ocrx_word' id='word_1_81' title='bbox 1680 989 1890 1032; x_wconf 88' lang='lat' dir='ltr'><strong>omnes</strong></span> <span class='ocrx_word' id='word_1_82' title='bbox 1929 970 2210 1032; x_wconf 88' lang='lat' dir='ltr'><strong>scientiae</strong></span> <span class='ocrx_word' id='word_1_83' title='bbox 2249 970 2334 1031; x_wconf 88' lang='lat' dir='ltr'><strong>ita</strong></span> <span class='ocrx_word' id='word_1_84' title='bbox 2372 981 2753 1047; x_wconf 88' lang='lat' dir='ltr'><strong>comparatae</strong></span> <span class='ocrx_word' id='word_1_85' title='bbox 2794 971 2940 1052; x_wconf 89' lang='lat' dir='ltr'><strong>sint,</strong></span> <span class='ocrx_word' id='word_1_86' title='bbox 2985 982 3050 1032; x_wconf 87' lang='lat' dir='ltr'><strong>vt</strong></span> <span class='ocrx_word' id='word_1_87' title='bbox 3087 974 3290 1034; x_wconf 89' lang='lat' dir='ltr'><strong>lumen</strong></span> <span class='ocrx_word' id='word_1_88' title='bbox 3329 991 3501 1034; x_wconf 90' lang='lat' dir='ltr'><strong>suum</strong></span> 
     </span>
     <span class='ocr_line' id='line_1_9' title="bbox 578 1048 3504 1133; baseline 0.002 -23"><span class='ocrx_word' id='word_1_89' title='bbox 578 1069 685 1129; x_wconf 90' lang='lat' dir='ltr'><strong>per</strong></span> <span class='ocrx_word' id='word_1_90' title='bbox 724 1070 787 1112; x_wconf 91' lang='lat' dir='ltr'><strong>se</strong></span> <span class='ocrx_word' id='word_1_91' title='bbox 827 1054 865 1110; x_wconf 77' lang='lat' dir='ltr'><strong>a</strong></span> <span class='ocrx_word' id='word_1_92' title='bbox 902 1060 1113 1110; x_wconf 89' lang='lat' dir='ltr'><strong>natura</strong></span> <span class='ocrx_word' id='word_1_93' title='bbox 1150 1051 1441 1129; x_wconf 90' lang='lat' dir='ltr'><strong>habeant,</strong></span> <span class='ocrx_word' id='word_1_94' title='bbox 1481 1062 1584 1112; x_wconf 86' lang='lat' dir='ltr'><strong>aut</strong></span> <span class='ocrx_word' id='word_1_95' title='bbox 1626 1069 1705 1112; x_wconf 86' lang='lat' dir='ltr'><strong>ex</strong></span> <span class='ocrx_word' id='word_1_96' title='bbox 1739 1051 1852 1111; x_wconf 89' lang='lat' dir='ltr'><strong>alia</strong></span> <span class='ocrx_word' id='word_1_97' title='bbox 1870 1049 2175 1130; x_wconf 87' lang='lat' dir='ltr'><strong>superiore</strong></span> <span class='ocrx_word' id='word_1_98' title='bbox 2193 1048 2438 1110; x_wconf 90' lang='lat' dir='ltr'><strong>scientia</strong></span> <span class='ocrx_word' id='word_1_99' title='bbox 2456 1060 2822 1132; x_wconf 82' lang='lat' dir='ltr'><strong>mutuentur3</strong></span> <span class='ocrx_word' id='word_1_100' title='bbox 2842 1053 2990 1112; x_wconf 88' lang='lat' dir='ltr'><strong>haec</strong></span> <span class='ocrx_word' id='word_1_101' title='bbox 3008 1061 3210 1112; x_wconf 87' lang='lat' dir='ltr'><strong>autem</strong></span> <span class='ocrx_word' id='word_1_102' title='bbox 3229 1052 3504 1133; x_wconf 86' lang='lat' dir='ltr'><strong>scientia,</strong></span> 
     </span>
     <span class='ocr_line' id='line_1_10' title="bbox 576 1128 3499 1214; baseline 0.001 -24"><span class='ocrx_word' id='word_1_103' title='bbox 576 1132 717 1192; x_wconf 90' lang='lat' dir='ltr'><strong>alias</strong></span> <span class='ocrx_word' id='word_1_104' title='bbox 758 1149 967 1191; x_wconf 90' lang='lat' dir='ltr'><strong>omnes</strong></span> <span class='ocrx_word' id='word_1_105' title='bbox 1008 1148 1161 1208; x_wconf 91' lang='lat' dir='ltr'><strong>quae</strong></span> <span class='ocrx_word' id='word_1_106' title='bbox 1200 1130 1495 1212; x_wconf 88' lang='lat' dir='ltr'><strong>sciuntur,</strong></span> <span class='ocrx_word' id='word_1_107' title='bbox 1537 1147 1811 1208; x_wconf 90' lang='lat' dir='ltr'><strong>quaeque</strong></span> <span class='ocrx_word' id='word_1_108' title='bbox 1846 1131 1984 1191; x_wconf 89' lang='lat' dir='ltr'><strong>sciri</strong></span> <span class='ocrx_word' id='word_1_109' title='bbox 2021 1140 2298 1209; x_wconf 82' lang='lat' dir='ltr'><strong>possunt,</strong></span> <span class='ocrx_word' id='word_1_110' title='bbox 2339 1128 2618 1190; x_wconf 86' lang='lat' dir='ltr'><strong>omnibus</strong></span> <span class='ocrx_word' id='word_1_111' title='bbox 2650 1129 2714 1191; x_wconf 87' lang='lat' dir='ltr'><strong>in</strong></span> <span class='ocrx_word' id='word_1_112' title='bbox 2740 1131 3003 1192; x_wconf 89' lang='lat' dir='ltr'><strong>numeris</strong></span> <span class='ocrx_word' id='word_1_113' title='bbox 3021 1143 3292 1214; x_wconf 81' lang='lat' dir='ltr'><strong>superet3</strong></span> <span class='ocrx_word' id='word_1_114' title='bbox 3312 1136 3499 1213; x_wconf 90' lang='lat' dir='ltr'><strong>Prop-</strong></span> 
     </span>
     <span class='ocr_line' id='line_1_11' title="bbox 578 1209 3492 1290; baseline 0.001 -19"><span class='ocrx_word' id='word_1_115' title='bbox 578 1223 741 1271; x_wconf 88' lang='lat' dir='ltr'><strong>terea</strong></span> <span class='ocrx_word' id='word_1_116' title='bbox 796 1209 1162 1289; x_wconf 89' lang='lat' dir='ltr'><strong>superiorem</strong></span> <span class='ocrx_word' id='word_1_117' title='bbox 1220 1211 1527 1271; x_wconf 90' lang='lat' dir='ltr'><strong>scientiam</strong></span> <span class='ocrx_word' id='word_1_118' title='bbox 1588 1214 1931 1289; x_wconf 79' lang='lat' dir='ltr'><strong>comparate</strong></span> <span class='ocrx_word' id='word_1_119' title='bbox 1991 1211 2182 1271; x_wconf 89' lang='lat' dir='ltr'><strong>visum</strong></span> <span class='ocrx_word' id='word_1_120' title='bbox 2233 1220 2324 1270; x_wconf 89' lang='lat' dir='ltr'><strong>est</strong></span> <span class='ocrx_word' id='word_1_121' title='bbox 2374 1211 2674 1287; x_wconf 87' lang='lat' dir='ltr'><strong>appellare</strong></span> <span class='ocrx_word' id='word_1_122' title='bbox 2687 1255 2706 1290; x_wconf 95' lang='lat'><strong>,</strong></span> <span class='ocrx_word' id='word_1_123' title='bbox 2745 1222 2810 1272; x_wconf 87' lang='lat' dir='ltr'><strong>vt</strong></span> <span class='ocrx_word' id='word_1_124' title='bbox 2849 1212 3298 1274; x_wconf 85' lang='lat' dir='ltr'><strong>ostenderemus</strong></span> <span class='ocrx_word' id='word_1_125' title='bbox 3335 1215 3492 1274; x_wconf 84' lang='lat' dir='ltr'><strong>hanc</strong></span> 
     </span>
     <span class='ocr_line' id='line_1_12' title="bbox 578 1289 3496 1385; baseline 0.001 -35"><span class='ocrx_word' id='word_1_126' title='bbox 578 1290 881 1352; x_wconf 85' lang='lat' dir='ltr'><strong>scientiam</strong></span> <span class='ocrx_word' id='word_1_127' title='bbox 940 1293 1255 1351; x_wconf 89' lang='lat' dir='ltr'><strong>caelestem</strong></span> <span class='ocrx_word' id='word_1_128' title='bbox 1304 1310 1459 1370; x_wconf 87' lang='lat' dir='ltr'><strong>esse,</strong></span> <span class='ocrx_word' id='word_1_129' title='bbox 1516 1291 1883 1369; x_wconf 89' lang='lat' dir='ltr'><strong>superiorem</strong></span> <span class='ocrx_word' id='word_1_130' title='bbox 1932 1289 2100 1352; x_wconf 89' lang='lat' dir='ltr'><strong>omni</strong></span> <span class='ocrx_word' id='word_1_131' title='bbox 2151 1301 2341 1351; x_wconf 90' lang='lat' dir='ltr'><strong>terrae</strong></span> <span class='ocrx_word' id='word_1_132' title='bbox 2388 1289 2560 1350; x_wconf 92' lang='lat' dir='ltr'><strong>huius</strong></span> <span class='ocrx_word' id='word_1_133' title='bbox 2597 1301 2701 1350; x_wconf 88' lang='lat' dir='ltr'><strong>aut</strong></span> <span class='ocrx_word' id='word_1_134' title='bbox 2748 1291 2956 1352; x_wconf 90' lang='lat' dir='ltr'><strong>mundi</strong></span> <span class='ocrx_word' id='word_1_135' title='bbox 2994 1291 3176 1352; x_wconf 88' lang='lat' dir='ltr'><strong>totius</strong></span> <span class='ocrx_word' id='word_1_136' title='bbox 3219 1291 3496 1385; x_wconf 60' lang='lat' dir='ltr'><strong>scientia,</strong></span> 
     </span>
     <span class='ocr_line' id='line_1_13' title="bbox 578 1367 3498 1450; baseline 0.001 -20"><span class='ocrx_word' id='word_1_137' title='bbox 578 1380 679 1430; x_wconf 89' lang='lat' dir='ltr'><strong>aut</strong></span> <span class='ocrx_word' id='word_1_138' title='bbox 735 1371 810 1448; x_wconf 91' lang='lat' dir='ltr'><strong>(si</strong></span> <span class='ocrx_word' id='word_1_139' title='bbox 861 1371 941 1432; x_wconf 85' lang='lat' dir='ltr'><strong>ita</strong></span> <span class='ocrx_word' id='word_1_140' title='bbox 994 1373 1212 1448; x_wconf 86' lang='lat' dir='ltr'><strong>placet)</strong></span> <span class='ocrx_word' id='word_1_141' title='bbox 1251 1388 1589 1448; x_wconf 88' lang='lat' dir='ltr'><strong>supremam</strong></span> <span class='ocrx_word' id='word_1_142' title='bbox 1629 1371 1928 1450; x_wconf 87' lang='lat' dir='ltr'><strong>omnium,</strong></span> <span class='ocrx_word' id='word_1_143' title='bbox 1967 1388 2121 1448; x_wconf 90' lang='lat' dir='ltr'><strong>quae</strong></span> <span class='ocrx_word' id='word_1_144' title='bbox 2160 1387 2424 1448; x_wconf 82' lang='lat' dir='ltr'><strong>vnquam</strong></span> <span class='ocrx_word' id='word_1_145' title='bbox 2460 1367 2598 1429; x_wconf 90' lang='lat' dir='ltr'><strong>sciri</strong></span> <span class='ocrx_word' id='word_1_146' title='bbox 2636 1372 2714 1431; x_wconf 88' lang='lat' dir='ltr'><strong>ab</strong></span> <span class='ocrx_word' id='word_1_147' title='bbox 2751 1371 2996 1432; x_wconf 88' lang='lat' dir='ltr'><strong>homine</strong></span> <span class='ocrx_word' id='word_1_148' title='bbox 3035 1375 3090 1432; x_wconf 74' lang='grc' dir='ltr'><strong>ὅτ</strong></span> <span class='ocrx_word' id='word_1_149' title='bbox 3129 1373 3498 1450; x_wconf 78' lang='lat' dir='ltr'><strong>apprehendi</strong></span> 
     </span>
     <span class='ocr_line' id='line_1_14' title="bbox 578 1447 3497 1529; baseline 0.001 -19"><span class='ocrx_word' id='word_1_150' title='bbox 578 1461 847 1528; x_wconf 87' lang='lat' dir='ltr'><strong>possunt.</strong></span> <span class='ocrx_word' id='word_1_151' title='bbox 910 1447 1109 1525; x_wconf 88' lang='lat' dir='ltr'><strong>Quid?</strong></span> <span class='ocrx_word' id='word_1_152' title='bbox 1163 1453 1329 1527; x_wconf 91' lang='lat' dir='ltr'><strong>quod</strong></span> <span class='ocrx_word' id='word_1_153' title='bbox 1382 1453 1494 1511; x_wconf 85' lang='lat' dir='ltr'><strong>hac</strong></span> <span class='ocrx_word' id='word_1_154' title='bbox 1548 1450 1677 1529; x_wconf 88' lang='lat' dir='ltr'><strong>ipsa</strong></span> <span class='ocrx_word' id='word_1_155' title='bbox 1714 1450 2109 1528; x_wconf 84' lang='lat' dir='ltr'><strong>appellatione</strong></span> <span class='ocrx_word' id='word_1_156' title='bbox 2147 1448 2558 1510; x_wconf 88' lang='lat' dir='ltr'><strong>admirabilem</strong></span> <span class='ocrx_word' id='word_1_157' title='bbox 2597 1449 2756 1510; x_wconf 89' lang='lat' dir='ltr'><strong>hanc</strong></span> <span class='ocrx_word' id='word_1_158' title='bbox 2793 1451 3098 1512; x_wconf 86' lang='lat' dir='ltr'><strong>scientiam</strong></span> <span class='ocrx_word' id='word_1_159' title='bbox 3137 1471 3262 1514; x_wconf 89' lang='lat' dir='ltr'><strong>non</strong></span> <span class='ocrx_word' id='word_1_160' title='bbox 3301 1455 3497 1514; x_wconf 79' lang='lat' dir='ltr'><strong>solum</strong></span> 
     </span>
     <span class='ocr_line' id='line_1_15' title="bbox 578 1529 3500 1621; baseline 0.001 -30"><span class='ocrx_word' id='word_1_161' title='bbox 578 1531 944 1610; x_wconf 89' lang='lat' dir='ltr'><strong>superiorem</strong></span> <span class='ocrx_word' id='word_1_162' title='bbox 995 1529 1123 1592; x_wconf 89' lang='lat' dir='ltr'><strong>aliis</strong></span> <span class='ocrx_word' id='word_1_163' title='bbox 1162 1529 1421 1590; x_wconf 89' lang='lat' dir='ltr'><strong>scientiis</strong></span> <span class='ocrx_word' id='word_1_164' title='bbox 1434 1575 1451 1610; x_wconf 96' lang='lat'><strong>,</strong></span> <span class='ocrx_word' id='word_1_165' title='bbox 1491 1532 1696 1591; x_wconf 77' lang='lat' dir='ltr'><strong>verum</strong></span> <span class='ocrx_word' id='word_1_166' title='bbox 1738 1531 1913 1592; x_wconf 88' lang='lat' dir='ltr'><strong>etiam</strong></span> <span class='ocrx_word' id='word_1_167' title='bbox 1956 1529 2130 1591; x_wconf 89' lang='lat' dir='ltr'><strong>nobis</strong></span> <span class='ocrx_word' id='word_1_168' title='bbox 2171 1529 2344 1621; x_wconf 81' lang='lat' dir='ltr'><strong>ipsis,</strong></span> <span class='ocrx_word' id='word_1_169' title='bbox 2383 1531 2440 1590; x_wconf 74' lang='grc' dir='ltr'><strong>δι</strong></span> <span class='ocrx_word' id='word_1_170' title='bbox 2479 1538 2688 1590; x_wconf 86' lang='lat' dir='ltr'><strong>natura</strong></span> <span class='ocrx_word' id='word_1_171' title='bbox 2727 1541 2963 1611; x_wconf 86' lang='lat' dir='ltr'><strong>nostra,</strong></span> <span class='ocrx_word' id='word_1_172' title='bbox 3005 1534 3062 1592; x_wconf 87' lang='lat'>&amp;</span> <span class='ocrx_word' id='word_1_173' title='bbox 3101 1531 3230 1610; x_wconf 90' lang='lat' dir='ltr'><strong>ipsa</strong></span> <span class='ocrx_word' id='word_1_174' title='bbox 3267 1533 3500 1593; x_wconf 83' lang='lat' dir='ltr'><strong>vniuer-</strong></span> 
     </span>
     <span class='ocr_line' id='line_1_16' title="bbox 580 1607 3500 1690; baseline 0.001 -19"><span class='ocrx_word' id='word_1_175' title='bbox 580 1611 749 1672; x_wconf 89' lang='lat' dir='ltr'><strong>sitate</strong></span> <span class='ocrx_word' id='word_1_176' title='bbox 791 1631 1018 1690; x_wconf 87' lang='lat' dir='ltr'><strong>rerum,</strong></span> <span class='ocrx_word' id='word_1_177' title='bbox 1060 1607 1503 1688; x_wconf 87' lang='lat' dir='ltr'><strong>praedicamus?</strong></span> <span class='ocrx_word' id='word_1_178' title='bbox 1540 1612 1631 1670; x_wconf 91' lang='lat' dir='ltr'><strong>Ita</strong></span> <span class='ocrx_word' id='word_1_179' title='bbox 1670 1611 1735 1670; x_wconf 88' lang='lat' dir='ltr'><strong>fit</strong></span> <span class='ocrx_word' id='word_1_180' title='bbox 1775 1623 1839 1672; x_wconf 86' lang='lat' dir='ltr'><strong>vt</strong></span> <span class='ocrx_word' id='word_1_181' title='bbox 1876 1627 2060 1688; x_wconf 89' lang='lat' dir='ltr'><strong>quam</strong></span> <span class='ocrx_word' id='word_1_182' title='bbox 2099 1608 2440 1688; x_wconf 77' lang='lat' dir='ltr'><strong>longissime</strong></span> <span class='ocrx_word' id='word_1_183' title='bbox 2476 1609 2722 1670; x_wconf 90' lang='lat' dir='ltr'><strong>abducti</strong></span> <span class='ocrx_word' id='word_1_184' title='bbox 2758 1611 2838 1671; x_wconf 90' lang='lat' dir='ltr'><strong>ab</strong></span> <span class='ocrx_word' id='word_1_185' title='bbox 2875 1613 3086 1672; x_wconf 85' lang='lat' dir='ltr'><strong>hamm</strong></span> <span class='ocrx_word' id='word_1_186' title='bbox 3120 1629 3318 1673; x_wconf 88' lang='lat' dir='ltr'><strong>rerum</strong></span> <span class='ocrx_word' id='word_1_187' title='bbox 3353 1632 3500 1674; x_wconf 88' lang='lat' dir='ltr'><strong>con-</strong></span> 
     </span>
     <span class='ocr_line' id='line_1_17' title="bbox 570 1689 3500 1772; baseline 0.001 -22"><span class='ocrx_word' id='word_1_188' title='bbox 570 1691 879 1752; x_wconf 87' lang='lat' dir='ltr'><strong>suetudine</strong></span> <span class='ocrx_word' id='word_1_189' title='bbox 920 1693 977 1750; x_wconf 73' lang='grc' dir='ltr'><strong>δι</strong></span> <span class='ocrx_word' id='word_1_190' title='bbox 1017 1689 1389 1769; x_wconf 81' lang='lat' dir='ltr'><strong>cognitione,</strong></span> <span class='ocrx_word' id='word_1_191' title='bbox 1430 1701 1965 1768; x_wconf 63' lang='lat' dir='ltr'><strong>praeta-curramus</strong></span> <span class='ocrx_word' id='word_1_192' title='bbox 2006 1689 2210 1750; x_wconf 86' lang='lat' dir='ltr'><strong>omnia</strong></span> <span class='ocrx_word' id='word_1_193' title='bbox 2245 1705 2398 1766; x_wconf 86' lang='lat' dir='ltr'><strong>quae</strong></span> <span class='ocrx_word' id='word_1_194' title='bbox 2440 1698 2576 1750; x_wconf 89' lang='lat' dir='ltr'><strong>sunt</strong></span> <span class='ocrx_word' id='word_1_195' title='bbox 2615 1689 2678 1749; x_wconf 92' lang='lat' dir='ltr'><strong>in</strong></span> <span class='ocrx_word' id='word_1_196' title='bbox 2717 1693 2897 1752; x_wconf 88' lang='lat' dir='ltr'><strong>rebus</strong></span> <span class='ocrx_word' id='word_1_197' title='bbox 2931 1691 3171 1772; x_wconf 87' lang='lat' dir='ltr'><strong>creatis,</strong></span> <span class='ocrx_word' id='word_1_198' title='bbox 3191 1695 3249 1752; x_wconf 73' lang='grc' dir='ltr'><strong>δι</strong></span> <span class='ocrx_word' id='word_1_199' title='bbox 3268 1709 3500 1754; x_wconf 88' lang='lat' dir='ltr'><strong>sursum</strong></span> 
     </span>
     <span class='ocr_line' id='line_1_18' title="bbox 570 1769 3500 1851; baseline 0.001 -21"><span class='ocrx_word' id='word_1_200' title='bbox 570 1773 648 1830; x_wconf 89' lang='lat' dir='ltr'><strong>ad</strong></span> <span class='ocrx_word' id='word_1_201' title='bbox 690 1773 891 1832; x_wconf 89' lang='lat' dir='ltr'><strong>lumen</strong></span> <span class='ocrx_word' id='word_1_202' title='bbox 931 1770 1077 1830; x_wconf 90' lang='lat' dir='ltr'><strong>illud</strong></span> <span class='ocrx_word' id='word_1_203' title='bbox 1118 1769 1561 1848; x_wconf 81' lang='lat' dir='ltr'><strong>inextinguibile</strong></span> <span class='ocrx_word' id='word_1_204' title='bbox 1576 1815 1593 1848; x_wconf 96' lang='lat'><strong>,</strong></span> <span class='ocrx_word' id='word_1_205' title='bbox 1630 1773 1927 1850; x_wconf 83' lang='lat' dir='ltr'><strong>null1sque</strong></span> <span class='ocrx_word' id='word_1_206' title='bbox 1967 1769 2392 1831; x_wconf 87' lang='lat' dir='ltr'><strong>mutationibus</strong></span> <span class='ocrx_word' id='word_1_207' title='bbox 2429 1779 2533 1830; x_wconf 91' lang='lat' dir='ltr'><strong>aut</strong></span> <span class='ocrx_word' id='word_1_208' title='bbox 2571 1771 2931 1832; x_wconf 82' lang='lat' dir='ltr'><strong>vmbraculis</strong></span> <span class='ocrx_word' id='word_1_209' title='bbox 2963 1772 3271 1851; x_wconf 85' lang='lat' dir='ltr'><strong>infestum,</strong></span> <span class='ocrx_word' id='word_1_210' title='bbox 3292 1773 3355 1833; x_wconf 91' lang='lat' dir='ltr'><strong>id</strong></span> <span class='ocrx_word' id='word_1_211' title='bbox 3375 1784 3467 1834; x_wconf 88' lang='lat' dir='ltr'><strong>est</strong></span> <span class='ocrx_word' id='word_1_212' title='bbox 3481 1819 3500 1851; x_wconf 91' lang='lat'><strong>,</strong></span> 
     </span>
     <span class='ocr_line' id='line_1_19' title="bbox 570 1849 3500 1932; baseline 0.001 -22"><span class='ocrx_word' id='word_1_213' title='bbox 570 1851 649 1910; x_wconf 86' lang='lat' dir='ltr'><strong>ad</strong></span> <span class='ocrx_word' id='word_1_214' title='bbox 688 1853 885 1910; x_wconf 88' lang='lat' dir='ltr'><strong>Deum</strong></span> <span class='ocrx_word' id='word_1_215' title='bbox 922 1850 1117 1927; x_wconf 88' lang='lat' dir='ltr'><strong>ipsum</strong></span> <span class='ocrx_word' id='word_1_216' title='bbox 1156 1851 1609 1911; x_wconf 90' lang='lat' dir='ltr'><strong>transuolemus.</strong></span> <span class='ocrx_word' id='word_1_217' title='bbox 1668 1851 1761 1910; x_wconf 88' lang='lat' dir='ltr'><strong>Ex</strong></span> <span class='ocrx_word' id='word_1_218' title='bbox 1800 1851 1919 1912; x_wconf 90' lang='lat' dir='ltr'><strong>hcc</strong></span> <span class='ocrx_word' id='word_1_219' title='bbox 1958 1851 2135 1930; x_wconf 87' lang='lat' dir='ltr'><strong>igitur</strong></span> <span class='ocrx_word' id='word_1_220' title='bbox 2172 1849 2427 1927; x_wconf 90' lang='lat' dir='ltr'><strong>lumine,</strong></span> <span class='ocrx_word' id='word_1_221' title='bbox 2468 1849 2636 1926; x_wconf 90' lang='lat' dir='ltr'><strong>quod</strong></span> <span class='ocrx_word' id='word_1_222' title='bbox 2676 1851 2955 1929; x_wconf 85' lang='lat' dir='ltr'><strong>singulari</strong></span> <span class='ocrx_word' id='word_1_223' title='bbox 2973 1853 3162 1932; x_wconf 87' lang='lat' dir='ltr'><strong>gratia</strong></span> <span class='ocrx_word' id='word_1_224' title='bbox 3183 1852 3500 1913; x_wconf 90' lang='lat' dir='ltr'><strong>nobiscum</strong></span> 
     </span>
     <span class='ocr_line' id='line_1_20' title="bbox 571 1928 3497 2009; baseline 0.001 -21"><span class='ocrx_word' id='word_1_225' title='bbox 571 1932 733 1990; x_wconf 87' lang='lat' dir='ltr'><strong>Deus</strong></span> <span class='ocrx_word' id='word_1_226' title='bbox 773 1929 1280 1989; x_wconf 87' lang='lat' dir='ltr'><strong>communicatum</strong></span> <span class='ocrx_word' id='word_1_227' title='bbox 1332 1929 1549 2008; x_wconf 87' lang='lat' dir='ltr'><strong>voluit,</strong></span> <span class='ocrx_word' id='word_1_228' title='bbox 1596 1929 1659 1990; x_wconf 92' lang='lat' dir='ltr'><strong>id</strong></span> <span class='ocrx_word' id='word_1_229' title='bbox 1697 1930 1875 1993; x_wconf 88' lang='lat' dir='ltr'><strong>nobis</strong></span> <span class='ocrx_word' id='word_1_230' title='bbox 1914 1930 2240 2009; x_wconf 88' lang='lat' dir='ltr'><strong>contingit,</strong></span> <span class='ocrx_word' id='word_1_231' title='bbox 2280 1939 2345 1989; x_wconf 88' lang='lat' dir='ltr'><strong>vt</strong></span> <span class='ocrx_word' id='word_1_232' title='bbox 2385 1928 2692 1991; x_wconf 86' lang='lat' dir='ltr'><strong>materiam</strong></span> <span class='ocrx_word' id='word_1_233' title='bbox 2735 1932 3196 2009; x_wconf 86' lang='lat' dir='ltr'><strong>supernaturalis</strong></span> <span class='ocrx_word' id='word_1_234' title='bbox 3235 1934 3497 1994; x_wconf 81' lang='lat' dir='ltr'><strong>Tbeolo-</strong></span> 
     </span>
     <span class='ocr_line' id='line_1_21' title="bbox 566 2009 3495 2092; baseline 0.002 -24"><span class='ocrx_word' id='word_1_235' title='bbox 566 2010 698 2088; x_wconf 83' lang='lat' dir='ltr'><strong>giae</strong></span> <span class='ocrx_word' id='word_1_236' title='bbox 737 2010 1317 2087; x_wconf 87' lang='lat' dir='ltr'><strong>comprehendamus</strong></span> <span class='ocrx_word' id='word_1_237' title='bbox 1331 2055 1350 2089; x_wconf 94' lang='lat'><strong>,</strong></span> <span class='ocrx_word' id='word_1_238' title='bbox 1390 2009 1667 2070; x_wconf 88' lang='lat' dir='ltr'><strong>nimirum</strong></span> <span class='ocrx_word' id='word_1_239' title='bbox 1707 2031 1804 2071; x_wconf 86' lang='lat' dir='ltr'><strong>res</strong></span> <span class='ocrx_word' id='word_1_240' title='bbox 1845 2013 2081 2071; x_wconf 80' lang='lat' dir='ltr'><strong>diuinas</strong></span> <span class='ocrx_word' id='word_1_241' title='bbox 2095 2054 2112 2089; x_wconf 92' lang='lat'><strong>,</strong></span> <span class='ocrx_word' id='word_1_242' title='bbox 2165 2011 2284 2070; x_wconf 92' lang='lat' dir='ltr'><strong>hoc</strong></span> <span class='ocrx_word' id='word_1_243' title='bbox 2337 2018 2458 2088; x_wconf 90' lang='lat' dir='ltr'><strong>est,</strong></span> <span class='ocrx_word' id='word_1_244' title='bbox 2495 2011 2695 2071; x_wconf 88' lang='lat' dir='ltr'><strong>Deum</strong></span> <span class='ocrx_word' id='word_1_245' title='bbox 2733 2011 2930 2088; x_wconf 87' lang='lat' dir='ltr'><strong>ipsum</strong></span> <span class='ocrx_word' id='word_1_246' title='bbox 2947 2056 2966 2092; x_wconf 96' lang='lat'><strong>,</strong></span> <span class='ocrx_word' id='word_1_247' title='bbox 3007 2015 3064 2073; x_wconf 85' lang='lat'>&amp;</span> <span class='ocrx_word' id='word_1_248' title='bbox 3105 2030 3495 2090; x_wconf 88' lang='lat' dir='ltr'><strong>quaecunque</strong></span> 
     </span>
     <span class='ocr_line' id='line_1_22' title="bbox 568 2088 3495 2169; baseline 0.001 -20"><span class='ocrx_word' id='word_1_249' title='bbox 568 2099 736 2168; x_wconf 90' lang='lat' dir='ltr'><strong>sunt,</strong></span> <span class='ocrx_word' id='word_1_250' title='bbox 798 2093 916 2166; x_wconf 72' lang='lat' dir='ltr'><strong>qua</strong></span> <span class='ocrx_word' id='word_1_251' title='bbox 968 2090 1047 2148; x_wconf 98' lang='lat' dir='ltr'><strong>ad</strong></span> <span class='ocrx_word' id='word_1_252' title='bbox 1101 2092 1301 2150; x_wconf 89' lang='lat' dir='ltr'><strong>Deum</strong></span> <span class='ocrx_word' id='word_1_253' title='bbox 1344 2089 1617 2150; x_wconf 91' lang='lat' dir='ltr'><strong>ordinata</strong></span> <span class='ocrx_word' id='word_1_254' title='bbox 1656 2103 1823 2152; x_wconf 85' lang='lat' dir='ltr'><strong>sunt:</strong></span> <span class='ocrx_word' id='word_1_255' title='bbox 1865 2091 2330 2169; x_wconf 77' lang='lat' dir='ltr'><strong>prehendamuS,</strong></span> <span class='ocrx_word' id='word_1_256' title='bbox 2371 2088 2647 2168; x_wconf 89' lang='lat' dir='ltr'><strong>inquam,</strong></span> <span class='ocrx_word' id='word_1_257' title='bbox 2688 2110 2798 2169; x_wconf 91' lang='lat' dir='ltr'><strong>pro</strong></span> <span class='ocrx_word' id='word_1_258' title='bbox 2839 2091 3162 2153; x_wconf 87' lang='lat' dir='ltr'><strong>iustissimo</strong></span> <span class='ocrx_word' id='word_1_259' title='bbox 3204 2092 3495 2154; x_wconf 87' lang='lat' dir='ltr'><strong>sanctissi-</strong></span> 
     </span>
     <span class='ocr_line' id='line_1_23' title="bbox 568 2167 3497 2251; baseline 0.002 -23"><span class='ocrx_word' id='word_1_260' title='bbox 568 2178 785 2246; x_wconf 81' lang='lat' dir='ltr'><strong>moque</strong></span> <span class='ocrx_word' id='word_1_261' title='bbox 826 2169 1097 2230; x_wconf 90' lang='lat' dir='ltr'><strong>subiecto</strong></span> <span class='ocrx_word' id='word_1_262' title='bbox 1138 2169 1310 2230; x_wconf 90' lang='lat' dir='ltr'><strong>huius</strong></span> <span class='ocrx_word' id='word_1_263' title='bbox 1350 2170 1669 2248; x_wconf 89' lang='lat' dir='ltr'><strong>sapientiae</strong></span> <span class='ocrx_word' id='word_1_264' title='bbox 1682 2215 1701 2249; x_wconf 94' lang='lat'><strong>,</strong></span> <span class='ocrx_word' id='word_1_265' title='bbox 1753 2174 1810 2233; x_wconf 74' lang='grc' dir='ltr'><strong>δι</strong></span> <span class='ocrx_word' id='word_1_266' title='bbox 1850 2171 2008 2232; x_wconf 90' lang='lat' dir='ltr'><strong>intus</strong></span> <span class='ocrx_word' id='word_1_267' title='bbox 2047 2167 2337 2249; x_wconf 86' lang='lat' dir='ltr'><strong>principia</strong></span> <span class='ocrx_word' id='word_1_268' title='bbox 2371 2168 2470 2229; x_wconf 88' lang='lat' dir='ltr'><strong>illa</strong></span> <span class='ocrx_word' id='word_1_269' title='bbox 2508 2170 2783 2232; x_wconf 84' lang='lat' dir='ltr'><strong>caelestia</strong></span> <span class='ocrx_word' id='word_1_270' title='bbox 2821 2190 2930 2249; x_wconf 90' lang='lat' dir='ltr'><strong>per</strong></span> <span class='ocrx_word' id='word_1_271' title='bbox 2967 2191 3032 2234; x_wconf 89' lang='lat' dir='ltr'><strong>se</strong></span> <span class='ocrx_word' id='word_1_272' title='bbox 3071 2182 3248 2251; x_wconf 89' lang='lat' dir='ltr'><strong>nota,</strong></span> <span class='ocrx_word' id='word_1_273' title='bbox 3280 2173 3497 2250; x_wconf 90' lang='lat' dir='ltr'><strong>quibus</strong></span> 
     </span>
     <span class='ocr_line' id='line_1_24' title="bbox 566 2249 3496 2329; baseline 0.001 -21"><span class='ocrx_word' id='word_1_274' title='bbox 566 2249 877 2309; x_wconf 88' lang='lat' dir='ltr'><strong>illustrauit</strong></span> <span class='ocrx_word' id='word_1_275' title='bbox 916 2268 1027 2310; x_wconf 91' lang='lat' dir='ltr'><strong>nos</strong></span> <span class='ocrx_word' id='word_1_276' title='bbox 1068 2249 1165 2309; x_wconf 72' lang='lat' dir='ltr'><strong>hic</strong></span> <span class='ocrx_word' id='word_1_277' title='bbox 1203 2252 1399 2329; x_wconf 89' lang='lat' dir='ltr'><strong>Deus,</strong></span> <span class='ocrx_word' id='word_1_278' title='bbox 1437 2269 1549 2328; x_wconf 92' lang='lat' dir='ltr'><strong>pro</strong></span> <span class='ocrx_word' id='word_1_279' title='bbox 1588 2251 1992 2313; x_wconf 87' lang='lat' dir='ltr'><strong>instrumentis</strong></span> <span class='ocrx_word' id='word_1_280' title='bbox 2031 2252 2360 2311; x_wconf 89' lang='lat' dir='ltr'><strong>habeamus</strong></span> <span class='ocrx_word' id='word_1_281' title='bbox 2377 2294 2393 2324; x_wconf 92' lang='lat'><strong>,</strong></span> <span class='ocrx_word' id='word_1_282' title='bbox 2433 2249 2512 2308; x_wconf 90' lang='lat' dir='ltr'><strong>ad</strong></span> <span class='ocrx_word' id='word_1_283' title='bbox 2542 2251 3141 2329; x_wconf 89' lang='lat' dir='ltr'><strong>comprehensionem</strong></span> <span class='ocrx_word' id='word_1_284' title='bbox 3161 2253 3496 2314; x_wconf 88' lang='lat' dir='ltr'><strong>diuinarum</strong></span> 
     </span>
     <span class='ocr_line' id='line_1_25' title="bbox 568 2329 3498 2412; baseline 0.002 -24"><span class='ocrx_word' id='word_1_285' title='bbox 568 2348 767 2390; x_wconf 87' lang='lat' dir='ltr'><strong>rerum</strong></span> <span class='ocrx_word' id='word_1_286' title='bbox 825 2329 1189 2391; x_wconf 87' lang='lat' dir='ltr'><strong>necessariis.</strong></span> <span class='ocrx_word' id='word_1_287' title='bbox 1246 2331 1412 2390; x_wconf 91' lang='lat' dir='ltr'><strong>Hinc</strong></span> <span class='ocrx_word' id='word_1_288' title='bbox 1471 2333 1667 2392; x_wconf 88' lang='lat' dir='ltr'><strong>forma</strong></span> <span class='ocrx_word' id='word_1_289' title='bbox 1726 2331 1993 2410; x_wconf 88' lang='lat' dir='ltr'><strong>sequitur</strong></span> <span class='ocrx_word' id='word_1_290' title='bbox 2051 2331 2224 2392; x_wconf 89' lang='lat' dir='ltr'><strong>huius</strong></span> <span class='ocrx_word' id='word_1_291' title='bbox 2283 2329 2683 2409; x_wconf 89' lang='lat' dir='ltr'><strong>Theologiae,</strong></span> <span class='ocrx_word' id='word_1_292' title='bbox 2739 2331 3096 2410; x_wconf 90' lang='lat' dir='ltr'><strong>diuinaeque</strong></span> <span class='ocrx_word' id='word_1_293' title='bbox 3133 2330 3498 2412; x_wconf 84' lang='lat' dir='ltr'><strong>Sapientiae,</strong></span> 
     </span>
     <span class='ocr_line' id='line_1_26' title="bbox 566 2408 3498 2493; baseline 0.001 -22"><span class='ocrx_word' id='word_1_294' title='bbox 566 2409 761 2488; x_wconf 89' lang='lat' dir='ltr'><strong>posita</strong></span> <span class='ocrx_word' id='word_1_295' title='bbox 798 2410 858 2471; x_wconf 89' lang='lat' dir='ltr'><strong>in</strong></span> <span class='ocrx_word' id='word_1_296' title='bbox 899 2421 1037 2471; x_wconf 90' lang='lat' dir='ltr'><strong>actu</strong></span> <span class='ocrx_word' id='word_1_297' title='bbox 1083 2411 1441 2489; x_wconf 88' lang='lat' dir='ltr'><strong>cognitionis</strong></span> <span class='ocrx_word' id='word_1_298' title='bbox 1485 2410 1639 2473; x_wconf 91' lang='lat' dir='ltr'><strong>illius</strong></span> <span class='ocrx_word' id='word_1_299' title='bbox 1678 2423 1944 2492; x_wconf 87' lang='lat' dir='ltr'><strong>nostrae,</strong></span> <span class='ocrx_word' id='word_1_300' title='bbox 1986 2427 2172 2490; x_wconf 88' lang='lat' dir='ltr'><strong>quum</strong></span> <span class='ocrx_word' id='word_1_301' title='bbox 2211 2408 2520 2472; x_wconf 87' lang='lat' dir='ltr'><strong>statuimus</strong></span> <span class='ocrx_word' id='word_1_302' title='bbox 2558 2412 2886 2488; x_wconf 87' lang='lat' dir='ltr'><strong>procedere</strong></span> <span class='ocrx_word' id='word_1_303' title='bbox 2925 2411 3320 2493; x_wconf 88' lang='lat' dir='ltr'><strong>Theologiam</strong></span> <span class='ocrx_word' id='word_1_304' title='bbox 3339 2415 3498 2475; x_wconf 88' lang='lat' dir='ltr'><strong>hanc</strong></span> 
     </span>
     <span class='ocr_line' id='line_1_27' title="bbox 568 2488 3500 2584; baseline 0.001 -33"><span class='ocrx_word' id='word_1_305' title='bbox 568 2493 1071 2569; x_wconf 85' lang='lat' dir='ltr'><strong>supernaturalem</strong></span> <span class='ocrx_word' id='word_1_306' title='bbox 1122 2492 1184 2552; x_wconf 87' lang='lat' dir='ltr'><strong>in</strong></span> <span class='ocrx_word' id='word_1_307' title='bbox 1238 2490 1581 2571; x_wconf 88' lang='lat' dir='ltr'><strong>cognitione</strong></span> <span class='ocrx_word' id='word_1_308' title='bbox 1620 2510 1818 2553; x_wconf 89' lang='lat' dir='ltr'><strong>rerum</strong></span> <span class='ocrx_word' id='word_1_309' title='bbox 1857 2492 2224 2584; x_wconf 82' lang='lat' dir='ltr'><strong>diuinarum,</strong></span> <span class='ocrx_word' id='word_1_310' title='bbox 2263 2509 2337 2551; x_wconf 89' lang='lat' dir='ltr'><strong>ex</strong></span> <span class='ocrx_word' id='word_1_311' title='bbox 2376 2488 2679 2568; x_wconf 87' lang='lat' dir='ltr'><strong>principiis</strong></span> <span class='ocrx_word' id='word_1_312' title='bbox 2720 2491 3005 2553; x_wconf 88' lang='lat' dir='ltr'><strong>diuinitus</strong></span> <span class='ocrx_word' id='word_1_313' title='bbox 3042 2494 3244 2555; x_wconf 90' lang='lat' dir='ltr'><strong>inditis</strong></span> <span class='ocrx_word' id='word_1_314' title='bbox 3259 2540 3277 2573; x_wconf 92' lang='lat'><strong>,</strong></span> <span class='ocrx_word' id='word_1_315' title='bbox 3317 2511 3500 2572; x_wconf 90' lang='lat' dir='ltr'><strong>supra</strong></span> 
     </span>
     <span class='ocr_line' id='line_1_28' title="bbox 569 2568 3500 2650; baseline 0.001 -19"><span class='ocrx_word' id='word_1_316' title='bbox 569 2572 861 2633; x_wconf 89' lang='lat' dir='ltr'><strong>humanae</strong></span> <span class='ocrx_word' id='word_1_317' title='bbox 904 2571 1148 2633; x_wconf 89' lang='lat' dir='ltr'><strong>rationis</strong></span> <span class='ocrx_word' id='word_1_318' title='bbox 1162 2617 1181 2650; x_wconf 92' lang='lat'><strong>,</strong></span> <span class='ocrx_word' id='word_1_319' title='bbox 1221 2574 1495 2650; x_wconf 81' lang='lat' dir='ltr'><strong>adeoque</strong></span> <span class='ocrx_word' id='word_1_320' title='bbox 1536 2573 1731 2634; x_wconf 88' lang='lat' dir='ltr'><strong>omnis</strong></span> <span class='ocrx_word' id='word_1_321' title='bbox 1770 2584 2004 2635; x_wconf 88' lang='lat' dir='ltr'><strong>creatae</strong></span> <span class='ocrx_word' id='word_1_322' title='bbox 2041 2568 2460 2649; x_wconf 67' lang='lat' dir='ltr'><strong>intelligentiae</strong></span> <span class='ocrx_word' id='word_1_323' title='bbox 2499 2571 2767 2633; x_wconf 88' lang='lat' dir='ltr'><strong>modum.</strong></span> <span class='ocrx_word' id='word_1_324' title='bbox 2828 2572 3153 2635; x_wconf 80' lang='lat' dir='ltr'><strong>Enimuero</strong></span> <span class='ocrx_word' id='word_1_325' title='bbox 3194 2573 3244 2635; x_wconf 89' lang='lat' dir='ltr'><strong>si</strong></span> <span class='ocrx_word' id='word_1_326' title='bbox 3282 2577 3320 2633; x_wconf 80' lang='lat' dir='ltr'><strong>a</strong></span> <span class='ocrx_word' id='word_1_327' title='bbox 3361 2576 3500 2635; x_wconf 89' lang='lat' dir='ltr'><strong>Deo</strong></span> 
     </span>
     <span class='ocr_line' id='line_1_29' title="bbox 562 2650 3497 2733; baseline 0.001 -22"><span class='ocrx_word' id='word_1_328' title='bbox 562 2654 768 2713; x_wconf 86' lang='lat' dir='ltr'><strong>lumen</strong></span> <span class='ocrx_word' id='word_1_329' title='bbox 808 2663 896 2713; x_wconf 88' lang='lat' dir='ltr'><strong>est</strong></span> <span class='ocrx_word' id='word_1_330' title='bbox 938 2651 1259 2731; x_wconf 89' lang='lat' dir='ltr'><strong>superioris</strong></span> <span class='ocrx_word' id='word_1_331' title='bbox 1299 2653 1610 2732; x_wconf 89' lang='lat' dir='ltr'><strong>scientiae,</strong></span> <span class='ocrx_word' id='word_1_332' title='bbox 1652 2652 1701 2713; x_wconf 88' lang='lat' dir='ltr'><strong>si</strong></span> <span class='ocrx_word' id='word_1_333' title='bbox 1742 2652 2033 2731; x_wconf 88' lang='lat' dir='ltr'><strong>principia</strong></span> <span class='ocrx_word' id='word_1_334' title='bbox 2069 2652 2224 2712; x_wconf 89' lang='lat' dir='ltr'><strong>illius</strong></span> <span class='ocrx_word' id='word_1_335' title='bbox 2260 2650 2527 2730; x_wconf 77' lang='lat' dir='ltr'><strong>luminiS,</strong></span> <span class='ocrx_word' id='word_1_336' title='bbox 2567 2651 2618 2711; x_wconf 88' lang='lat' dir='ltr'><strong>si</strong></span> <span class='ocrx_word' id='word_1_337' title='bbox 2651 2670 2994 2731; x_wconf 83' lang='lat' dir='ltr'><strong>progressus</strong></span> <span class='ocrx_word' id='word_1_338' title='bbox 3027 2653 3296 2733; x_wconf 81' lang='lat' dir='ltr'><strong>luminis3</strong></span> <span class='ocrx_word' id='word_1_339' title='bbox 3316 2653 3497 2715; x_wconf 87' lang='lat' dir='ltr'><strong>etiam</strong></span> 
     </span>
     <span class='ocr_line' id='line_1_30' title="bbox 563 2730 3499 2813; baseline 0.001 -22"><span class='ocrx_word' id='word_1_340' title='bbox 563 2751 945 2811; x_wconf 85' lang='lat' dir='ltr'><strong>progressum</strong></span> <span class='ocrx_word' id='word_1_341' title='bbox 986 2734 1082 2792; x_wconf 84' lang='lat' dir='ltr'><strong>vel</strong></span> <span class='ocrx_word' id='word_1_342' title='bbox 1121 2733 1565 2810; x_wconf 89' lang='lat' dir='ltr'><strong>processionem</strong></span> <span class='ocrx_word' id='word_1_343' title='bbox 1606 2744 1874 2794; x_wconf 90' lang='lat' dir='ltr'><strong>nostram</strong></span> <span class='ocrx_word' id='word_1_344' title='bbox 1915 2734 1977 2793; x_wconf 92' lang='lat' dir='ltr'><strong>in</strong></span> <span class='ocrx_word' id='word_1_345' title='bbox 2016 2730 2489 2811; x_wconf 87' lang='lat' dir='ltr'><strong>apprehensione</strong></span> <span class='ocrx_word' id='word_1_346' title='bbox 2527 2748 2726 2792; x_wconf 89' lang='lat' dir='ltr'><strong>rerum</strong></span> <span class='ocrx_word' id='word_1_347' title='bbox 2766 2731 3102 2793; x_wconf 90' lang='lat' dir='ltr'><strong>diuinarum</strong></span> <span class='ocrx_word' id='word_1_348' title='bbox 3141 2750 3319 2811; x_wconf 87' lang='lat' dir='ltr'><strong>supra</strong></span> <span class='ocrx_word' id='word_1_349' title='bbox 3359 2753 3499 2813; x_wconf 91' lang='lat' dir='ltr'><strong>cap-</strong></span> 
     </span>
     <span class='ocr_line' id='line_1_31' title="bbox 564 2812 2486 2892; baseline 0 -21"><span class='ocrx_word' id='word_1_350' title='bbox 564 2822 693 2871; x_wconf 90' lang='lat' dir='ltr'><strong>tum</strong></span> <span class='ocrx_word' id='word_1_351' title='bbox 732 2812 973 2873; x_wconf 86' lang='lat' dir='ltr'><strong>rationis</strong></span> <span class='ocrx_word' id='word_1_352' title='bbox 1013 2824 1285 2890; x_wconf 90' lang='lat' dir='ltr'><strong>nostrae,</strong></span> <span class='ocrx_word' id='word_1_353' title='bbox 1326 2823 1637 2892; x_wconf 88' lang='lat' dir='ltr'><strong>acceptum</strong></span> <span class='ocrx_word' id='word_1_354' title='bbox 1679 2814 1877 2875; x_wconf 90' lang='lat' dir='ltr'><strong>eidem</strong></span> <span class='ocrx_word' id='word_1_355' title='bbox 1916 2812 2058 2873; x_wconf 80' lang='lat' dir='ltr'><strong>ferri</strong></span> <span class='ocrx_word' id='word_1_356' title='bbox 2096 2830 2337 2873; x_wconf 88' lang='lat' dir='ltr'><strong>necesse</strong></span> <span class='ocrx_word' id='word_1_357' title='bbox 2379 2822 2486 2873; x_wconf 87' lang='lat' dir='ltr'><strong>est.</strong></span> 
     </span>
    </p>

    <p class='ocr_par' dir='ltr' id='par_1_3' title="bbox 564 2892 3510 4407">
     <span class='ocr_line' id='line_1_32' title="bbox 660 2892 3498 2972; baseline 0 -21"><span class='ocrx_word' id='word_1_358' title='bbox 660 2894 834 2955; x_wconf 80' lang='lat' dir='ltr'><strong>Thes.</strong></span> <span class='ocrx_word' id='word_1_359' title='bbox 878 2914 970 2953; x_wconf 84' lang='lat'><strong>22.</strong></span> <span class='ocrx_word' id='word_1_360' title='bbox 1030 2894 1240 2953; x_wconf 85' lang='lat' dir='ltr'><strong>Huius</strong></span> <span class='ocrx_word' id='word_1_361' title='bbox 1286 2894 1636 2969; x_wconf 81' lang='lat' dir='ltr'><strong>Theologiae</strong></span> <span class='ocrx_word' id='word_1_362' title='bbox 1672 2896 2148 2972; x_wconf 85' lang='lat' dir='ltr'><strong>supernaturalis</strong></span> <span class='ocrx_word' id='word_1_363' title='bbox 2186 2894 2402 2968; x_wconf 80' lang='lat' dir='ltr'><strong>duplex</strong></span> <span class='ocrx_word' id='word_1_364' title='bbox 2443 2898 2533 2950; x_wconf 85' lang='lat' dir='ltr'><strong>est</strong></span> <span class='ocrx_word' id='word_1_365' title='bbox 2565 2892 2724 2951; x_wconf 84' lang='lat' dir='ltr'><strong>ratio</strong></span> <span class='ocrx_word' id='word_1_366' title='bbox 2739 2910 2761 2951; x_wconf 90' lang='lat'><strong>.·</strong></span> <span class='ocrx_word' id='word_1_367' title='bbox 2797 2911 2935 2951; x_wconf 83' lang='lat' dir='ltr'><strong>nam</strong></span> <span class='ocrx_word' id='word_1_368' title='bbox 2968 2900 3080 2952; x_wconf 84' lang='lat' dir='ltr'><strong>aut</strong></span> <span class='ocrx_word' id='word_1_369' title='bbox 3091 2894 3363 2953; x_wconf 84' lang='lat' dir='ltr'><strong>absoluta</strong></span> <span class='ocrx_word' id='word_1_370' title='bbox 3383 2900 3498 2965; x_wconf 80' lang='lat' dir='ltr'><strong>est,</strong></span> 
     </span>
     <span class='ocr_line' id='line_1_33' title="bbox 568 2972 3510 3052; baseline 0.001 -22"><span class='ocrx_word' id='word_1_371' title='bbox 568 2974 645 3030; x_wconf 62' lang='grc' dir='ltr'><strong>ὃν*</strong></span> <span class='ocrx_word' id='word_1_372' title='bbox 684 2975 991 3034; x_wconf 81' lang='lat' dir='ltr'><strong>secundum</strong></span> <span class='ocrx_word' id='word_1_373' title='bbox 1030 2994 1091 3033; x_wconf 87' lang='lat' dir='ltr'><strong>se</strong></span> <span class='ocrx_word' id='word_1_374' title='bbox 1105 3018 1124 3052; x_wconf 94' lang='lat'><strong>,</strong></span> <span class='ocrx_word' id='word_1_375' title='bbox 1148 2982 1274 3051; x_wconf 82' lang='lat' dir='ltr'><strong>pro</strong></span> <span class='ocrx_word' id='word_1_376' title='bbox 1313 2976 1481 3033; x_wconf 81' lang='lat' dir='ltr'><strong>modo</strong></span> <span class='ocrx_word' id='word_1_377' title='bbox 1516 2977 2024 3045; x_wconf 40' lang='lat' dir='ltr'><strong>communicantem</strong></span> <span class='ocrx_word' id='word_1_378' title='bbox 2063 2981 2174 3033; x_wconf 85' lang='lat' dir='ltr'><strong>aut</strong></span> <span class='ocrx_word' id='word_1_379' title='bbox 2201 2972 2508 3033; x_wconf 81' lang='lat' dir='ltr'><strong>secundum</strong></span> <span class='ocrx_word' id='word_1_380' title='bbox 2549 2972 2722 3050; x_wconf 82' lang='lat' dir='ltr'><strong>quid,</strong></span> <span class='ocrx_word' id='word_1_381' title='bbox 2757 2979 2875 3048; x_wconf 84' lang='lat' dir='ltr'><strong>pro</strong></span> <span class='ocrx_word' id='word_1_382' title='bbox 2912 2973 3145 3032; x_wconf 81' lang='lat' dir='ltr'><strong>modulo</strong></span> <span class='ocrx_word' id='word_1_383' title='bbox 3165 2992 3396 3051; x_wconf 85' lang='lat' dir='ltr'><strong>eorum,</strong></span> <span class='ocrx_word' id='word_1_384' title='bbox 3419 2976 3510 3032; x_wconf 83' lang='lat' dir='ltr'><strong>ad</strong></span> 
     </span>
     <span class='ocr_line' id='line_1_34' title="bbox 568 3050 3502 3131; baseline 0.001 -21"><span class='ocrx_word' id='word_1_385' title='bbox 568 3071 711 3126; x_wconf 86' lang='lat' dir='ltr'><strong>quos</strong></span> <span class='ocrx_word' id='word_1_386' title='bbox 746 3056 1025 3129; x_wconf 81' lang='lat' dir='ltr'><strong>peruenit</strong></span> <span class='ocrx_word' id='word_1_387' title='bbox 1058 3055 1508 3114; x_wconf 84' lang='lat' dir='ltr'><strong>communicatio.</strong></span> <span class='ocrx_word' id='word_1_388' title='bbox 1574 3053 1761 3129; x_wconf 88' lang='lat' dir='ltr'><strong>Quod</strong></span> <span class='ocrx_word' id='word_1_389' title='bbox 1799 3054 2052 3115; x_wconf 90' lang='lat' dir='ltr'><strong>dicimus</strong></span> <span class='ocrx_word' id='word_1_390' title='bbox 2090 3053 2214 3113; x_wconf 89' lang='lat' dir='ltr'><strong>hoc</strong></span> <span class='ocrx_word' id='word_1_391' title='bbox 2251 3050 2437 3112; x_wconf 91' lang='lat' dir='ltr'><strong>modo</strong></span> <span class='ocrx_word' id='word_1_392' title='bbox 2477 3068 2542 3111; x_wconf 90' lang='lat' dir='ltr'><strong>se</strong></span> <span class='ocrx_word' id='word_1_393' title='bbox 2583 3052 2793 3129; x_wconf 90' lang='lat' dir='ltr'><strong>habet,</strong></span> <span class='ocrx_word' id='word_1_394' title='bbox 2833 3069 3224 3131; x_wconf 90' lang='lat' dir='ltr'><strong>quaecunque</strong></span> <span class='ocrx_word' id='word_1_395' title='bbox 3253 3051 3502 3113; x_wconf 84' lang='lat' dir='ltr'><strong>scientia</strong></span> 
     </span>
     <span class='ocr_line' id='line_1_35' title="bbox 568 3132 3504 3212; baseline 0.001 -24"><span class='ocrx_word' id='word_1_396' title='bbox 568 3140 670 3189; x_wconf 85' lang='lat' dir='ltr'><strong>aut</strong></span> <span class='ocrx_word' id='word_1_397' title='bbox 724 3132 1011 3211; x_wconf 89' lang='lat' dir='ltr'><strong>sapientia</strong></span> <span class='ocrx_word' id='word_1_398' title='bbox 1050 3134 1113 3194; x_wconf 87' lang='lat' dir='ltr'><strong>in</strong></span> <span class='ocrx_word' id='word_1_399' title='bbox 1152 3132 1563 3209; x_wconf 88' lang='lat' dir='ltr'><strong>quaestionem</strong></span> <span class='ocrx_word' id='word_1_400' title='bbox 1603 3133 1763 3193; x_wconf 90' lang='lat' dir='ltr'><strong>venit</strong></span> <span class='ocrx_word' id='word_1_401' title='bbox 1776 3179 1794 3212; x_wconf 90' lang='lat'><strong>,</strong></span> <span class='ocrx_word' id='word_1_402' title='bbox 1835 3154 1907 3195; x_wconf 90' lang='lat' dir='ltr'><strong>ea</strong></span> <span class='ocrx_word' id='word_1_403' title='bbox 1937 3132 2347 3195; x_wconf 89' lang='lat' dir='ltr'><strong>consideratur</strong></span> <span class='ocrx_word' id='word_1_404' title='bbox 2379 3139 2480 3191; x_wconf 90' lang='lat' dir='ltr'><strong>aut</strong></span> <span class='ocrx_word' id='word_1_405' title='bbox 2507 3141 2684 3207; x_wconf 90' lang='lat' dir='ltr'><strong>prout</strong></span> <span class='ocrx_word' id='word_1_406' title='bbox 2702 3142 2792 3191; x_wconf 87' lang='lat' dir='ltr'><strong>est</strong></span> <span class='ocrx_word' id='word_1_407' title='bbox 2811 3142 3020 3192; x_wconf 90' lang='lat' dir='ltr'><strong>natura</strong></span> <span class='ocrx_word' id='word_1_408' title='bbox 3041 3133 3098 3191; x_wconf 87' lang='lat'>&amp;</span> <span class='ocrx_word' id='word_1_409' title='bbox 3117 3151 3334 3211; x_wconf 87' lang='lat' dir='ltr'><strong>genere</strong></span> <span class='ocrx_word' id='word_1_410' title='bbox 3353 3150 3464 3192; x_wconf 89' lang='lat' dir='ltr'><strong>suo</strong></span> <span class='ocrx_word' id='word_1_411' title='bbox 3483 3180 3504 3211; x_wconf 93' lang='lat'><strong>,</strong></span> 
     </span>
     <span class='ocr_line' id='line_1_36' title="bbox 572 3209 3502 3291; baseline 0.001 -24"><span class='ocrx_word' id='word_1_412' title='bbox 572 3209 953 3288; x_wconf 73' lang='lat' dir='ltr'><strong>simpliciter-3</strong></span> <span class='ocrx_word' id='word_1_413' title='bbox 1006 3224 1109 3273; x_wconf 89' lang='lat' dir='ltr'><strong>aut</strong></span> <span class='ocrx_word' id='word_1_414' title='bbox 1152 3224 1330 3289; x_wconf 91' lang='lat' dir='ltr'><strong>prout</strong></span> <span class='ocrx_word' id='word_1_415' title='bbox 1382 3232 1505 3273; x_wconf 90' lang='lat' dir='ltr'><strong>non</strong></span> <span class='ocrx_word' id='word_1_416' title='bbox 1547 3222 1638 3272; x_wconf 92' lang='lat' dir='ltr'><strong>est</strong></span> <span class='ocrx_word' id='word_1_417' title='bbox 1673 3223 1885 3275; x_wconf 88' lang='lat' dir='ltr'><strong>natura</strong></span> <span class='ocrx_word' id='word_1_418' title='bbox 1932 3217 1989 3274; x_wconf 87' lang='lat'>&amp;</span> <span class='ocrx_word' id='word_1_419' title='bbox 2027 3232 2245 3291; x_wconf 89' lang='lat' dir='ltr'><strong>genere</strong></span> <span class='ocrx_word' id='word_1_420' title='bbox 2285 3227 2397 3272; x_wconf 89' lang='lat' dir='ltr'><strong>suo</strong></span> <span class='ocrx_word' id='word_1_421' title='bbox 2412 3256 2430 3289; x_wconf 89' lang='lat'><strong>,</strong></span> <span class='ocrx_word' id='word_1_422' title='bbox 2473 3210 2845 3291; x_wconf 87' lang='lat' dir='ltr'><strong>simpliciter,</strong></span> <span class='ocrx_word' id='word_1_423' title='bbox 2886 3222 2990 3272; x_wconf 90' lang='lat' dir='ltr'><strong>aut</strong></span> <span class='ocrx_word' id='word_1_424' title='bbox 3027 3223 3206 3291; x_wconf 93' lang='lat' dir='ltr'><strong>prout</strong></span> <span class='ocrx_word' id='word_1_425' title='bbox 3244 3232 3369 3273; x_wconf 90' lang='lat' dir='ltr'><strong>non</strong></span> <span class='ocrx_word' id='word_1_426' title='bbox 3409 3222 3502 3273; x_wconf 90' lang='lat' dir='ltr'><strong>est</strong></span> 
     </span>
     <span class='ocr_line' id='line_1_37' title="bbox 569 3289 3499 3371; baseline 0.002 -24"><span class='ocrx_word' id='word_1_427' title='bbox 569 3300 791 3349; x_wconf 86' lang='lat' dir='ltr'><strong>natura</strong></span> <span class='ocrx_word' id='word_1_428' title='bbox 828 3294 883 3351; x_wconf 72' lang='grc' dir='ltr'><strong>δι</strong></span> <span class='ocrx_word' id='word_1_429' title='bbox 921 3310 1167 3370; x_wconf 87' lang='lat' dir='ltr'><strong>genere,</strong></span> <span class='ocrx_word' id='word_1_430' title='bbox 1208 3292 1315 3352; x_wconf 88' lang='lat' dir='ltr'><strong>sed</strong></span> <span class='ocrx_word' id='word_1_431' title='bbox 1356 3292 1617 3369; x_wconf 89' lang='lat' dir='ltr'><strong>quodam</strong></span> <span class='ocrx_word' id='word_1_432' title='bbox 1662 3304 1949 3355; x_wconf 90' lang='lat' dir='ltr'><strong>concreto</strong></span> <span class='ocrx_word' id='word_1_433' title='bbox 1990 3294 2178 3354; x_wconf 90' lang='lat' dir='ltr'><strong>modo</strong></span> <span class='ocrx_word' id='word_1_434' title='bbox 2194 3338 2211 3371; x_wconf 94' lang='lat'><strong>,</strong></span> <span class='ocrx_word' id='word_1_435' title='bbox 2250 3289 2600 3369; x_wconf 84' lang='lat' dir='ltr'><strong>composite.</strong></span> <span class='ocrx_word' id='word_1_436' title='bbox 2639 3294 2705 3366; x_wconf 87' lang='lat' dir='ltr'><strong>(f.</strong></span> <span class='ocrx_word' id='word_1_437' title='bbox 2753 3296 2946 3369; x_wconf 85' lang='lat'><strong>1398.)</strong></span> <span class='ocrx_word' id='word_1_438' title='bbox 2985 3294 3058 3353; x_wconf 91' lang='lat' dir='ltr'><strong>Id</strong></span> <span class='ocrx_word' id='word_1_439' title='bbox 3099 3293 3265 3370; x_wconf 92' lang='lat' dir='ltr'><strong>quod</strong></span> <span class='ocrx_word' id='word_1_440' title='bbox 3285 3302 3376 3353; x_wconf 90' lang='lat' dir='ltr'><strong>est</strong></span> <span class='ocrx_word' id='word_1_441' title='bbox 3396 3312 3499 3352; x_wconf 89' lang='lat' dir='ltr'><strong>na-</strong></span> 
     </span>
     <span class='ocr_line' id='line_1_38' title="bbox 574 3370 3504 3452; baseline 0.002 -25"><span class='ocrx_word' id='word_1_442' title='bbox 574 3380 741 3443; x_wconf 86' lang='lat' dir='ltr'><strong>tura,</strong></span> <span class='ocrx_word' id='word_1_443' title='bbox 793 3370 849 3428; x_wconf 85' lang='lat'>&amp;</span> <span class='ocrx_word' id='word_1_444' title='bbox 908 3374 1074 3447; x_wconf 91' lang='lat' dir='ltr'><strong>quod</strong></span> <span class='ocrx_word' id='word_1_445' title='bbox 1119 3381 1208 3432; x_wconf 90' lang='lat' dir='ltr'><strong>est</strong></span> <span class='ocrx_word' id='word_1_446' title='bbox 1248 3371 1308 3431; x_wconf 89' lang='lat' dir='ltr'><strong>in</strong></span> <span class='ocrx_word' id='word_1_447' title='bbox 1349 3391 1599 3451; x_wconf 88' lang='lat' dir='ltr'><strong>genere,</strong></span> <span class='ocrx_word' id='word_1_448' title='bbox 1636 3374 2000 3434; x_wconf 88' lang='lat' dir='ltr'><strong>abstractum</strong></span> <span class='ocrx_word' id='word_1_449' title='bbox 2039 3374 2397 3452; x_wconf 88' lang='lat' dir='ltr'><strong>appellatur:</strong></span> <span class='ocrx_word' id='word_1_450' title='bbox 2439 3371 2605 3448; x_wconf 90' lang='lat' dir='ltr'><strong>quod</strong></span> <span class='ocrx_word' id='word_1_451' title='bbox 2645 3388 2846 3449; x_wconf 86' lang='lat' dir='ltr'><strong>secus,</strong></span> <span class='ocrx_word' id='word_1_452' title='bbox 2885 3382 3256 3433; x_wconf 90' lang='lat' dir='ltr'><strong>concretum.</strong></span> <span class='ocrx_word' id='word_1_453' title='bbox 3312 3372 3504 3432; x_wconf 88' lang='lat' dir='ltr'><strong>Verbi</strong></span> 
     </span>
     <span class='ocr_line' id='line_1_39' title="bbox 570 3448 3503 3531; baseline 0.001 -24"><span class='ocrx_word' id='word_1_454' title='bbox 570 3449 787 3526; x_wconf 85' lang='lat' dir='ltr'><strong>gratia:</strong></span> <span class='ocrx_word' id='word_1_455' title='bbox 826 3450 1053 3511; x_wconf 80' lang='lat' dir='ltr'><strong>Iustitia</strong></span> <span class='ocrx_word' id='word_1_456' title='bbox 1092 3470 1221 3512; x_wconf 87' lang='lat' dir='ltr'><strong>esse</strong></span> <span class='ocrx_word' id='word_1_457' title='bbox 1242 3460 1453 3511; x_wconf 90' lang='lat' dir='ltr'><strong>natura</strong></span> <span class='ocrx_word' id='word_1_458' title='bbox 1492 3450 1733 3511; x_wconf 86' lang='lat' dir='ltr'><strong>dicitur:</strong></span> <span class='ocrx_word' id='word_1_459' title='bbox 1775 3456 2031 3531; x_wconf 88' lang='lat' dir='ltr'><strong>Iustum,</strong></span> <span class='ocrx_word' id='word_1_460' title='bbox 2053 3453 2115 3513; x_wconf 90' lang='lat' dir='ltr'><strong>in</strong></span> <span class='ocrx_word' id='word_1_461' title='bbox 2135 3470 2258 3531; x_wconf 89' lang='lat' dir='ltr'><strong>quo</strong></span> <span class='ocrx_word' id='word_1_462' title='bbox 2279 3448 2497 3511; x_wconf 88' lang='lat' dir='ltr'><strong>iustitia</strong></span> <span class='ocrx_word' id='word_1_463' title='bbox 2515 3468 2655 3509; x_wconf 90' lang='lat' dir='ltr'><strong>cum</strong></span> <span class='ocrx_word' id='word_1_464' title='bbox 2677 3450 2947 3511; x_wconf 90' lang='lat' dir='ltr'><strong>subiecto</strong></span> <span class='ocrx_word' id='word_1_465' title='bbox 2975 3453 3209 3531; x_wconf 86' lang='lat' dir='ltr'><strong>haeret,</strong></span> <span class='ocrx_word' id='word_1_466' title='bbox 3228 3470 3350 3511; x_wconf 90' lang='lat' dir='ltr'><strong>non</strong></span> <span class='ocrx_word' id='word_1_467' title='bbox 3372 3470 3503 3513; x_wconf 90' lang='lat' dir='ltr'><strong>esse</strong></span> 
     </span>
     <span class='ocr_line' id='line_1_40' title="bbox 572 3528 3502 3611; baseline 0.002 -24"><span class='ocrx_word' id='word_1_468' title='bbox 572 3538 818 3589; x_wconf 85' lang='lat' dir='ltr'><strong>natura:</strong></span> <span class='ocrx_word' id='word_1_469' title='bbox 862 3528 1003 3606; x_wconf 86' lang='lat' dir='ltr'><strong>quia</strong></span> <span class='ocrx_word' id='word_1_470' title='bbox 1043 3550 1167 3591; x_wconf 90' lang='lat' dir='ltr'><strong>non</strong></span> <span class='ocrx_word' id='word_1_471' title='bbox 1209 3541 1301 3591; x_wconf 89' lang='lat' dir='ltr'><strong>est</strong></span> <span class='ocrx_word' id='word_1_472' title='bbox 1338 3549 1524 3591; x_wconf 83' lang='lat' dir='ltr'><strong>vnum</strong></span> <span class='ocrx_word' id='word_1_473' title='bbox 1564 3529 1709 3607; x_wconf 90' lang='lat' dir='ltr'><strong>quid</strong></span> <span class='ocrx_word' id='word_1_474' title='bbox 1748 3532 1990 3611; x_wconf 80' lang='lat' dir='ltr'><strong>proprie</strong></span> <span class='ocrx_word' id='word_1_475' title='bbox 2027 3536 2086 3593; x_wconf 76' lang='grc' dir='ltr'><strong>δι</strong></span> <span class='ocrx_word' id='word_1_476' title='bbox 2123 3552 2232 3610; x_wconf 90' lang='lat' dir='ltr'><strong>per</strong></span> <span class='ocrx_word' id='word_1_477' title='bbox 2269 3550 2354 3592; x_wconf 88' lang='lat' dir='ltr'><strong>se.</strong></span> <span class='ocrx_word' id='word_1_478' title='bbox 2410 3531 2608 3591; x_wconf 90' lang='lat' dir='ltr'><strong>Omne</strong></span> <span class='ocrx_word' id='word_1_479' title='bbox 2645 3541 2844 3592; x_wconf 88' lang='lat' dir='ltr'><strong>autem</strong></span> <span class='ocrx_word' id='word_1_480' title='bbox 2885 3532 3052 3609; x_wconf 90' lang='lat' dir='ltr'><strong>quod</strong></span> <span class='ocrx_word' id='word_1_481' title='bbox 3089 3543 3210 3611; x_wconf 89' lang='lat' dir='ltr'><strong>est,</strong></span> <span class='ocrx_word' id='word_1_482' title='bbox 3251 3551 3326 3593; x_wconf 91' lang='lat' dir='ltr'><strong>eo</strong></span> <span class='ocrx_word' id='word_1_483' title='bbox 3367 3531 3502 3609; x_wconf 87' lang='lat' dir='ltr'><strong>ipso</strong></span> 
     </span>
     <span class='ocr_line' id='line_1_41' title="bbox 571 3610 3503 3691; baseline 0.002 -24"><span class='ocrx_word' id='word_1_484' title='bbox 571 3610 735 3684; x_wconf 87' lang='lat' dir='ltr'><strong>quod</strong></span> <span class='ocrx_word' id='word_1_485' title='bbox 782 3620 903 3689; x_wconf 88' lang='lat' dir='ltr'><strong>est,</strong></span> <span class='ocrx_word' id='word_1_486' title='bbox 946 3628 1128 3669; x_wconf 90' lang='lat' dir='ltr'><strong>vnum</strong></span> <span class='ocrx_word' id='word_1_487' title='bbox 1171 3620 1279 3671; x_wconf 90' lang='lat' dir='ltr'><strong>est.</strong></span> <span class='ocrx_word' id='word_1_488' title='bbox 1318 3611 1390 3671; x_wconf 94' lang='lat' dir='ltr'><strong>Id</strong></span> <span class='ocrx_word' id='word_1_489' title='bbox 1430 3620 1630 3671; x_wconf 90' lang='lat' dir='ltr'><strong>autem</strong></span> <span class='ocrx_word' id='word_1_490' title='bbox 1670 3612 1837 3687; x_wconf 91' lang='lat' dir='ltr'><strong>quod</strong></span> <span class='ocrx_word' id='word_1_491' title='bbox 1876 3624 1966 3673; x_wconf 89' lang='lat' dir='ltr'><strong>est</strong></span> <span class='ocrx_word' id='word_1_492' title='bbox 2003 3623 2246 3691; x_wconf 89' lang='lat' dir='ltr'><strong>natura,</strong></span> <span class='ocrx_word' id='word_1_493' title='bbox 2267 3614 2323 3672; x_wconf 88' lang='lat'>&amp;</span> <span class='ocrx_word' id='word_1_494' title='bbox 2343 3610 2404 3669; x_wconf 89' lang='lat' dir='ltr'><strong>in</strong></span> <span class='ocrx_word' id='word_1_495' title='bbox 2423 3628 2668 3689; x_wconf 88' lang='lat' dir='ltr'><strong>genere,</strong></span> <span class='ocrx_word' id='word_1_496' title='bbox 2689 3611 3079 3687; x_wconf 86' lang='lat' dir='ltr'><strong>praestantius</strong></span> <span class='ocrx_word' id='word_1_497' title='bbox 3097 3622 3186 3673; x_wconf 62' lang='lat' dir='ltr'><strong>est</strong></span> <span class='ocrx_word' id='word_1_498' title='bbox 3205 3630 3281 3672; x_wconf 91' lang='lat' dir='ltr'><strong>eo</strong></span> <span class='ocrx_word' id='word_1_499' title='bbox 3298 3656 3317 3690; x_wconf 95' lang='lat'><strong>,</strong></span> <span class='ocrx_word' id='word_1_500' title='bbox 3335 3613 3503 3688; x_wconf 91' lang='lat' dir='ltr'><strong>quod</strong></span> 
     </span>
     <span class='ocr_line' id='line_1_42' title="bbox 574 3688 3506 3771; baseline 0.002 -25"><span class='ocrx_word' id='word_1_501' title='bbox 574 3700 925 3749; x_wconf 89' lang='lat' dir='ltr'><strong>concretum</strong></span> <span class='ocrx_word' id='word_1_502' title='bbox 965 3702 1087 3751; x_wconf 83' lang='lat' dir='ltr'><strong>est:</strong></span> <span class='ocrx_word' id='word_1_503' title='bbox 1131 3688 1271 3767; x_wconf 88' lang='lat' dir='ltr'><strong>quia</strong></span> <span class='ocrx_word' id='word_1_504' title='bbox 1302 3700 1513 3749; x_wconf 83' lang='lat' dir='ltr'><strong>natura</strong></span> <span class='ocrx_word' id='word_1_505' title='bbox 1543 3700 1710 3763; x_wconf 82' lang='lat' dir='ltr'><strong>sunt,</strong></span> <span class='ocrx_word' id='word_1_506' title='bbox 1752 3693 1807 3751; x_wconf 74' lang='grc' dir='ltr'><strong>δε</strong></span> <span class='ocrx_word' id='word_1_507' title='bbox 1847 3691 1909 3751; x_wconf 92' lang='lat' dir='ltr'><strong>in</strong></span> <span class='ocrx_word' id='word_1_508' title='bbox 1947 3711 2166 3771; x_wconf 89' lang='lat' dir='ltr'><strong>genere</strong></span> <span class='ocrx_word' id='word_1_509' title='bbox 2203 3701 2341 3753; x_wconf 89' lang='lat' dir='ltr'><strong>sunt</strong></span> <span class='ocrx_word' id='word_1_510' title='bbox 2382 3707 2794 3767; x_wconf 88' lang='lat' dir='ltr'><strong>quaecumque</strong></span> <span class='ocrx_word' id='word_1_511' title='bbox 2829 3708 2980 3767; x_wconf 90' lang='lat' dir='ltr'><strong>pura</strong></span> <span class='ocrx_word' id='word_1_512' title='bbox 3016 3696 3072 3752; x_wconf 87' lang='lat'>&amp;</span> <span class='ocrx_word' id='word_1_513' title='bbox 3103 3693 3376 3751; x_wconf 87' lang='lat' dir='ltr'><strong>absoluta</strong></span> <span class='ocrx_word' id='word_1_514' title='bbox 3396 3709 3506 3751; x_wconf 90' lang='lat' dir='ltr'><strong>sua</strong></span> 
     </span>
     <span class='ocr_line' id='line_1_43' title="bbox 572 3769 3504 3849; baseline 0.002 -23"><span class='ocrx_word' id='word_1_515' title='bbox 572 3778 783 3829; x_wconf 84' lang='lat' dir='ltr'><strong>natura</strong></span> <span class='ocrx_word' id='word_1_516' title='bbox 821 3780 1130 3848; x_wconf 88' lang='lat' dir='ltr'><strong>constant,</strong></span> <span class='ocrx_word' id='word_1_517' title='bbox 1172 3788 1289 3829; x_wconf 90' lang='lat' dir='ltr'><strong>nee</strong></span> <span class='ocrx_word' id='word_1_518' title='bbox 1328 3769 1649 3847; x_wconf 89' lang='lat' dir='ltr'><strong>quicquam</strong></span> <span class='ocrx_word' id='word_1_519' title='bbox 1682 3771 1907 3832; x_wconf 87' lang='lat' dir='ltr'><strong>habent</strong></span> <span class='ocrx_word' id='word_1_520' title='bbox 1928 3772 2318 3833; x_wconf 88' lang='lat' dir='ltr'><strong>commixtum</strong></span> <span class='ocrx_word' id='word_1_521' title='bbox 2338 3770 2394 3829; x_wconf 73' lang='grc' dir='ltr'><strong>δι</strong></span> <span class='ocrx_word' id='word_1_522' title='bbox 2415 3780 2794 3849; x_wconf 90' lang='lat' dir='ltr'><strong>concretum,</strong></span> <span class='ocrx_word' id='word_1_523' title='bbox 2813 3770 3012 3849; x_wconf 86' lang='lat' dir='ltr'><strong>dispar</strong></span> <span class='ocrx_word' id='word_1_524' title='bbox 3032 3771 3122 3832; x_wconf 90' lang='lat' dir='ltr'><strong>sui</strong></span> <span class='ocrx_word' id='word_1_525' title='bbox 3140 3782 3319 3847; x_wconf 89' lang='lat' dir='ltr'><strong>atque</strong></span> <span class='ocrx_word' id='word_1_526' title='bbox 3337 3770 3504 3831; x_wconf 87' lang='lat' dir='ltr'><strong>dissi-</strong></span> 
     </span>
     <span class='ocr_line' id='line_1_44' title="bbox 570 3847 3507 3928; baseline 0.002 -23"><span class='ocrx_word' id='word_1_527' title='bbox 570 3847 729 3907; x_wconf 89' lang='lat' dir='ltr'><strong>mile.</strong></span> <span class='ocrx_word' id='word_1_528' title='bbox 772 3850 999 3911; x_wconf 85' lang='lat' dir='ltr'><strong>Iustitia</strong></span> <span class='ocrx_word' id='word_1_529' title='bbox 1038 3850 1198 3910; x_wconf 90' lang='lat' dir='ltr'><strong>enim</strong></span> <span class='ocrx_word' id='word_1_530' title='bbox 1227 3868 1459 3926; x_wconf 88' lang='lat' dir='ltr'><strong>semper</strong></span> <span class='ocrx_word' id='word_1_531' title='bbox 1488 3858 1577 3910; x_wconf 89' lang='lat' dir='ltr'><strong>est</strong></span> <span class='ocrx_word' id='word_1_532' title='bbox 1596 3868 1713 3909; x_wconf 89' lang='lat' dir='ltr'><strong>vna</strong></span> <span class='ocrx_word' id='word_1_533' title='bbox 1728 3853 1785 3911; x_wconf 85' lang='lat'>&amp;</span> <span class='ocrx_word' id='word_1_534' title='bbox 1806 3853 2018 3912; x_wconf 88' lang='lat' dir='ltr'><strong>eadem</strong></span> <span class='ocrx_word' id='word_1_535' title='bbox 2033 3851 2134 3927; x_wconf 87' lang='lat' dir='ltr'><strong>,in</strong></span> <span class='ocrx_word' id='word_1_536' title='bbox 2153 3851 2328 3912; x_wconf 91' lang='lat' dir='ltr'><strong>nullis</strong></span> <span class='ocrx_word' id='word_1_537' title='bbox 2348 3850 2618 3927; x_wconf 85' lang='lat' dir='ltr'><strong>personis</strong></span> <span class='ocrx_word' id='word_1_538' title='bbox 2631 3894 2650 3927; x_wconf 94' lang='lat'><strong>,</strong></span> <span class='ocrx_word' id='word_1_539' title='bbox 2669 3850 3066 3928; x_wconf 88' lang='lat' dir='ltr'><strong>temporibus,</strong></span> <span class='ocrx_word' id='word_1_540' title='bbox 3079 3850 3229 3911; x_wconf 89' lang='lat' dir='ltr'><strong>locis</strong></span> <span class='ocrx_word' id='word_1_541' title='bbox 3255 3851 3507 3912; x_wconf 84' lang='lat' dir='ltr'><strong>mutabi-</strong></span> 
     </span>
     <span class='ocr_line' id='line_1_45' title="bbox 572 3926 3505 4009; baseline 0.002 -24"><span class='ocrx_word' id='word_1_542' title='bbox 572 3926 671 3987; x_wconf 88' lang='lat' dir='ltr'><strong>lis:</strong></span> <span class='ocrx_word' id='word_1_543' title='bbox 708 3930 902 3991; x_wconf 88' lang='lat' dir='ltr'><strong>Iustus</strong></span> <span class='ocrx_word' id='word_1_544' title='bbox 930 3930 1273 3991; x_wconf 88' lang='lat' dir='ltr'><strong>mutabilem</strong></span> <span class='ocrx_word' id='word_1_545' title='bbox 1289 3930 1471 3990; x_wconf 88' lang='lat' dir='ltr'><strong>habet</strong></span> <span class='ocrx_word' id='word_1_546' title='bbox 1490 3940 1763 3990; x_wconf 88' lang='lat' dir='ltr'><strong>naturam</strong></span> <span class='ocrx_word' id='word_1_547' title='bbox 1780 3976 1797 4009; x_wconf 90' lang='lat'><strong>,</strong></span> <span class='ocrx_word' id='word_1_548' title='bbox 1818 3930 2324 4008; x_wconf 76' lang='lat' dir='ltr'><strong>mutationemque</strong></span> <span class='ocrx_word' id='word_1_549' title='bbox 2344 3929 2616 4009; x_wconf 88' lang='lat' dir='ltr'><strong>suscipit,</strong></span> <span class='ocrx_word' id='word_1_550' title='bbox 2635 3928 2802 3989; x_wconf 91' lang='lat' dir='ltr'><strong>cuius</strong></span> <span class='ocrx_word' id='word_1_551' title='bbox 2820 3941 2911 3990; x_wconf 89' lang='lat' dir='ltr'><strong>est</strong></span> <span class='ocrx_word' id='word_1_552' title='bbox 2928 3929 3144 3992; x_wconf 88' lang='lat' dir='ltr'><strong>iustitia</strong></span> <span class='ocrx_word' id='word_1_553' title='bbox 3162 3950 3394 4008; x_wconf 83' lang='lat' dir='ltr'><strong>expers.</strong></span> <span class='ocrx_word' id='word_1_554' title='bbox 3431 3934 3505 3991; x_wconf 91' lang='lat' dir='ltr'><strong>In</strong></span> 
     </span>
     <span class='ocr_line' id='line_1_46' title="bbox 566 4007 3499 4089; baseline 0.002 -24"><span class='ocrx_word' id='word_1_555' title='bbox 566 4007 727 4066; x_wconf 89' lang='lat' dir='ltr'><strong>hunc</strong></span> <span class='ocrx_word' id='word_1_556' title='bbox 771 4010 1016 4071; x_wconf 88' lang='lat' dir='ltr'><strong>modum</strong></span> <span class='ocrx_word' id='word_1_557' title='bbox 1058 4012 1135 4071; x_wconf 89' lang='lat' dir='ltr'><strong>de</strong></span> <span class='ocrx_word' id='word_1_558' title='bbox 1175 4009 1507 4089; x_wconf 88' lang='lat' dir='ltr'><strong>Theologia</strong></span> <span class='ocrx_word' id='word_1_559' title='bbox 1538 4008 1801 4071; x_wconf 89' lang='lat' dir='ltr'><strong>dicturos</strong></span> <span class='ocrx_word' id='word_1_560' title='bbox 1823 4029 1975 4089; x_wconf 91' lang='lat' dir='ltr'><strong>opus</strong></span> <span class='ocrx_word' id='word_1_561' title='bbox 1995 4021 2082 4071; x_wconf 91' lang='lat' dir='ltr'><strong>est</strong></span> <span class='ocrx_word' id='word_1_562' title='bbox 2101 4008 2580 4088; x_wconf 88' lang='lat' dir='ltr'><strong>circumspicere,</strong></span> <span class='ocrx_word' id='word_1_563' title='bbox 2599 4028 2678 4069; x_wconf 90' lang='lat' dir='ltr'><strong>ne</strong></span> <span class='ocrx_word' id='word_1_564' title='bbox 2697 4012 2890 4070; x_wconf 87' lang='lat' dir='ltr'><strong>forma</strong></span> <span class='ocrx_word' id='word_1_565' title='bbox 2909 4010 3276 4089; x_wconf 90' lang='lat' dir='ltr'><strong>Theologiae</strong></span> <span class='ocrx_word' id='word_1_566' title='bbox 3294 4029 3499 4071; x_wconf 90' lang='lat' dir='ltr'><strong>secun-</strong></span> 
     </span>
     <span class='ocr_line' id='line_1_47' title="bbox 567 4086 3505 4169; baseline 0.002 -25"><span class='ocrx_word' id='word_1_567' title='bbox 567 4086 711 4145; x_wconf 76' lang='lat' dir='ltr'><strong>dum</strong></span> <span class='ocrx_word' id='word_1_568' title='bbox 754 4100 1027 4150; x_wconf 85' lang='lat' dir='ltr'><strong>naturam</strong></span> <span class='ocrx_word' id='word_1_569' title='bbox 1067 4091 1122 4150; x_wconf 75' lang='grc' dir='ltr'><strong>δι</strong></span> <span class='ocrx_word' id='word_1_570' title='bbox 1164 4108 1349 4169; x_wconf 87' lang='lat' dir='ltr'><strong>genus</strong></span> <span class='ocrx_word' id='word_1_571' title='bbox 1387 4089 1567 4169; x_wconf 91' lang='lat' dir='ltr'><strong>ipsius</strong></span> <span class='ocrx_word' id='word_1_572' title='bbox 1581 4134 1600 4167; x_wconf 90' lang='lat'><strong>,</strong></span> <span class='ocrx_word' id='word_1_573' title='bbox 1633 4101 1812 4167; x_wconf 91' lang='lat' dir='ltr'><strong>prout</strong></span> <span class='ocrx_word' id='word_1_574' title='bbox 1844 4103 1935 4150; x_wconf 92' lang='lat' dir='ltr'><strong>est</strong></span> <span class='ocrx_word' id='word_1_575' title='bbox 1968 4089 2342 4169; x_wconf 82' lang='lat' dir='ltr'><strong>integerrima</strong></span> <span class='ocrx_word' id='word_1_576' title='bbox 2359 4091 2418 4147; x_wconf 72' lang='grc' dir='ltr'><strong>δι</strong></span> <span class='ocrx_word' id='word_1_577' title='bbox 2437 4088 2912 4167; x_wconf 84' lang='lat' dir='ltr'><strong>corruptissima,</strong></span> <span class='ocrx_word' id='word_1_578' title='bbox 2931 4089 3300 4151; x_wconf 87' lang='lat' dir='ltr'><strong>admixtione</strong></span> <span class='ocrx_word' id='word_1_579' title='bbox 3329 4090 3505 4151; x_wconf 86' lang='lat' dir='ltr'><strong>vllius</strong></span> 
     </span>
     <span class='ocr_line' id='line_1_48' title="bbox 570 4164 3510 4249; baseline 0.003 -26"><span class='ocrx_word' id='word_1_580' title='bbox 570 4164 654 4224; x_wconf 92' lang='lat' dir='ltr'><strong>rei</strong></span> <span class='ocrx_word' id='word_1_581' title='bbox 696 4180 1019 4228; x_wconf 83' lang='lat' dir='ltr'><strong>concretae</strong></span> <span class='ocrx_word' id='word_1_582' title='bbox 1058 4172 1427 4231; x_wconf 84' lang='lat' dir='ltr'><strong>deformetur</strong></span> <span class='ocrx_word' id='word_1_583' title='bbox 1473 4171 1982 4249; x_wconf 77' lang='lat' dir='ltr'><strong>adultereturque,</strong></span> <span class='ocrx_word' id='word_1_584' title='bbox 2022 4180 2122 4230; x_wconf 87' lang='lat' dir='ltr'><strong>aut</strong></span> <span class='ocrx_word' id='word_1_585' title='bbox 2155 4172 2258 4229; x_wconf 86' lang='lat' dir='ltr'><strong>fiat</strong></span> <span class='ocrx_word' id='word_1_586' title='bbox 2275 4174 2370 4244; x_wconf 90' lang='lat' dir='ltr'><strong>(ut</strong></span> <span class='ocrx_word' id='word_1_587' title='bbox 2389 4168 2471 4227; x_wconf 85' lang='lat' dir='ltr'><strong>ita</strong></span> <span class='ocrx_word' id='word_1_588' title='bbox 2489 4168 3154 4243; x_wconf 65' lang='lat' dir='ltr'><strong>dicamus)2‘·n61a2mc.</strong></span> <span class='ocrx_word' id='word_1_589' title='bbox 3195 4170 3352 4231; x_wconf 85' lang='lat' dir='ltr'><strong>Nam</strong></span> <span class='ocrx_word' id='word_1_590' title='bbox 3373 4170 3424 4231; x_wconf 87' lang='lat' dir='ltr'><strong>si</strong></span> <span class='ocrx_word' id='word_1_591' title='bbox 3443 4170 3510 4231; x_wconf 85' lang='lat' dir='ltr'><strong>id</strong></span> 
     </span>
     <span class='ocr_line' id='line_1_49' title="bbox 567 4245 3507 4329; baseline 0.002 -26"><span class='ocrx_word' id='word_1_592' title='bbox 567 4245 733 4322; x_wconf 87' lang='lat' dir='ltr'><strong>quod</strong></span> <span class='ocrx_word' id='word_1_593' title='bbox 778 4247 1029 4308; x_wconf 89' lang='lat' dir='ltr'><strong>subiecti</strong></span> <span class='ocrx_word' id='word_1_594' title='bbox 1052 4260 1141 4309; x_wconf 86' lang='lat' dir='ltr'><strong>est</strong></span> <span class='ocrx_word' id='word_1_595' title='bbox 1158 4296 1175 4328; x_wconf 91' lang='lat'><strong>,</strong></span> <span class='ocrx_word' id='word_1_596' title='bbox 1196 4263 1297 4309; x_wconf 86' lang='lat' dir='ltr'><strong>aut</strong></span> <span class='ocrx_word' id='word_1_597' title='bbox 1317 4250 1642 4311; x_wconf 75' lang='lat' dir='ltr'><strong>secundum</strong></span> <span class='ocrx_word' id='word_1_598' title='bbox 1662 4249 1992 4311; x_wconf 85' lang='lat' dir='ltr'><strong>subiectum</strong></span> <span class='ocrx_word' id='word_1_599' title='bbox 2014 4250 2166 4310; x_wconf 86' lang='lat' dir='ltr'><strong>illius</strong></span> <span class='ocrx_word' id='word_1_600' title='bbox 2181 4295 2199 4329; x_wconf 95' lang='lat'><strong>,</strong></span> <span class='ocrx_word' id='word_1_601' title='bbox 2219 4266 2354 4308; x_wconf 87' lang='lat' dir='ltr'><strong>cum</strong></span> <span class='ocrx_word' id='word_1_602' title='bbox 2375 4247 2740 4309; x_wconf 81' lang='lat' dir='ltr'><strong>sanctissima</strong></span> <span class='ocrx_word' id='word_1_603' title='bbox 2756 4248 2856 4308; x_wconf 88' lang='lat' dir='ltr'><strong>illa</strong></span> <span class='ocrx_word' id='word_1_604' title='bbox 2875 4250 2931 4307; x_wconf 89' lang='lat'>&amp;</span> <span class='ocrx_word' id='word_1_605' title='bbox 2952 4249 3297 4311; x_wconf 84' lang='lat' dir='ltr'><strong>intemerata</strong></span> <span class='ocrx_word' id='word_1_606' title='bbox 3317 4260 3507 4310; x_wconf 87' lang='lat' dir='ltr'><strong>matre</strong></span> 
     </span>
     <span class='ocr_line' id='line_1_50' title="bbox 564 4324 3508 4407; baseline 0.002 -22"><span class='ocrx_word' id='word_1_607' title='bbox 564 4327 619 4385; x_wconf 76' lang='grc' dir='ltr'><strong>δι</strong></span> <span class='ocrx_word' id='word_1_608' title='bbox 642 4324 847 4387; x_wconf 91' lang='lat' dir='ltr'><strong>indice</strong></span> <span class='ocrx_word' id='word_1_609' title='bbox 870 4328 1073 4388; x_wconf 87' lang='lat' dir='ltr'><strong>salutis</strong></span> <span class='ocrx_word' id='word_1_610' title='bbox 1118 4340 1359 4390; x_wconf 88' lang='lat' dir='ltr'><strong>nostrae</strong></span> <span class='ocrx_word' id='word_1_611' title='bbox 1404 4329 1478 4404; x_wconf 88' lang='lat' dir='ltr'><strong>(si</strong></span> <span class='ocrx_word' id='word_1_612' title='bbox 1518 4328 1601 4387; x_wconf 88' lang='lat' dir='ltr'><strong>ita</strong></span> <span class='ocrx_word' id='word_1_613' title='bbox 1638 4332 1934 4406; x_wconf 89' lang='lat' dir='ltr'><strong>appellare</strong></span> <span class='ocrx_word' id='word_1_614' title='bbox 1952 4329 2115 4404; x_wconf 92' lang='lat' dir='ltr'><strong>licet)</strong></span> <span class='ocrx_word' id='word_1_615' title='bbox 2135 4326 2472 4390; x_wconf 85' lang='lat' dir='ltr'><strong>confuderis</strong></span> <span class='ocrx_word' id='word_1_616' title='bbox 2487 4372 2505 4407; x_wconf 93' lang='lat'><strong>,</strong></span> <span class='ocrx_word' id='word_1_617' title='bbox 2523 4338 2799 4388; x_wconf 90' lang='lat' dir='ltr'><strong>neutrum</strong></span> <span class='ocrx_word' id='word_1_618' title='bbox 2818 4330 3032 4387; x_wconf 90' lang='lat' dir='ltr'><strong>horum</strong></span> <span class='ocrx_word' id='word_1_619' title='bbox 3049 4332 3325 4406; x_wconf 80' lang='lat' dir='ltr'><strong>profecto</strong></span> <span class='ocrx_word' id='word_1_620' title='bbox 3345 4334 3508 4391; x_wconf 79' lang='lat' dir='ltr'><strong>recte</strong></span> 
     </span>
    </p>
   </div>
   <div class='ocr_carea' id='block_1_3' title="bbox 3091 4420 3513 4487">
    <p class='ocr_par' dir='ltr' id='par_1_4' title="bbox 3091 4420 3513 4487">
     <span class='ocr_line' id='line_1_51' title="bbox 3091 4420 3513 4487; baseline 0.005 -18"><span class='ocrx_word' id='word_1_621' title='bbox 3091 4420 3513 4487; x_wconf 62' lang='lat' dir='ltr'><strong>aaeequumrus</strong></span> 
     </span>
    </p>
   </div>
  </div>
 </body>
</html>
