3923 4875
64 538 108 574 ΠΙ

63 784 103 821 {l

1371 384 1710 433 ‘russas
1769 386 2421 433 rnnonoorcat.
3218 392 3333 453 311

413 552 665 611 aliorum
714 550 850 629 alij:
913 550 1116 611 omnia
1158 550 1418 629 denique
1458 554 1747 627 Ioannes,
1814 549 1916 629 qui
1957 549 2239 611 omnibus
2294 548 2616 627 superuixit
2653 548 2792 627 diu,
2857 547 3093 611 diuinae
3138 552 3342 615 docuit

413 630 779 691 auctoritatis
819 650 968 690 esse.

496 726 590 788 54.
670 709 1068 787 Quapropter'
1111 710 1486 771 vetustissimi
1526 711 1748 787 quique
1791 714 1992 770 Patres
2034 728 2137 770 eos
2178 710 2339 787 ipsos
2376 710 2559 770 libros
2575 754 2593 785 ,
2634 709 2711 769 de
2749 707 2965 786 quibus
3004 712 3337 773 dubitatum

409 802 500 851 est
555 796 592 851 a
649 790 981 868 nonnullis,
1045 802 1106 849 vt
1157 790 1482 849 canonicos
1537 792 1950 852 adduxerunt:
2014 791 2070 849 &
2123 791 2402 850 Irenaeus
2442 789 2617 849 etiam
2666 789 2979 849 confirmat
3018 794 3220 852 sancte
3260 794 3339 853 de

407 872 566 931 libro
601 873 1090 949 Apocalypseos:
1133 870 1480 949 praesertim
1525 888 1600 929 eo
1643 869 1920 948 nomine,
1959 870 2125 949 quod
2166 869 2436 947 proxime
2477 868 2716 929 Ioannis
2753 878 3025 945 tempora
3065 872 3333 953 vixisset,

411 955 466 1011 δι
520 957 848 1030 συγχρόνυς
886 950 1225 1011 audiuisset.

493 1046 589 1107 55.
671 1030 954 1090 Caurum
1004 1031 1131 1091 siue
1185 1030 1322 1090 libri
1372 1031 1496 1090 siue
1545 1030 1830 1089 librorum
1869 1036 2069 1107 ’partes
2116 1028 2220 1105 qui
2258 1040 2565 1106 praeterea
2604 1029 2665 1088 in
2704 1040 2905 1089 vetere
2947 1032 3332 1093 Testamento

405 1121 670 1187 exstant,
731 1129 854 1169 non
910 1110 1096 1170 diuini
1151 1110 1323 1171 huius
1375 1122 1509 1169 sunt
1561 1110 1840 1185 canoniS,
1901 1111 2010 1171 sed
2063 1108 2218 1169 illius
2272 1108 2705 1184 Ecclesiastici,
2764 1110 2842 1169 de
2880 1126 3000 1187 quo
3044 1111 3337 1191 principio

409 1191 778 1249 dicebamus·

490 1274 586 1348 56.
668 1270 1058 1330 Demonstrat
1097 1270 1244 1331 illud
1287 1270 1546 1346 Synopsi
1585 1270 1973 1341 Athanasius,
2022 1269 2125 1347 qui
2164 1270 2381 1329 diserte
2420 1269 2601 1330 alium
2641 1288 2769 1331 esse
2813 1270 3226 1330 Hebraeorum
3267 1272 3330 1332 in

405 1351 795 1410 Testamento
845 1362 1046 1410 vetere
1099 1368 1393 1410 canonem
1446 1349 1714 1427 agnoscit
1769 1370 1804 1409 a
1858 1350 2053 1428 prisca
2104 1350 2375 1410 Ecclesia
2418 1352 2642 1410 cultum
2661 1395 2678 1425 ,
2740 1349 2917 1410 alium
2960 1351 3331 1411 Graecorum

409 1429 464 1487 &
509 1429 858 1507 posterioris
900 1430 1224 1489 Ecclesiae.

493 1525 585 1586 57.
671 1508 754 1569 Hi
793 1509 954 1569 enirn
991 1509 1160 1585 libri,
1215 1510 1442 1569 Esdrae
1483 1509 1686 1569 tertius
1728 1510 1783 1568 ἃ
1823 1522 2091 1587 quartuS,
2150 1510 2368 1575 Tobit,
2424 1509 2651 1588 Iudith,
2706 1512 2925 1583 Baruc,
2976 1509 3168 1571 oratio
3208 1512 3333 1571 Ma·

407 1590 625 1665 nassiS,
667 1590 1020 1650 Machabaei
1039 1636 1054 1667 ,
1091 1588 1419 1666 Sapientia,
1462 1590 1938 1649 Ecclesiasticus.
1982 1608 2209 1665 eaeque
2228 1590 2517 1649 librorum
2538 1600 2735 1667 partes
2754 1607 2907 1666 quae
2925 1592 3003 1649 ad
3024 1591 3333 1651 Danielem

409 1670 464 1729 δι
508 1670 720 1728 Esther
761 1670 1029 1729 adiectae
1071 1682 1241 1745 sunt,
1301 1687 1415 1728 nec
1455 1668 1515 1728 in
1557 1670 1750 1745 prisca
1783 1670 1884 1729 illa
1925 1669 2195 1728 Ecclesia
2234 1672 2467 1729 fuerunt
2506 1670 2811 1743 canonici,
2864 1689 2977 1729 nec
3018 1674 3055 1729 a
3094 1671 3333 1731 Christo

407 1760 507 1809 aut
560 1749 866 1825 Apostolis
924 1750 1050 1809 eius
1105 1750 1382 1827 producti
1435 1749 1920 1826 sanctificattque.
2003 1749 2106 1808 isti
2152 1760 2383 1827 autem,
2426 1749 2699 1809 canonici
2739 1768 2867 1810 esse
2906 1763 3009 1811 aut
3047 1750 3165 1810 dici
3206 1770 3333 1811 non

412 1839 660 1907 possunt
701 1828 907 1889 diuino
949 1848 1203 1891 canone.

491 1913 588 1985 58.
671 1910 788 1969 Sed
831 1928 1028 1969 canon
1069 1910 1313 1987 quidam
1356 1908 1808 1969 Ecclesiasticus
1851 1908 2132 1989 inualuit,
2179 1928 2301 1987 quo
2342 1908 2439 1969 isti
2477 1925 2719 1986 quoque
2761 1908 2896 1969 libri
2934 1910 2993 1970 in
3034 1930 3331 1983 canonem

412 1988 720 2049 Ecclesiae
761 1992 997 2049 fuerunt
1035 1988 1301 2067 cooptati
1342 1990 1526 2066 idque
1566 1989 1742 2049 certis
1783 1991 1858 2049 de
1899 1989 2122 2067 causiS,
2163 1996 2449 2065 certoque
2490 1990 2697 2049 mode.

491 2084 585 2145 59.
670 2069 902 2129 Causae
957 2070 1192 2129 fuerunt
1233 2070 1414 2146 duae,
1457 2070 1828 2129 consuetudo
1865 2080 2133 2147 recepta,
2174 2081 2355 2145 atque
2392 2068 2627 2129 vtilitas.

489 2151 586 2208 60.
669 2148 1102 2209 Consuetudo:
1144 2148 1284 2225 quia
1322 2147 1440 2207 iam
1485 2148 1628 2208 olim
1667 2149 1776 2207 ista
1817 2149 2021 2208 Bibliis
2062 2149 2309 2209 Graecis
2350 2160 2727 2209 accesserunt
2768 2167 2921 2226 quae
2962 2150 3021 2209 in
3056 2152 3329 2211 manibus

408 2240 548 2287 tunc
593 2230 832 2289 fuerunt
871 2229 1162 2289 omnium.
1223 2228 1490 2304 Ideoque
1532 2228 1866 2305 periculosa
1905 2228 2177 2289 Patribus
2215 2229 2342 2289 visa
2380 2241 2471 2288 est
2508 2230 2852 2288 innouatio:
2898 2231 3155 2291 maxime
3192 2249 3329 2291 cum

407 2308 676 2385 plerique
713 2326 836 2367 non
877 2308 1204 2369 admodum
1242 2307 1510 2369 Hebraei
1544 2319 1736 2369 textus
1769 2308 1942 2386 periti
1977 2320 2189 2371 essent.
2252 2310 2331 2369 Et
2362 2308 2626 2369 ostendit
2653 2320 2933 2385 euentuS,
2963 2316 3141 2387 quam
3178 2314 3329 2371 male

404 2389 483 2448 de
539 2389 653 2448 hac
713 2406 892 2449 causa
944 2389 1351 2466 Hieronymus
1403 2387 1461 2448 in
1509 2392 1690 2468 vulgo
1729 2388 2020 2450 audiuerit
2040 2434 2057 2468 ,
2119 2389 2286 2467 quod
2327 2390 2727 2468 Apocryphos
2766 2389 2950 2450 libros
2990 2402 3091 2451 aut
3130 2401 3327 2469 partes

407 2471 622 2528 nothas
663 2471 1006 2548 configeret.

483 2551 579 2608 61.
664 2550 933 2610 Vtilitas:
975 2549 1116 2627 quia
1155 2550 1248 2610 isti
1288 2566 1532 2626 quoque
1573 2549 1712 2608 libri
1751 2551 1828 2610 ad
1866 2549 2259 2610 commodam
2298 2566 2497 2608 rerum
2538 2569 2841 2611 sacrarum
2882 2549 3327 2628 intelligentiam

409 2627 516 2688 visi
556 2639 692 2688 sunt
734 2630 1055 2707 pertinere,
1097 2629 1146 2689 si
1185 2631 1342 2690 bene
1385 2641 1760 2707 usurpentur.

487 2711 584 2768 62.
667 2711 888 2770 Modus
940 2713 1080 2771 vero
1123 2710 1232 2768 fuit
1272 2710 1396 2786 hic,
1439 2711 1603 2788 quod
1653 2727 1847 2787 neque
1886 2709 2125 2772 diuinae
2164 2709 2527 2769 auctoritatis
2572 2710 2757 2771 habiti
2797 2719 2935 2769 sunt
2952 2755 2967 2785 ,
3030 2728 3225 2787 neque
3266 2711 3326 2771 in

409 2789 676 2849 Ecclesia
715 2801 1016 2866 tamquam
1057 2789 1260 2850 diuina
1299 2789 1646 2849 auctoritate
1699 2789 1993 2866 propositi
2042 2789 2145 2849 sed
2201 2791 2429 2848 tantum
2482 2790 2541 2848 in
2592 2791 2801 2850 schola
2852 2791 3293 2850 catechumenis
3307 2835 3325 2868 ,

408 2879 472 2928 vt
511 2867 734 2929 ibidem
777 2869 940 2929 testis
979 2881 1068 2929 est
1107 2868 1483 2929 Athanasius·
2384 2889 2392 2902 '

491 2951 584 3024 63.
668 2951 868 3025 Atque
910 2949 1007 3009 hic
1049 2949 1290 3026 quidem
1335 2967 1530 3008 canon
1571 2958 1698 3008 tum
1739 2947 1846 3008 fuit
1879 2946 2235 3026 tolerabilis,
2276 2966 2459 3026 quum
2492 2949 2689 3010 modis
2724 2948 3095 3010 euidentibus
3128 2952 3327 3010 Patres

409 3027 594 3088 libros
636 3028 872 3090 diuinos
911 3029 1291 3107 Apocryphis
1332 3029 1484 3102 fide,
1527 3030 1784 3106 ordine„
1807 3046 1916 3088 vsu
1955 3039 2434 3106 anteposuerunt.

489 3111 584 3180 64.
674 3109 792 3168 Sed
831 3119 1048 3168 euentu
1090 3111 1414 3168 damnosus
1453 3109 1564 3168 suit
1607 3107 1910 3168 Ecclesiae
1949 3109 2065 3168 Dei
2108 3111 2399 3168 humanus
2438 3108 2547 3170 iste
2590 3126 2781 3170 canon
2800 3153 2817 3185 ,
2859 3127 3041 3185 quum
3080 3109 3329 3171 increuit

407 3189 910 3266 Apocryphorum
954 3189 1244 3250 librorum
1284 3189 1636 3265 auctoritas,
1679 3192 1737 3250 ὅτ
1777 3192 1956 3250 falsus
1994 3207 2191 3248 canon
2228 3189 2512 3267 opinione
2544 3192 2802 3250 humana
2834 3188 3207 3250 constitutus⁸

485 3269 580 3345 65.
667 3270 821 3328 Nam
863 3289 974 3346 pro
1018 3289 1092 3329 eo
1135 3271 1300 3345 quod
1343 3268 1435 3330 isti
1478 3267 1612 3328 libri
1653 3271 1852 3347 aliqua
1891 3268 2276 3344 auctoritate,
2317 3281 2379 3328 at
2419 3288 2541 3330 non
2584 3270 2815 3329 diuina:
2856 3270 2914 3328 ὅτ
2940 3286 3051 3329 suo
3086 3270 3325 3348 ordine,

407 3359 468 3407 at
507 3366 628 3406 non
673 3351 963 3409 confuso:
1007 3351 1062 3407 δι
1101 3349 1162 3408 in
1205 3351 1412 3410 schola
1451 3351 1775 3428 noscendi,
1817 3361 1876 3409 at
1917 3369 2041 3409 non
2085 3350 2144 3408 in
2186 3349 2455 3410 Ecclesia
2486 3349 2769 3410 credendi
2802 3351 3323 3427 proponebantur:

409 3429 652 3487 tandem
695 3429 991 3506 posterior
1035 3429 1304 3489 Ecclesia
1347 3430 1608 3489 diuinam
1650 3429 1760 3489 illis
1801 3431 2215 3490 auctoritatem
2253 3437 2757 3508 communemque
2790 3429 3063 3490 ordinem
3096 3447 3233 3490 cum
3266 3430 3327 3490 in

407 3508 644 3585 schola,
668 3519 812 3599 „tum
849 3507 910 3567 in
955 3508 1226 3569 Ecclesia
1267 3508 1631 3586 promiscue,
1674 3509 1942 3571 instituto
1986 3511 2145 3570 malo
2168 3553 2185 3585 ,
2226 3509 2429 3587 peiore
2466 3513 2769 3588 exemplO,
2812 3509 3069 3586 pessimo
3109 3520 3327 3570 euentu

409 3605 544 3647 arro
587 3599 724 3648 anit.

483 3607 587 3726 66g.
665 3668 830 3744 Quas
871 3669 956 3728 ob
995 3687 1093 3728 res
1133 3671 1276 3728 cum
1319 3669 1770 3728 Ecclesiasticus
1811 3669 1908 3730 ille
1949 3687 2145 3729 canon
2186 3669 2429 3729 humani
2468 3669 2713 3730 instituti
2752 3669 2857 3747 sit,
2908 3688 3031 3730 non
3072 3689 3167 3747 re,
3218 3670 3324 3728 sed

405 3759 620 3807 euentu
663 3748 838 3807 mali:
901 3748 998 3808 hic
1044 3753 1188 3808 vero
1234 3747 1471 3807 vltimus
1521 3769 1583 3808 re
1628 3750 1684 3808 &
1726 3760 1940 3810 euentu
1980 3749 2450 3827 indignissimus:
2504 3748 2739 3809 diuinae
2778 3749 3115 3811 auctoritati
3154 3749 3325 3810 obse-

404 3829 684 3904 quentes,
745 3845 930 3887 vnum
988 3829 1152 3888 illum
1211 3828 1536 3906 scripturae
1591 3847 1884 3889 canonem
1937 3829 2065 3904 diff.
2109 3829 2487 3905 1771)uinum
2526 3831 2937 3908 agnoscimus,
2996 3847 3177 3907 quem
3211 3827 3326 3920 pri—

405 3907 606 3967 mitiua
665 3908 933 3968 Ecclesia
997 3909 1392 3986 proximaque
1451 3907 1670 3968 Christi
1733 3912 1788 3970 δι
1850 3910 2279 3986 Apostolorum
2336 3911 2571 3987 seculo,
2630 3910 2750 3969 fide
2802 3913 3075 3988 amplexa
3093 3953 3111 3988 ,
3168 3921 3325 3969 vitae

403 3987 669 4048 instituto
711 3999 990 4066 sequuta,
1051 3988 1313 4065 denique
1353 3986 1746 4048 consensione
1787 3988 2049 4048 maxima
2089 3989 2357 4067 religiose
2394 3991 2659 4066 professa
2698 4000 2807 4048 est.

1679 4248 2041 4260 a———ss-n

3181 4461 3315 4524 DE
