3923 4875
666 316 785 393 4⁶4
1734 332 2138 377 aramum
2203 334 2414 376 raus
2475 332 2517 377 1.

660 497 857 555 Deus:
920 511 1073 573 quae
1136 494 1389 555 charitas
1448 496 1632 554 effusa
1670 494 1731 554 in
1770 494 2054 555 cordibus
2096 493 2314 555 nostris
2355 514 2461 572 per
2501 493 2790 572 Spiritum
2825 505 3132 555 sanctum
3181 493 3304 571 qui
3347 494 3544 553 datus
3587 511 3672 553 est

659 575 863 653 nobiS,
924 574 1229 635 veritatem
1288 594 1401 635 nos
1457 574 1623 635 iubet
1685 576 1915 667 eloqui,
1973 576 2175 653 quoad
2216 575 2341 636 eius
2389 575 2513 635 fieri
2557 576 2620 635 in
2663 574 2958 634 charitate
2999 586 3240 652 potest
3287 578 3350 635 &
3403 574 3672 651 expedit.

662 666 871 718 contra
946 656 1292 716 charitatem
1367 655 1568 732 eloqui
1628 654 1976 732 veritatem,
2037 655 2284 733 impium
2347 666 2470 715 est.
2455 676 2469 690 ·
2549 666 2784 733 praeter
2843 656 3282 733 charitatem,
3351 656 3666 715 otiosum:

664 746 935 795 neutrum
980 740 1122 797 vero
1164 736 1459 827 approbat
1498 735 1811 795 Dominus.

746 820 915 876 Haec
976 827 1173 877 autem
1240 818 1365 893 ipsa
1426 834 1550 876 non
1613 820 1746 875 raro
1809 816 2126 893 contingit,
2195 827 2259 875 vt
2309 816 2372 875 in
2425 826 2628 875 mente
2684 814 2810 875 eius
2851 816 2960 893 qui
3005 816 3320 876 dicturus
3361 828 3474 875 aut
3535 835 3658 893 per·

662 896 985 974 scripturus
1026 909 1141 976 est,
1182 902 1341 956 recte
1382 896 1803 971 informentur
1844 900 1899 957 8:
1942 908 2140 955 tamen
2181 907 2490 987 peccatum
2527 894 2765 955 accidat
2803 894 2865 955 in
2907 896 3188 956 dicendi
3207 908 3326 957 aut
3349 898 3654 957 scribendi

666 981 888 1037 modo:
948 977 1287 1055 praesertim
1350 980 1489 1036 cum
1550 977 2090 1053 perturbationibus
2151 976 2330 1035 animi
2391 987 2492 1035 aut
2533 995 2628 1035 res
2670 978 3084 1035 obscurantur
3133 978 3650 1055 quodammode,

662 1069 764 1117 aut
824 1059 1009 1117 verba
1048 1057 1407 1117 obiiciuntur
1448 1056 1669 1117 dicenti
1712 1058 1767 1114 &
1808 1056 2086 1117 scribenti
2127 1056 2542 1134 incommoda3
2605 1056 2721 1116 nisi
2761 1062 3050 1116 accurate
3097 1060 3166 1117 δε
3211 1076 3370 1117 cum
3415 1059 3646 1117 delecta

659 1136 998 1215 iudicioque
1058 1138 1318 1197 maximo
1379 1138 1644 1196 dicturus
1706 1135 2216 1213 circumspexerit..
2272 1155 2425 1213 quae
2465 1157 2558 1197 res
2599 1137 2678 1195 ad
2721 1148 3168 1215 argumentum
3191 1184 3212 1214 ,
3263 1158 3436 1215 quae
3475 1140 3644 1197 verba

661 1219 739 1276 ad
800 1238 923 1295 res,
982 1217 1086 1295 qui
1126 1218 1343 1278 modus
1396 1218 1451 1275 δε
1506 1217 1656 1276 ratio
1698 1218 1773 1276 ad
1816 1230 2130 1295 vtrumque
2170 1228 2244 1277 sit
2285 1216 2687 1294 adhibenduS,
2735 1226 2797 1275 vt
2837 1228 3054 1293 optata
3099 1230 3422 1295 sequatur
3465 1238 3544 1279 ex
3581 1218 3640 1277 iis

661 1298 1011 1358 aedificatio.
1078 1301 1231 1357 Nam
1290 1300 1474 1357 verba
1534 1297 1863 1375 sapientum
1926 1318 2048 1356 non
2103 1300 2292 1358 solum
2337 1306 2502 1357 recto
2543 1300 2598 1357 ἃ*
2639 1297 2873 1356 veritati
2915 1316 3078 1375 opus
3127 1310 3236 1357 est
3281 1300 3638 1367 conuenire,

663 1380 770 1438 sed
810 1378 1019 1438 similia
1060 1398 1190 1438 esse
1231 1378 1477 1455 aculeis,
1523 1377 1733 1437 similia
1774 1378 1957 1437 clauis
1999 1378 2223 1455 infixiS,
2262 1376 2610 1456 lectissima,
2651 1388 2714 1437 vt
2755 1380 2832 1437 ab
2875 1381 3110 1438 eodem
3137 1390 3410 1457 pastore
3435 1380 3638 1439 tradita

664 1463 750 1535 (vt
790 1458 1177 1519 Ecclesiastes
1219 1459 1401 1518 docet
1442 1478 1573 1535 cap.
1625 1478 1715 1517 12.
1758 1478 1815 1517 v.
1866 1464 1984 1535 13.)
2025 1458 2304 1518 nimirum
2345 1458 2638 1518 Domino.

743 1540 988 1598 Adhaec
1048 1539 1109 1597 in
1168 1539 1436 1616 personis
1496 1538 1871 1597 obseruanda
1926 1539 2143 1615 multa,
2185 1538 2331 1597 citra
2369 1556 2524 1616 quae
2563 1537 2890 1615 plurimum
2933 1540 3320 1601 offensionis
3369 1541 3634 1601 dieentes

664 1621 1104 1697 scribentesque
1146 1629 1393 1695 possunt
1430 1619 1544 1677 inc
1551 1638 1741 1678 urere.
1786 1620 1939 1677 Nam
1982 1620 2036 1677 δι
2081 1618 2118 1693 ij
2159 1620 2236 1677 ad
2277 1636 2427 1695 quos
2469 1619 2783 1691 scribitur,
2826 1620 2881 1677 &
2923 1619 3005 1677 de
3049 1621 3300 1695 quibus
3343 1622 3632 1681 scribitur.

662 1704 717 1759 δι
758 1700 817 1759 in
861 1718 1012 1778 quos
1053 1699 1351 1769 scribitur,
1396 1717 1823 1777 nonnunquam
1866 1701 2025 1758 facto
2065 1709 2274 1758 nostro
2315 1699 2578 1775 ipsorum
2601 1664 3030 1759 offen’duntur:
3073 1702 3138 1759 δε
3163 1702 3384 1779 (quod
3403 1702 3634 1781 grauius

660 1786 773 1855 est)
834 1778 1192 1840 offensiones
1250 1780 1385 1839 illae
1446 1798 1592 1856 quas
1652 1781 1858 1839 saltem
1921 1778 2072 1838 inter
2131 1797 2354 1857 paucos
2393 1779 2574 1838 latere
2615 1779 3014 1855 oportuisset,
3059 1785 3142 1840 eo
3189 1784 3544 1843 deueniunt
3577 1793 3632 1839 vt

661 1860 938 1920 omnibus
998 1862 1180 1919 ferme
1242 1860 1555 1919 offensioni
1614 1859 1744 1918 sint.
1807 1860 1990 1933 Quod
2049 1858 2098 1917 si
2155 1858 2461 1937 diligenter
2520 1860 2666 1918 illud
2707 1860 2940 1919 dictum
2979 1862 3155 1919 Petri
3201 1860 3270 1920 in
3319 1863 3422 1922 his
3461 1865 3630 1923 rebus

656 1940 1123 2018 attenderemus3
1168 1943 1325 1999 Ante
1366 1938 1567 1999 omnia
1589 1939 1933 1998 charitatem
1954 1937 2090 2013 alij·
2075 1958 2134 1998 ιιι
2157 1938 2303 1998 alios
2325 1939 2612 1998 intensam
2635 1940 2890 1999 habete.
2929 1958 3074 1999 nam
3098 1942 3392 2002 charitas
3413 1942 3628 2021 operiet

660 2020 1094 2080 multitudinem
1136 2031 1559 2110 peccatorum:
1596 2020 1740 2079 item
1786 2020 2102 2096 Augustini
2143 2020 2288 2079 illud
2326 2019 2394 2097 (f.
2441 2021 2580 2094 736)
2621 2020 3200 2097 prudentissimum,
3247 2023 3386 2083 Vbi
3431 2040 3624 2083 natum

660 2112 749 2160 est
807 2113 1151 2178 peccatum,
1210 2101 1296 2159 ibi
1356 2100 1644 2159 moriatur
1682 2110 2028 2177 peccatum3
2081 2117 2276 2176 neque
2319 2098 2718 2159 diffundendis
2761 2100 2824 2158 in
2865 2100 2982 2159 fide
3023 2102 3396 2181 erroribus,
3441 2122 3628 2181 neque

660 2180 1036 2257 diuulgandis
1078 2180 1339 2258 peccatis
1380 2179 1460 2239 ita
1502 2199 1747 2256 operam
1789 2179 1983 2238 daturi
2025 2196 2316 2271 essemus,
2357 2190 2420 2237 vt
2460 2178 2780 2255 plurimum
2824 2180 2996 2239 datur
3035 2183 3364 2243 memoria
3407 2182 3622 2245 nostri.

738 2264 939 2337 Atque
991 2262 1109 2321 huc
1162 2260 1417 2321 maxime
1477 2261 1731 2337 pertinet
1780 2260 1930 2319 ratio
1988 2259 2086 2318 illa
2141 2260 2745 2351 circumstantiarum,
2799 2275 2979 2337 quam
3019 2264 3172 2320 ante
3219 2263 3531 2324 diximus:
3569 2264 3620 2322 in

659 2341 875 2419 quibus
932 2341 1226 2419 principes
1286 2340 1754 2400 circumstantiae
1805 2350 1939 2399 sunt
1995 2340 2308 2417 temporiS,
2363 2340 2418 2397 &
2458 2338 2608 2416 loci,
2673 2339 2722 2399 si
2763 2342 2802 2399 a
2833 2341 3018 2401 modo
3065 2358 3267 2418 quem
3311 2348 3464 2405 ante
3504 2344 3620 2404 atti·

658 2422 852 2514 gimus
891 2427 1067 2500 (quae
1109 2441 1341 2483 summa
1382 2431 1469 2481 est
1511 2422 1814 2481 actionum
1856 2420 2325 2512 circumstantia,
2366 2418 2543 2479 etiam
2605 2439 2729 2480 non
2771 2425 2910 2481 raro
2951 2422 3106 2482 dans
3149 2424 3446 2502 speeiem
3489 2425 3616 2486 acti-

660 2503 875 2564 onibus
914 2504 1151 2578 nostris)
1196 2501 1550 2562 discesseris⁸
1592 2504 1746 2560 Nam
1778 2519 2064 2576 quorsum
2084 2500 2500 2578 intempestiua
2521 2497 2780 2578 scripta?
2803 2519 3064 2578 quorum
3085 2505 3300 2580 gratia
3322 2507 3530 2566 omnis
3549 2525 3615 2566 eo

655 2584 786 2662 ipso
828 2594 1097 2661 tempore
1122 2603 1258 2674 ’quo
1300 2584 1554 2642 eduntur
1595 2581 1841 2659 excidit,
1885 2583 1940 2640 δι
1977 2599 2230 2658 quorum
2258 2583 2480 2640 fructus
2499 2592 2601 2640 aut
2623 2582 2981 2660 damnosus,
3019 2594 3124 2643 aut
3146 2587 3390 2656 nullus,
3415 2605 3608 2664 quem-

653 2663 977 2724 admodum
1042 2663 1199 2723 enim
1261 2682 1373 2722 nec
1434 2663 1786 2721 acerborum
1832 2663 2161 2736 fructuum,
2201 2681 2316 2721 nec
2355 2671 2644 2721 vetustate
2683 2661 3157 2738 putrescentium
3201 2677 3306 2725 est
3343 2671 3612 2745 voluptas

656 2761 849 2820 neque
888 2743 1131 2816 vtilitas‚
1180 2743 1281 2820 qui
1318 2742 1668 2819 tempestiue
1708 2741 1970 2819 percepti
2010 2742 2190 2802 futuri
2229 2751 2365 2802 sunt
2406 2741 2558 2818 grati
2597 2745 2654 2802 δι
2693 2741 2900 2822 Vtiles,
2941 2742 3025 2802 sic
3061 2743 3258 2804 etiam
3301 2747 3610 2826 intempes-

658 2825 911 2884 tiuarum
952 2823 1340 2916 scriptionum
1382 2826 1533 2882 solet
1572 2842 1635 2881 se
1674 2823 1891 2882 habere
1930 2821 2102 2882 ratio·

737 2906 865 2964 Nec
906 2904 1097 2964 minus
1138 2903 1338 2964 iudicii
1378 2921 1619 2962 necesse
1659 2913 1747 2962 est
1786 2902 2054 2961 adhiberi
2093 2901 2170 2961 ad
2193 2902 2463 2963 locorum
2486 2900 2806 2962 discrimen
2828 2904 3315 2980 explorandum:
3341 2909 3413 2966 fit
3437 2907 3604 2982 enim,

657 2995 722 3043 vt
761 2985 864 3061 qui
903 3003 1099 3044 sermo
1141 2994 1243 3044 aut
1282 3000 1436 3060 quae
1476 2982 1764 3060 scriptura
1803 3001 1924 3042 vno
1964 2983 2024 3041 in
2065 2984 2204 3042 loco
2239 2983 2512 3060 prodest,
2555 2982 2766 3042 eadem
2808 2984 2964 3043 absit
3007 2983 3069 3042 in
3103 2986 3329 3048 altero,
3377 2989 3604 3046 Sermo·

658 3083 763 3124 nes
818 3067 873 3124 &
917 3065 1133 3142 scripta
1188 3084 1298 3142 pro
1349 3063 1577 3122 ratione
1618 3065 1890 3122 locorum
1934 3063 2010 3122 ad
2051 3081 2204 3139 quae
2243 3061 2742 3153 transmittuntur,
2786 3074 2851 3122 vt
2891 3063 3052 3122 venti
3093 3065 3494 3142 regionibus,
3533 3067 3604 3126 ita

656 3144 868 3204 animis
907 3145 1163 3204 salubria
1200 3154 1367 3221 sunt,
1414 3153 1513 3202 aut
1553 3141 1891 3203 insalubria.
1930 3145 2026 3201 Ac
2065 3146 2382 3220 propterea
2422 3141 2694 3202 iniuriam
2735 3143 2995 3222 faciunt,
3037 3145 3142 3220 qui
3183 3157 3298 3205 aut
3331 3166 3448 3206 suo
3469 3147 3602 3206 iudi·

656 3224 781 3301 cio,
834 3236 936 3284 aut
984 3243 1227 3286 suorum
1274 3234 1611 3313 temporum
1665 3224 2014 3283 locorumve
2057 3223 2303 3284 modulo
2343 3222 2544 3282 omnia
2585 3233 2860 3301 tempora
2899 3225 2955 3283 δι
2996 3226 3134 3284 loca
3175 3239 3400 3303 putant
3443 3227 3598 3286 3036-

657 3305 897 3363 manda.
936 3307 1073 3364 Vna
1114 3304 1355 3382 quidem
1396 3313 1483 3363 est
1522 3303 1583 3361 in
1624 3321 1686 3362 se
1725 3304 1970 3382 veritaS,
1992 3305 2098 3364 sed
2117 3319 2272 3380 quae
2292 3323 2419 3364 sese
2439 3313 2851 3380 contemperat
2873 3304 3108 3382 generis
3129 3307 3390 3366 humani
3413 3309 3598 3381 bone,

657 3383 783 3442 sine
824 3383 913 3443 sui
952 3384 1133 3461 ipsius
1173 3383 1550 3444 detrimentO.

734 3465 933 3554 Atque
974 3467 1121 3524 haec
1160 3463 1395 3542 omnia,
1437 3465 1493 3522 δι
1530 3461 1645 3522 alia
1684 3461 2017 3553 consimilia
2058 3479 2210 3539 quae
2250 3461 2466 3522 adferri
2507 3473 2788 3553 possunt,
2809 3465 3084 3542 profecto
3107 3465 3417 3527 eiusmodi
3437 3479 3593 3539 sunt,

658 3555 721 3603 vt
780 3543 1042 3620 quisquis
1102 3543 1357 3604 veritatis
1408 3543 1753 3603 administer
1803 3541 1863 3602 in
1920 3543 2202 3602 charitate
2247 3554 2364 3621 est,
2415 3542 2776 3620 cogitaturus
2831 3543 2905 3604 sit
2946 3545 3022 3604 de
3081 3546 3168 3606 eis
3229 3546 3594 3626 diligentis&-

659 3627 781 3698 me,
844 3643 981 3684 cum
1046 3635 1149 3684 aut
1206 3642 1543 3684 sermonem
1605 3621 1894 3696 dicturus,
1956 3632 2060 3683 aut
2099 3622 2380 3700 scriptum
2421 3623 2867 3684 transmissurus
2909 3635 3018 3686 est.
3061 3628 3350 3688 Medicos
3389 3647 3592 3689 omnes

658 3670 877 3782 peritos
918 3708 972 3765 δι
1010 3704 1365 3765 valetudinis
1404 3708 1698 3764 humanae
1738 3702 2038 3763 studiosos
2077 3701 2344 3764 videmus
2386 3721 2505 3762 non
2549 3705 2740 3764 solum
2777 3703 2856 3764 de
2876 3724 2952 3765 eo
2973 3707 3284 3780 laborare,
3307 3710 3590 3768 vtveritz·

655 3795 775 3846 tem
833 3784 1208 3845 materiarum
1270 3784 1653 3862 simplicium,
1716 3782 2298 3860 compositarumque
2359 3785 2415 3843 &
2475 3782 2654 3844 totius
2707 3784 2848 3844 artis
2903 3803 3046 3846 suae
3088 3753 3366 3865 teneaiat,
3403 3789 3587 3865 (quod

655 3865 1063 3925 theoricorum
1106 3870 1217 3942 est)
1258 3868 1465 3924 verum
1508 3863 1687 3924 etiam
1732 3865 1899 3940 quod
1938 3863 2338 3940 practicorum
2359 3873 2448 3924 est
2468 3867 2556 3940 (vt
2575 3869 2819 3938 vocant)
2841 3865 2922 3926 ad
2943 3867 3442 3928 constitutionem
3463 3870 3586 3928 sub-

657 3944 824 4024 iecti,
882 3946 943 4004 id
1003 3955 1121 4023 est,
1184 3943 1451 4022 corporis
1511 3943 1756 4003 humani
1818 3956 1946 4003 tum
1995 3961 2413 4023 communem,
2453 3953 2577 4002 tum
2619 3943 2980 4022 singularem
3021 3947 3366 4028 attendere3
3405 3955 3585 4025 03330

658 4027 847 4102 probe
907 4025 1212 4103 explorata
1262 4044 1356 4085 res
1395 4024 1723 4086 secundum
1764 4033 1954 4084 artem
1994 4024 2568 4102 iustaS,secundi1m
2608 4029 2749 4084 vero
2790 4026 3065 4116 corporis
3105 3995 3582 4089 constitutionem

662 4105 1032 4166 modificatas
1088 4105 1407 4165 curationis
1460 4122 1637 4165 causa
1675 4104 2018 4164 admouere.
2059 4106 2185 4165 Nos
2233 4113 2429 4164 autem
2471 4103 2572 4180 qui
2611 4106 2692 4165 ad
2731 4105 2996 4166 veritatis
3037 4107 3274 4168 diuinae
3315 4127 3582 4186 superna·

662 4187 983 4262 tui-alisque
1030 4185 1530 4262 dispensationem
1572 4183 1767 4243 vocati
1806 4201 2035 4263 sumus,
2075 4187 2130 4245 &
2169 4185 2246 4244 ad
2285 4203 2522 4262 gregem
2565 4184 2782 4246 Christi
2821 4193 3090 4264 ouesque
3127 4189 3394 4266 singulas
3412 4189 3576 4258 illius

658 4276 837 4342 prout
897 4265 1189 4326 Dominus
1250 4265 1425 4325 nobis
1477 4263 1649 4325 suerit
1702 4264 2053 4344 admensus,
2093 4267 2524 4344 procurandas3
2565 4283 2644 4324 an
2681 4265 2764 4325 ita
2803 4265 3191 4344 desipiemus,
3233 4279 3294 4328 vt
3337 4269 3576 4346 pruden-

661 4344 803 4403 tiam
844 4361 1042 4406 rerum
1084 4345 1325 4406 istarum
1368 4345 1616 4406 medicis
1657 4311 2090 4426 relinquamus,
2131 4349 2186 4406 δε
2227 4313 2660 4406 inconsiderate
2698 4347 3053 4427 loquamur,
3087 4349 3420 4409 scribamus
3433 4391 3452 4426 ,
3489 4363 3576 4408 aut

3221 4431 3574 4490 ambulemus

3776 2392 3793 2506 i
