3923 4875
618 347 719 404 ιω
1536 359 1863 403 ‘russas
1922 357 2572 402 rntonoorcnt.

605 523 904 600 Deceptus
940 519 1116 599 igitur
1156 529 1397 596 vterque
1436 523 1475 579 a
1514 519 1773 580 Diabolo
1850 519 2196 582 mandatum
2225 518 2344 580 Dei
2373 519 2742 596 ludifioente,
2759 518 2980 578 abusus
2997 527 3088 578 est
3105 515 3294 578 libera
3311 519 3526 578 volun·

608 611 759 680 tate,
808 603 865 659 δι
912 600 1097 662 libere
1145 601 1343 678 lapsus
1384 605 1493 661 est.
1536 592 1631 659 Ac
1710 565 1921 660 ioinde
1958 601 2160 677 lapsus
2198 597 2362 660 istius
2401 607 2568 660 exn-a
2605 608 2710 659 eos
2751 614 2930 657 causa
2969 597 3230 658 efficiens
3267 617 3394 658 non
3433 611 3528 659 est

604 681 941 759 quaerenda
954 725 973 760 ,
1020 699 1135 740 nec
1184 681 1433 740 Satanae
1472 679 1627 758 simp
1707 681 1815 740 'ter
1828 727 1848 759 ,
1888 680 2160 758 quamuis
2199 679 2588 740 consuluerit:
2631 689 2733 738 aut
2771 677 3036 738 Creatori
3049 723 3070 756 ,
3111 679 3278 755 quod
3315 681 3530 756 permi-

602 761 769 840 serit,
806 759 1151 821 tribuenda:
1192 760 1331 837 quia
1370 778 1495 820 non
1532 759 1645 820 nisi
1684 761 1984 820 benonim
2023 759 2292 820 omnium
2333 777 2512 820 musa
2551 759 2814 821 efficiens
2847 767 2938 818 est
2977 759 3160 818 Deus.
3201 759 3330 817 Nec
3349 777 3528 836 prop-

601 851 763 902 terea
799 839 1174 902 dissentimus
1212 841 1290 900 ab
1332 841 1693 919 Augustino,
1732 839 1839 901 lib.
1886 861 1978 902 12.
2015 841 2094 900 de
2133 839 2308 900 Ciuit.
2351 839 2496 913 Dei,
2531 860 2664 918 cap.
2689 858 2742 915 7.
2765 837 3034 916 dicente,
3055 839 3250 897 Nemo
3268 849 3532 915 quaerat

599 922 937 998 ffficientem
975 941 1207 982 cauum
1248 923 1440 980 malae
1474 923 1817 982 voluntastis:
1858 941 1972 980 non
2011 923 2158 979 enim
2195 929 2283 979 est
2316 921 2604 998 efficiens,
2643 922 2752 980 sed
2781 921 3050 995 deficiens
3065 938 3086 976 .·
3119 922 3260 995 quia
3297 938 3400 979 nec
3417 921 3530 978 illa

600 1009 687 1060 est
722 1002 977 1080 effecu‘o,
1014 1003 1123 1062 sed
1154 1001 1414 1078 defecub.

682 1100 739 1155 7.
818 1080 1101 1142 Conditio
1138 1081 1496 1142 antecedens
1528 1082 1686 1140 hunc
1722 1081 1957 1157 lapsum
1997 1091 2087 1141 est
2125 1079 2306 1158 ipsius
2343 1079 2664 1141 voluntatis
2699 1077 3086 1154 mutabilitas,
3123 1081 3180 1137 ἃ
3211 1075 3524 1155 dispositio

600 1173 841 1222 naturae
880 1159 1087 1222 totius:
1132 1171 1197 1220 vt
1236 1163 1533 1239 praeclare
1572 1160 1751 1220 docet
1790 1163 1947 1238 Aug.
1987 1161 2048 1219 in
2089 1161 2279 1220 Ench.
2319 1161 2400 1220 ad
2439 1163 2720 1221 Laurent.
2759 1179 2814 1220 e.
2863 1177 2956 1218 12.
3003 1160 3290 1218 Naturae
3327 1177 3528 1216 omnes

598 1242 783 1300 bonae
822 1251 988 1319 sunt,
1030 1243 1299 1318 quoniam
1341 1261 1545 1300 carum
1584 1241 1847 1298 conditor
1890 1242 2106 1298 summ&
2142 1242 2324 1300 bonus
2367 1249 2482 1300 est.-
2523 1243 2632 1300 sed
2663 1243 2806 1318 quia
2845 1257 2962 1296 non
3005 1241 3157 1298 sind
3169 1257 3372 1298 earm
3393 1259 3528 1296 con-

596 1323 757 1380 ditor
804 1321 1017 1380 summ&
1054 1329 1227 1398 atque
1262 1322 1607 1394 incommuff.
1658 1321 2112 1393 1642.)tabiliter
2150 1321 2332 1380 bonae
2369 1331 2534 1398 sunt,
2583 1323 2711 1380 ideo
2750 1323 2814 1380 in
2853 1321 2936 1377 eis
2973 1322 3159 1378 πίπτω·
3196 1320 3274 1376 ὁ*
3311 1321 3532 1394 augeri

586 1409 786 1478 potest
820 1405 1045 1460 bonum.
1106 1401 1245 1460 Non
1276 1401 1443 1477 quod
1476 1401 1747 1460 voluntas
1776 1409 1877 1459 aut
1907 1399 2228 1476 quicquam
2261 1402 2520 1460 Naturae
2554 1399 2730 1461 fuerit
2769 1417 2894 1460 non
2927 1399 3154 1458 bonum
3183 1397 3492 1458 conditum
3509 1443 3530 1471 ,

598 1499 737 1539 nam
785 1482 936 1541 vidit
980 1481 1149 1539 Deus
1198 1499 1347 1557 quae
1396 1481 1765 1557 condiderat,
1809 1481 1886 1539 ὁ*
1922 1481 2076 1539 Ecce
2113 1491 2290 1542 erant
2322 1482 2494 1542 valde
2531 1481 2704 1540 bona.
2763 1480 3030 1555 Ideoque
3071 1499 3186 1538 non
3211 1481 3418 1556 potuer
3453 1497 3529 1536 ex

596 1561 743 1619 bono
781 1562 941 1618 oriri
972 1562 1135 1618 mala
1172 1562 1439 1620 voluntas
1452 1603 1472 1637 ,
1510 1561 1653 1635 quia
1692 1563 1897 1618 bonum
1922 1559 2160 1636 factum
2215 1569 2299 1620 est
2335 1563 2376 1618 ὰ
2417 1561 2553 1619 Deo
2591 1563 2767 1620 bono:
2815 1559 2922 1620 sed
2939 1561 3084 1634 quia
3103 1560 3174 1616 de
3189 1559 3372 1618 nihilo
3378 1557 3528 1634 fac·

596 1648 716 1698 tum
756 1648 865 1716 est,
910 1659 1027 1698 non
1068 1640 1137 1698 de
1176 1639 1323 1697 Deo.
1368 1641 1617 1716 August.
1658 1639 1736 1698 de
1774 1639 1994 1715 nuptiis
2033 1641 2090 1699 &
2129 1639 2612 1717 concupiscentia
2651 1639 2758 1702 lib.
2803 1661 2858 1702 2.
2887 1657 3020 1714 cap.
3057 1643 3150 1698 28.
3171 1657 3242 1696 ac
3263 1637 3525 1713 denique

600 1719 741 1795 quia
779 1721 979 1780 vnicus
1020 1720 1188 1777 Deus
1225 1728 1312 1776 est
1346 1719 1745 1793 immutabilis,
1786 1728 1849 1777 vt
1888 1717 2050 1779 idem
2089 1721 2272 1779 docet
2311 1719 2416 1780 lib.
2463 1740 2556 1780 12.
2597 1721 2676 1781 de
2715 1719 2964 1780 ciuitate
2992 1718 3106 1778 Dei
3149 1737 3282 1794 cap.
3335 1737 3354 1774 1
3367 1761 3383 1776 .

683 1803 740 1858 8.
820 1797 1245 1857 Necessitatem
1296 1795 1469 1874 igitur
1507 1797 1645 1857 huic
1685 1797 1875 1876 lapsui
1911 1802 1949 1858 a
1969 1815 2148 1859 causa
2167 1800 2457 1861 efficiente
2477 1802 2658 1860 vllam
2677 1800 2820 1862 foris
2837 1799 3074 1860 allatam
3095 1817 3222 1858 ense
3241 1815 3522 1874 pernega-

608 1894 737 1937 mus
752 1922 773 1954 ,
814 1877 921 1936 sed
948 1875 1359 1952 contingenter
1396 1878 1627 1954 lapsum
1666 1878 1970 1938 hominem
2007 1880 2343 1940 statuimus:
2387 1891 2448 1940 vt
2481 1891 2623 1958 pote
2641 1881 3028 1941 constitutum
3047 1878 3108 1938 in
3127 1887 3280 1937 statu
3302 1876 3524 1936 liberae

607 1954 923 2015 voluntatis
938 2000 955 2032 ,
994 1972 1145 2031 quae
1182 1956 1243 2014 in
1284 1957 1437 2014 hanc
1476 1958 1532 2014 &
1572 1957 1729 2017 illam
1770 1969 1999 2035 partem
2039 1959 2194 2020 flecti
2215 1971 2476 2038 poterat,
2499 1965 2554 2020 &
2575 1979 2696 2037 qua
2711 1962 2930 2021 abusus
2949 1975 3072 2018 non
3091 1957 3249 2018 stetit
3266 1956 3328 2016 in
3345 1954 3526 2014 felici-

610 2045 759 2094 tate:
800 2034 897 2094 cui
933 2037 1073 2094 curn
1113 2054 1359 2112 peccare
1394 2035 1633 2097 difficile
1672 2056 1797 2098 non
1816 2039 2019 2117 fuerit,
2039 2040 2145 2116 (ait
2163 2043 2416 2116 August.
2437 2043 2506 2099 de
2523 2060 2694 2100 corre
2735 2045 2886 2101 tione
2905 2045 2982 2102 &-
3011 2040 3232 2099 Gratia
3250 2047 3381 2114 cap.
3411 2041 3524 2104 12.)
3631 2054 3640 2075 ³

609 2133 731 2174 non
780 2113 889 2173 fuit
928 2113 1249 2175 nessarium
1288 2125 1350 2175 vt
1388 2116 1681 2176 laberetur
1718 2130 2036 2196 antequam
2073 2121 2270 2197 lapsus
2311 2131 2491 2199 esset,
2531 2138 2614 2198 qu
2733 2121 2904 2182 aliter
2943 2119 3070 2180 fieri
3106 2135 3231 2178 non
3249 2115 3526 2193 potuerit.

612 2195 763 2252 Nam
804 2196 969 2254 Deus
1007 2195 1343 2256 ostenderat
1380 2196 1619 2257 Adamo
1658 2196 2004 2274 dignitatem
2043 2217 2210 2262 suam
2225 2247 2242 2279 ,
2283 2202 2338 2260 &
2377 2203 2538 2260 bona
2575 2219 2729 2278 quae
2743 2247 2762 2279 ,
2801 2201 2851 2260 si
2891 2221 3014 2261 non
3033 2196 3367 2273 cecidisset,
3389 2213 3525 2271 pos·

606 2291 869 2334 sessurus
906 2275 1113 2334 fuerat.
1156 2274 1285 2334 Etsi
1322 2294 1444 2335 non
1484 2295 1769 2354 negamus
1783 2322 1799 2350 ,
1842 2277 1891 2338 si
1930 2279 2206 2358 respicias
2243 2281 2322 2340 ad
2361 2281 2474 2340 Dei
2513 2281 2956 2341 Prouidentiam
2989 2285 3046 2340 δι
3075 2275 3526 2337 Praescientiam

610 2353 785 2414 fuisse
822 2355 1244 2416 necessarium:
1266 2355 1561 2432 siquidem
1580 2356 1781 2416 omnia
1810 2373 1945 2419 sunt
1967 2360 2022 2418 ei
2041 2360 2399 2441 praesentia,
2419 2361 2747 2421 secundum
2771 2363 3020 2421 modum
3039 2357 3307 2418 diuinum
3327 2354 3532 2432 ipsius.

691 2455 747 2511 9.
829 2433 1093 2497 Omnino
1143 2440 1179 2493 a
1220 2435 1518 2497 Creatoris
1557 2449 1723 2514 parte
1760 2440 1984 2499 nullam
2024 2441 2318 2503 eiusmodi
2359 2445 2552 2519 legem
2601 2442 2962 2503 necessitatis
3003 2436 3340 2517 impositam
3380 2454 3524 2495 con·

609 2524 740 2575 stat.
782 2526 883 2575 aut
918 2514 1075 2576 enim
1114 2520 1151 2575 a
1192 2518 1449 2576 Decreto
1494 2518 1912 2596 Approbante,
1954 2530 2056 2578 aut
2091 2520 2434 2582 Perficiente
2473 2540 2578 2581 seu
2618 2523 2862 2581 Efficaci
2877 2566 2895 2600 ,
2929 2532 3032 2581 aut
3061 2524 3098 2577 a
3119 2516 3528 2578 Permittente:

612 2597 705 2655 vel
744 2594 1001 2673 denique
1038 2600 1077 2655 a
1116 2594 1371 2657 Scientia
1410 2607 1511 2656 aut
1554 2597 1945 2657 Praescientia
1985 2598 2256 2661 existeret
2299 2602 2658 2663 necessitatis
2701 2604 2858 2679 Lex,
2899 2605 2936 2659 a
2975 2600 3152 2660 nullis
3189 2596 3315 2657 aliis
3335 2595 3530 2653 causis

612 2674 841 2735 videtur
899 2676 1021 2753 peti
1080 2694 1273 2753 posse.
1326 2678 1383 2735 A
1439 2676 1634 2753 primo
1687 2678 1927 2737 Decrcti
1981 2698 2198 2754 genere
2249 2701 2372 2741 non
2413 2692 2534 2762 est,
2575 2681 2712 2757 quia
2750 2681 2856 2741 illo
2901 2684 3064 2740 Deus
3106 2679 3334 2738 tantum
3373 2692 3530 2751 quae

610 2756 770 2814 bona
807 2768 942 2816 sunt
982 2757 1107 2815 vult
1146 2758 1201 2816 δι
1243 2758 1489 2834 probat,
1530 2756 1799 2817 indicans
1840 2761 2206 2819 voluntatem
2239 2778 2434 2837 suam,
2463 2763 2720 2837 ideoque
2740 2763 3064 2822 Decretum
3081 2757 3235 2836 signi
3253 2766 3527 2815 vocatur:

610 2852 721 2894 nec
774 2835 897 2894 fieri
936 2840 1135 2913 potest
1174 2846 1240 2895 vt
1274 2836 1351 2895 ab
1390 2838 1509 2896 hoc
1548 2837 1652 2897 sit:
1696 2857 1839 2898 nam
1878 2839 2262 2915 prohibuerat
2300 2842 2465 2899 Deus
2503 2842 3028 2919 transgressionem
3067 2836 3362 2913 mandati,
3403 2854 3531 2913 gra·

612 2930 833 2989 uesque
870 2934 1092 2991 poenas
1106 2960 1125 2993 ,
1166 2913 1215 2973 si
1256 2916 1419 2975 fieret
1434 2962 1451 2994 ,
1494 2916 1781 2977 indixerat
1794 2964 1813 2997 ,
1850 2938 1972 2994 qua
2010 2921 2102 2977 die
2141 2922 2452 2979 comederis
2489 2924 2679 2998 vtique
2718 2924 3040 2981 moriturus
3073 2939 3152 2977 es.
3175 2919 3329 2977 Gen.
3354 2935 3405 2974 2.
3435 2934 3456 2973 ι
3471 2932 3527 2988 7.

616 2994 845 3083 Efficax
904 2994 1047 3055 item
1084 3013 1213 3055 esse
1253 3014 1379 3054 non
1418 3006 1615 3072 potest
1654 2996 2029 3078 simpliciter,
2069 2998 2208 3075 quia
2249 3001 2413 3059 Deus
2453 3000 2574 3077 agit
2612 3017 3000 3077 quaecunque
3039 3000 3202 3059 bona
3241 3006 3378 3057 sunt
3417 2993 3532 3053 sibi

613 3074 859 3150 placita,
918 3075 1247 3135 secundum
1305 3075 1593 3136 infinitam
1652 3094 1821 3137 suam
1877 3078 2206 3155 potentiam
2259 3080 2336 3137 ad
2382 3079 2634 3157 gloriam
2677 3098 2874 3141 suam:
2917 3080 3023 3139 sed
3062 3078 3206 3138 nihil
3249 3074 3387 3135 mali
3427 3085 3532 3133 aut

614 3154 784 3211 male.
848 3152 961 3213 His
1020 3156 1255 3215 duobus
1313 3154 1625 3233 generibus
1686 3157 1923 3217 Decreti
1981 3158 2194 3231 docet,
2247 3159 2486 3235 agitque
2539 3158 2600 3219 in
2640 3160 2919 3220 creaturis
2961 3162 3320 3219 voluntatem
3361 3170 3532 3213 suam

614 3240 793 3321 prout
850 3234 1001 3311 vult,
1062 3235 1188 3294 sine
1246 3235 1522 3295 iniustitia
1576 3237 1709 3295 vlla.
1766 3236 2040 3314 Denique
2063 3272 2070 3283 ·
2091 3241 2131 3295 a
2180 3239 2426 3299 decreto
2469 3238 2840 3316 permittente
2881 3239 3012 3317 quis
3055 3238 3214 3297 dicat
3251 3232 3414 3295 esse?
3453 3252 3529 3293 eo

614 3328 773 3369 emm
813 3311 935 3389 agit
972 3312 1033 3372 in
1072 3332 1137 3374 se
1174 3316 1401 3393 solum,
1440 3334 1563 3376 non
1602 3320 1764 3375 extra
1802 3316 2064 3393 seipsum
2103 3318 2164 3377 in
2204 3318 2514 3397 creaturis,
2555 3319 2662 3377 sed
2703 3319 2840 3378 sinit
2879 3338 2978 3379 eas
3019 3337 3130 3395 pro
3162 3315 3346 3375 modo
3377 3314 3528 3389 ipsa-

614 3408 744 3480 rum
788 3393 1115 3453 voluntates
1154 3410 1285 3453 suas
1321 3394 1589 3470 implere:
1632 3400 1689 3455 ὅτ
1728 3397 1935 3457 melius
1977 3396 2205 3457 dicatur
2246 3408 2449 3457 nostro
2491 3410 2789 3473 respectu,
2813 3400 3118 3475 quiescere
3136 3400 3316 3473 quam
3335 3412 3528 3470 agere.

615 3469 737 3545 Qui
777 3480 975 3563 autem
1016 3492 1143 3545 non
1177 3472 1329 3552 agit,
1370 3492 1547 3535 causa
1588 3476 1848 3537 efficiens
1886 3478 1983 3536 vel
2021 3496 2204 3554 agens
2244 3478 2479 3553 proprie
2517 3478 2638 3547 ,dici
2680 3497 2799 3536 non
2845 3488 3070 3556 potest,
3111 3487 3212 3537 aut
3250 3478 3406 3533 vere.

702 3570 792 3609 10.
862 3552 1187 3641 ‘Scientiam
1248 3556 1389 3613 vero
1443 3566 1544 3613 aut
1594 3556 2040 3629 praescientiam
2093 3575 2271 3615 nemo
2327 3556 2451 3617 iure
2495 3556 2910 3617 existimauerit
2945 3556 3350 3619 necessitatem
3391 3550 3530 3610 huic

612 3630 1099 3706 praeuaricationi
1138 3632 1507 3709 imposuisse:
1572 3636 1726 3694 Nam
1768 3634 1864 3696 illa
1909 3636 1970 3695 in
2015 3648 2212 3696 mente
2255 3636 2454 3697 diuina
2496 3648 2616 3713 est,
2659 3656 2722 3696 se
2765 3637 2841 3697 ad
2883 3658 2974 3697 res
3015 3650 3244 3698 exteras
3287 3630 3529 3691 minime

616 3712 953 3790 conferenS,
1008 3712 1113 3773 sed
1152 3731 1249 3771 eas
1288 3712 1663 3791 concipiens,
1702 3734 1775 3774 ac
1815 3716 2066 3792 proinde
2106 3720 2270 3775 extra
2316 3736 2378 3777 se
2419 3736 2542 3777 non
2579 3736 2762 3793 agens
2802 3717 2864 3776 in
2905 3718 2988 3776 eis
3039 3718 3386 3795 quicquam,
3427 3721 3530 3769 aut

616 3808 715 3850 eas
775 3810 1023 3871 cogens,
1087 3793 1309 3869 Estque
1368 3811 1563 3853 rerum
1622 3797 1759 3853 cum
1800 3806 2166 3855 aeternarum
2183 3841 2199 3873 ,
2239 3798 2364 3855 tum
2405 3796 2906 3875 corruptibilium,
2959 3798 3112 3873 veri,
3147 3793 3310 3871 salsi,
3350 3790 3530 3866 entis,

616 3886 739 3929 non
798 3870 973 3941 entiS,
1036 3870 1329 3949 possibilis
1387 3877 1442 3934 &
1503 3872 1907 3951 impossibilis:
1969 3876 2237 3935 omnium
2299 3876 2551 3953 denique
2604 3894 2756 3953 quae
2813 3887 2946 3936 sunt
2995 3888 3187 3956 γνῶςα
3231 3872 3288 3933 in
3329 3891 3423 3947 se,
3465 3878 3530 3929 vt

616 3946 857 4038 scientia
895 3964 1002 4011 est.
1069 3952 1457 4013 Praescientia
1494 3964 1691 4014 autem
1729 3964 1817 4015 est
1858 3956 1937 4015 de
1976 3974 2194 4034 genere
2235 3954 2544 4027 scientiae,
2586 3959 2641 4015 &
2683 3958 2760 4015 ab
2801 3976 2874 4015 ea
2900 3960 3127 4016 tantum
3147 3954 3367 4028 differt,
3389 3950 3530 4027 quia

614 4030 713 4087 illa
752 4030 830 4088 ad
868 4050 1075 4092 omnes
1112 4052 1207 4094 res
1250 4033 1609 4112 extenditur,
1652 4036 1799 4095 haec
1840 4037 1917 4095 ad
1958 4038 2178 4095 futuras
2220 4046 2478 4113 tantum,
2519 4038 2572 4094 δε
2613 4036 2672 4095 in
2715 4037 2806 4096 his
2843 4053 3082 4112 quoque
3115 4052 3238 4094 non
3259 4032 3408 4109 agit,
3429 4040 3530 4089 aut

618 4124 747 4185 eas,
788 4111 893 4169 sed
930 4111 991 4171 in
1030 4112 1221 4190 seipsa
1260 4115 1481 4193 solum,
1519 4125 1583 4175 vt
1624 4118 1869 4193 August.
1914 4118 2092 4177 docet
2133 4116 2209 4175 de
2249 4116 2521 4193 Corrept.
2563 4119 2618 4175 δι
2657 4117 2845 4195 gratia
2883 4137 3016 4193 cap.
3065 4136 3154 4175 12.
3197 4111 3534 4175 Praesciuit

614 4188 839 4262 quidem
886 4192 1054 4251 Deus
1092 4196 1240 4267 quid
1270 4196 1463 4253 Adam
1504 4197 1711 4254 iniust&
1736 4196 2022 4272 facturus
2063 4206 2230 4256 esset:
2261 4200 2591 4271 praesc-init
2626 4206 2843 4271 autem,
2887 4216 3000 4255 non
3041 4198 3128 4254 ad
3159 4196 3268 4254 hoc
3307 4192 3525 4265 coegit:

613 4267 721 4325 sed
764 4269 943 4327 simul
976 4274 1147 4331 sciuit
1180 4275 1329 4348 quid
1362 4276 1429 4331 de
1468 4294 1531 4333 co
1558 4274 1848 4347 facturus
1888 4286 2036 4335 essct
2069 4279 2232 4336 iusti.
2297 4277 2474 4335 Adde
2513 4277 2678 4353 quod
2719 4294 2972 4336 vesanae
3013 4272 3330 4352 impietatis
3373 4278 3528 4329 esset

614 4346 728 4405 hac
766 4348 1107 4409 necessitate
1144 4350 1258 4411 Dei
1294 4351 1761 4434 Prouidentiam,
1801 4372 1917 4431 qua
1953 4358 2240 4433 gubernat
2281 4358 2336 4417 δι
2376 4356 2610 4417 ordinat
2649 4376 2744 4417 res
2783 4374 2993 4415 omnes
3011 4400 3030 4434 ,
3073 4353 3359 4491 οδϋςὲῐε.
3425 4426 3529 4487 ‚dit

3065 4454 3089 4493 1
3103 4454 3153 4494 1.
3281 4446 3440 4491 taem
