<?xml version="1.0" encoding="UTF-8"?>
<!DOCTYPE html PUBLIC "-//W3C//DTD XHTML 1.0 Transitional//EN"
    "http://www.w3.org/TR/xhtml1/DTD/xhtml1-transitional.dtd">
<html xmlns="http://www.w3.org/1999/xhtml" xml:lang="en" lang="en">
 <head>
  <title>
</title>
<meta http-equiv="Content-Type" content="text/html;charset=utf-8" />
  <meta name='ocr-system' content='tesseract 3.04.00' />
  <meta name='ocr-capabilities' content='ocr_page ocr_carea ocr_par ocr_line ocrx_word'/>
</head>
<body>
  <div class='ocr_page' id='page_1' title='image "./dfranciscijunii00junigoog_0149.png"; bbox 0 0 3923 4875; ppageno 0'>
   <div class='ocr_carea' id='block_1_1' title="bbox 596 342 2573 389">
    <p class='ocr_par' dir='ltr' id='par_1_1' title="bbox 596 342 2573 389">
     <span class='ocr_line' id='line_1_1' title="bbox 596 342 2573 389; baseline -0.002 -1"><span class='ocrx_word' id='word_1_1' title='bbox 596 349 703 389; x_wconf 77' lang='lat'>122</span> <span class='ocrx_word' id='word_1_2' title='bbox 1526 343 1855 389; x_wconf 70' lang='lat' dir='ltr'>THESES</span> <span class='ocrx_word' id='word_1_3' title='bbox 1914 342 2573 388; x_wconf 65' lang='lat' dir='ltr'>THEOLOGICAE.</span> 
     </span>
    </p>
   </div>
   <div class='ocr_carea' id='block_1_2' title="bbox 578 501 3504 3307">
    <p class='ocr_par' dir='ltr' id='par_1_2' title="bbox 580 501 3500 1048">
     <span class='ocr_line' id='line_1_2' title="bbox 660 501 3499 596; baseline -0.002 -29"><span class='ocrx_word' id='word_1_4' title='bbox 660 525 718 583; x_wconf 83' lang='lat'><strong>3.</strong></span> <span class='ocrx_word' id='word_1_5' title='bbox 802 503 1215 566; x_wconf 82' lang='lat' dir='ltr'>Traditionum</span> <span class='ocrx_word' id='word_1_6' title='bbox 1276 501 1578 584; x_wconf 86' lang='lat' dir='ltr'><strong>multiplex</strong></span> <span class='ocrx_word' id='word_1_7' title='bbox 1638 502 1852 566; x_wconf 86' lang='lat' dir='ltr'>diuisio</span> <span class='ocrx_word' id='word_1_8' title='bbox 1892 523 2005 584; x_wconf 91' lang='lat' dir='ltr'>pro</span> <span class='ocrx_word' id='word_1_9' title='bbox 2043 505 2207 567; x_wconf 80' lang='lat' dir='ltr'>vario</span> <span class='ocrx_word' id='word_1_10' title='bbox 2247 517 2526 584; x_wconf 85' lang='lat' dir='ltr'>respectu</span> <span class='ocrx_word' id='word_1_11' title='bbox 2565 503 2628 564; x_wconf 91' lang='lat' dir='ltr'>in</span> <span class='ocrx_word' id='word_1_12' title='bbox 2667 504 2848 596; x_wconf 83' lang='lat' dir='ltr'>vulgo</span> <span class='ocrx_word' id='word_1_13' title='bbox 2889 502 3156 565; x_wconf 81' lang='lat' dir='ltr'><strong>traditur.</strong></span> <span class='ocrx_word' id='word_1_14' title='bbox 3219 503 3499 565; x_wconf 88' lang='lat' dir='ltr'>Commu-</span> 
     </span>
     <span class='ocr_line' id='line_1_3' title="bbox 580 581 3500 664; baseline -0.001 -16"><span class='ocrx_word' id='word_1_15' title='bbox 580 585 732 650; x_wconf 87' lang='lat' dir='ltr'>niter</span> <span class='ocrx_word' id='word_1_16' title='bbox 770 595 967 646; x_wconf 89' lang='lat' dir='ltr'>tamen</span> <span class='ocrx_word' id='word_1_17' title='bbox 1006 586 1088 646; x_wconf 89' lang='lat' dir='ltr'>ad</span> <span class='ocrx_word' id='word_1_18' title='bbox 1124 585 1247 646; x_wconf 94' lang='lat' dir='ltr'>duo</span> <span class='ocrx_word' id='word_1_19' title='bbox 1290 603 1509 662; x_wconf 88' lang='lat' dir='ltr'>genera</span> <span class='ocrx_word' id='word_1_20' title='bbox 1547 586 1817 648; x_wconf 89' lang='lat' dir='ltr'>reuocari</span> <span class='ocrx_word' id='word_1_21' title='bbox 1859 587 2082 646; x_wconf 83' lang='lat' dir='ltr'>solent:</span> <span class='ocrx_word' id='word_1_22' title='bbox 2132 606 2270 648; x_wconf 91' lang='lat' dir='ltr'>nam</span> <span class='ocrx_word' id='word_1_23' title='bbox 2311 585 2460 647; x_wconf 89' lang='lat' dir='ltr'>aliae</span> <span class='ocrx_word' id='word_1_24' title='bbox 2499 586 2576 645; x_wconf 89' lang='lat' dir='ltr'>ab</span> <span class='ocrx_word' id='word_1_25' title='bbox 2617 583 2986 664; x_wconf 79' lang='lat' dir='ltr'>auctoribuS,</span> <span class='ocrx_word' id='word_1_26' title='bbox 3027 583 3177 646; x_wconf 85' lang='lat' dir='ltr'>aliae</span> <span class='ocrx_word' id='word_1_27' title='bbox 3197 586 3236 642; x_wconf 80' lang='lat' dir='ltr'>a</span> <span class='ocrx_word' id='word_1_28' title='bbox 3255 581 3500 644; x_wconf 87' lang='lat' dir='ltr'>materia</span> 
     </span>
     <span class='ocr_line' id='line_1_4' title="bbox 582 664 3497 743; baseline -0.001 -17"><span class='ocrx_word' id='word_1_29' title='bbox 582 665 1127 727; x_wconf 86' lang='lat' dir='ltr'>denominationem</span> <span class='ocrx_word' id='word_1_30' title='bbox 1187 666 1425 726; x_wconf 88' lang='lat' dir='ltr'>habent.</span> <span class='ocrx_word' id='word_1_31' title='bbox 1490 668 1589 727; x_wconf 92' lang='lat' dir='ltr'>Ab</span> <span class='ocrx_word' id='word_1_32' title='bbox 1628 665 1997 728; x_wconf 88' lang='lat' dir='ltr'>auctoribus:</span> <span class='ocrx_word' id='word_1_33' title='bbox 2045 685 2184 726; x_wconf 89' lang='lat' dir='ltr'>nam</span> <span class='ocrx_word' id='word_1_34' title='bbox 2225 685 2434 728; x_wconf 90' lang='lat' dir='ltr'>omnes</span> <span class='ocrx_word' id='word_1_35' title='bbox 2474 664 2820 726; x_wconf 84' lang='lat' dir='ltr'><strong>traditiones</strong></span> <span class='ocrx_word' id='word_1_36' title='bbox 2860 667 2956 725; x_wconf 83' lang='lat' dir='ltr'>vel</span> <span class='ocrx_word' id='word_1_37' title='bbox 2995 668 3033 724; x_wconf 78' lang='lat' dir='ltr'>a</span> <span class='ocrx_word' id='word_1_38' title='bbox 3069 666 3239 743; x_wconf 91' lang='lat' dir='ltr'>De0,</span> <span class='ocrx_word' id='word_1_39' title='bbox 3280 664 3378 724; x_wconf 88' lang='lat' dir='ltr'>vel</span> <span class='ocrx_word' id='word_1_40' title='bbox 3417 665 3497 722; x_wconf 89' lang='lat' dir='ltr'>ab</span> 
     </span>
     <span class='ocr_line' id='line_1_5' title="bbox 582 744 3498 836; baseline -0.002 -30"><span class='ocrx_word' id='word_1_41' title='bbox 582 747 823 806; x_wconf 88' lang='lat' dir='ltr'>homine</span> <span class='ocrx_word' id='word_1_42' title='bbox 884 744 1159 806; x_wconf 88' lang='lat' dir='ltr'>dicuntur</span> <span class='ocrx_word' id='word_1_43' title='bbox 1218 747 1539 823; x_wconf 86' lang='lat' dir='ltr'>profectae.</span> <span class='ocrx_word' id='word_1_44' title='bbox 1597 749 1740 806; x_wconf 86' lang='lat' dir='ltr'>Illae</span> <span class='ocrx_word' id='word_1_45' title='bbox 1804 745 2067 826; x_wconf 84' lang='lat' dir='ltr'>diuinae,</span> <span class='ocrx_word' id='word_1_46' title='bbox 2117 749 2229 808; x_wconf 92' lang='lat' dir='ltr'>hae</span> <span class='ocrx_word' id='word_1_47' title='bbox 2270 749 2563 808; x_wconf 84' lang='lat' dir='ltr'>humanae</span> <span class='ocrx_word' id='word_1_48' title='bbox 2605 745 2950 836; x_wconf 87' lang='lat' dir='ltr'>traditiones</span> <span class='ocrx_word' id='word_1_49' title='bbox 2991 746 3379 822; x_wconf 84' lang='lat' dir='ltr'>appellantur.</span> <span class='ocrx_word' id='word_1_50' title='bbox 3441 745 3498 801; x_wconf 93' lang='lat' dir='ltr'>A</span> 
     </span>
     <span class='ocr_line' id='line_1_6' title="bbox 582 792 3497 918; baseline -0.002 -31"><span class='ocrx_word' id='word_1_51' title='bbox 582 825 857 887; x_wconf 87' lang='lat' dir='ltr'>materia·</span> <span class='ocrx_word' id='word_1_52' title='bbox 900 845 1037 886; x_wconf 90' lang='lat' dir='ltr'>nam</span> <span class='ocrx_word' id='word_1_53' title='bbox 1074 823 1225 886; x_wconf 88' lang='lat' dir='ltr'>aliae</span> <span class='ocrx_word' id='word_1_54' title='bbox 1231 825 1663 918; x_wconf 86' lang='lat' dir='ltr'>dogmaticae,</span> <span class='ocrx_word' id='word_1_55' title='bbox 1704 825 1853 888; x_wconf 89' lang='lat' dir='ltr'>aliae</span> <span class='ocrx_word' id='word_1_56' title='bbox 1894 792 2140 888; x_wconf 87' lang='lat' dir='ltr'>Ethicae</span> <span class='ocrx_word' id='word_1_57' title='bbox 2181 828 2578 906; x_wconf 86' lang='lat' dir='ltr'>appellantur.</span> <span class='ocrx_word' id='word_1_58' title='bbox 2621 828 2678 884; x_wconf 71' lang='lat'>81.</span> <span class='ocrx_word' id='word_1_59' title='bbox 2715 825 2775 886; x_wconf 90' lang='lat' dir='ltr'>in</span> <span class='ocrx_word' id='word_1_60' title='bbox 2816 835 3070 902; x_wconf 89' lang='lat' dir='ltr'>vtroque</span> <span class='ocrx_word' id='word_1_61' title='bbox 3111 843 3327 903; x_wconf 86' lang='lat' dir='ltr'>genere</span> <span class='ocrx_word' id='word_1_62' title='bbox 3347 823 3497 884; x_wconf 87' lang='lat' dir='ltr'>duae</span> 
     </span>
     <span class='ocr_line' id='line_1_7' title="bbox 582 903 3496 986; baseline -0 -22"><span class='ocrx_word' id='word_1_63' title='bbox 582 906 1032 983; x_wconf 86' lang='lat' dir='ltr'>quodammodo</span> <span class='ocrx_word' id='word_1_64' title='bbox 1085 904 1312 984; x_wconf 87' lang='lat' dir='ltr'>species</span> <span class='ocrx_word' id='word_1_65' title='bbox 1369 905 1615 968; x_wconf 86' lang='lat' dir='ltr'>diffusae</span> <span class='ocrx_word' id='word_1_66' title='bbox 1662 917 1799 967; x_wconf 89' lang='lat' dir='ltr'>sunt</span> <span class='ocrx_word' id='word_1_67' title='bbox 1812 951 1830 986; x_wconf 90' lang='lat'>,</span> <span class='ocrx_word' id='word_1_68' title='bbox 1870 925 2018 984; x_wconf 86' lang='lat' dir='ltr'>quas</span> <span class='ocrx_word' id='word_1_69' title='bbox 2055 927 2179 968; x_wconf 88' lang='lat' dir='ltr'>non</span> <span class='ocrx_word' id='word_1_70' title='bbox 2218 907 2599 969; x_wconf 77' lang='lat' dir='ltr'>incommode</span> <span class='ocrx_word' id='word_1_71' title='bbox 2632 904 2941 966; x_wconf 85' lang='lat' dir='ltr'>historicas</span> <span class='ocrx_word' id='word_1_72' title='bbox 2979 909 3034 966; x_wconf 77' lang='grc' dir='ltr'>δι</span> <span class='ocrx_word' id='word_1_73' title='bbox 3075 903 3496 965; x_wconf 84' lang='lat' dir='ltr'>ceremoniales</span> 
     </span>
     <span class='ocr_line' id='line_1_8' title="bbox 584 986 818 1048; baseline 0.005 -2"><span class='ocrx_word' id='word_1_74' title='bbox 584 986 818 1048; x_wconf 79' lang='lat' dir='ltr'>dixeris·</span> 
     </span>
    </p>

    <p class='ocr_par' dir='ltr' id='par_1_3' title="bbox 578 1065 3496 1388">
     <span class='ocr_line' id='line_1_9' title="bbox 660 1065 3496 1168; baseline -0.001 -42"><span class='ocrx_word' id='word_1_75' title='bbox 660 1087 718 1141; x_wconf 89' lang='lat'>4.</span> <span class='ocrx_word' id='word_1_76' title='bbox 797 1065 1049 1126; x_wconf 90' lang='lat' dir='ltr'>Diuinae</span> <span class='ocrx_word' id='word_1_77' title='bbox 1090 1065 1435 1127; x_wconf 87' lang='lat' dir='ltr'>traditiones</span> <span class='ocrx_word' id='word_1_78' title='bbox 1478 1077 1767 1128; x_wconf 89' lang='lat' dir='ltr'>vocantur</span> <span class='ocrx_word' id='word_1_79' title='bbox 1804 1084 1957 1168; x_wconf 86' lang='lat' dir='ltr'>quae</span> <span class='ocrx_word' id='word_1_80' title='bbox 1996 1071 2033 1127; x_wconf 77' lang='lat' dir='ltr'>a</span> <span class='ocrx_word' id='word_1_81' title='bbox 2071 1069 2206 1128; x_wconf 90' lang='lat' dir='ltr'>Deo</span> <span class='ocrx_word' id='word_1_82' title='bbox 2249 1069 2304 1126; x_wconf 66' lang='grc' dir='ltr'>ἔτ</span> <span class='ocrx_word' id='word_1_83' title='bbox 2343 1071 2382 1128; x_wconf 78' lang='lat' dir='ltr'>a</span> <span class='ocrx_word' id='word_1_84' title='bbox 2403 1066 2638 1128; x_wconf 86' lang='lat' dir='ltr'>Christo</span> <span class='ocrx_word' id='word_1_85' title='bbox 2661 1065 3028 1146; x_wconf 77' lang='lat' dir='ltr'>immediate,</span> <span class='ocrx_word' id='word_1_86' title='bbox 3068 1066 3496 1164; x_wconf 70' lang='lat' dir='ltr'>Prophetfsque</span> 
     </span>
     <span class='ocr_line' id='line_1_10' title="bbox 582 1144 3494 1240; baseline -0.002 -33"><span class='ocrx_word' id='word_1_87' title='bbox 582 1149 637 1207; x_wconf 75' lang='grc' dir='ltr'>δι</span> <span class='ocrx_word' id='word_1_88' title='bbox 667 1146 973 1223; x_wconf 89' lang='lat' dir='ltr'>Apostolis</span> <span class='ocrx_word' id='word_1_89' title='bbox 1006 1145 1131 1206; x_wconf 91' lang='lat' dir='ltr'>sine</span> <span class='ocrx_word' id='word_1_90' title='bbox 1165 1145 1386 1223; x_wconf 89' lang='lat' dir='ltr'>scripto</span> <span class='ocrx_word' id='word_1_91' title='bbox 1419 1147 1720 1208; x_wconf 87' lang='lat' dir='ltr'>Ecclesiae</span> <span class='ocrx_word' id='word_1_92' title='bbox 1750 1147 1933 1240; x_wconf 79' lang='lat' dir='ltr'>prim·</span> <span class='ocrx_word' id='word_1_93' title='bbox 1920 1167 2014 1209; x_wconf 67' lang='lat' dir='ltr'>:m</span> <span class='ocrx_word' id='word_1_94' title='bbox 2047 1147 2314 1209; x_wconf 84' lang='lat' dir='ltr'>nascenti</span> <span class='ocrx_word' id='word_1_95' title='bbox 2345 1148 2592 1209; x_wconf 89' lang='lat' dir='ltr'>traditae</span> <span class='ocrx_word' id='word_1_96' title='bbox 2628 1149 2892 1226; x_wconf 81' lang='lat' dir='ltr'>fuerunt3</span> <span class='ocrx_word' id='word_1_97' title='bbox 2931 1163 3084 1222; x_wconf 90' lang='lat' dir='ltr'>quae</span> <span class='ocrx_word' id='word_1_98' title='bbox 3105 1147 3243 1204; x_wconf 75' lang='lat' dir='ltr'>cnm</span> <span class='ocrx_word' id='word_1_99' title='bbox 3263 1144 3494 1222; x_wconf 90' lang='lat' dir='ltr'>scriptis</span> 
     </span>
     <span class='ocr_line' id='line_1_11' title="bbox 578 1221 3496 1307; baseline -0.001 -21"><span class='ocrx_word' id='word_1_100' title='bbox 578 1225 757 1286; x_wconf 90' lang='lat' dir='ltr'>hodie</span> <span class='ocrx_word' id='word_1_101' title='bbox 796 1226 913 1286; x_wconf 90' lang='lat' dir='ltr'>sint</span> <span class='ocrx_word' id='word_1_102' title='bbox 953 1226 1442 1305; x_wconf 84' lang='lat' dir='ltr'>comprehensae,</span> <span class='ocrx_word' id='word_1_103' title='bbox 1482 1227 1823 1288; x_wconf 88' lang='lat' dir='ltr'>traditiones</span> <span class='ocrx_word' id='word_1_104' title='bbox 1860 1221 1966 1288; x_wconf 69' lang='lat' dir='ltr'>ilia</span> <span class='ocrx_word' id='word_1_105' title='bbox 2005 1229 2266 1306; x_wconf 86' lang='lat' dir='ltr'>generali</span> <span class='ocrx_word' id='word_1_106' title='bbox 2305 1227 2733 1307; x_wconf 78' lang='lat' dir='ltr'>significatione</span> <span class='ocrx_word' id='word_1_107' title='bbox 2761 1228 3164 1304; x_wconf 85' lang='lat' dir='ltr'>appellantur;</span> <span class='ocrx_word' id='word_1_108' title='bbox 3201 1227 3496 1286; x_wconf 88' lang='lat' dir='ltr'>humanae</span> 
     </span>
     <span class='ocr_line' id='line_1_12' title="bbox 580 1307 2452 1399; baseline 0.002 -34"><span class='ocrx_word' id='word_1_109' title='bbox 580 1311 751 1385; x_wconf 81' lang='lat' dir='ltr'>vero,</span> <span class='ocrx_word' id='word_1_110' title='bbox 798 1323 951 1382; x_wconf 86' lang='lat' dir='ltr'>quae</span> <span class='ocrx_word' id='word_1_111' title='bbox 992 1307 1153 1366; x_wconf 88' lang='lat' dir='ltr'>nuda</span> <span class='ocrx_word' id='word_1_112' title='bbox 1194 1307 1503 1366; x_wconf 89' lang='lat' dir='ltr'>hominum</span> <span class='ocrx_word' id='word_1_113' title='bbox 1542 1308 1847 1368; x_wconf 85' lang='lat' dir='ltr'>voluntate</span> <span class='ocrx_word' id='word_1_114' title='bbox 1887 1308 2256 1399; x_wconf 84' lang='lat' dir='ltr'>excogitatae</span> <span class='ocrx_word' id='word_1_115' title='bbox 2296 1318 2452 1370; x_wconf 85' lang='lat' dir='ltr'>sunt.</span> 
     </span>
    </p>

    <p class='ocr_par' dir='ltr' id='par_1_4' title="bbox 578 1383 3498 1944">
     <span class='ocr_line' id='line_1_13' title="bbox 661 1383 3495 1464; baseline 0 -20"><span class='ocrx_word' id='word_1_116' title='bbox 661 1402 715 1464; x_wconf 85' lang='lat'>5</span> <span class='ocrx_word' id='word_1_117' title='bbox 797 1384 1185 1464; x_wconf 86' lang='lat' dir='ltr'>Dogmaticas</span> <span class='ocrx_word' id='word_1_118' title='bbox 1232 1385 1357 1447; x_wconf 89' lang='lat' dir='ltr'>siue</span> <span class='ocrx_word' id='word_1_119' title='bbox 1394 1387 1637 1448; x_wconf 89' lang='lat' dir='ltr'>Ethicas</span> <span class='ocrx_word' id='word_1_120' title='bbox 1676 1387 2052 1448; x_wconf 87' lang='lat' dir='ltr'>Traditiones</span> <span class='ocrx_word' id='word_1_121' title='bbox 2090 1405 2375 1449; x_wconf 87' lang='lat' dir='ltr'>vocamus</span> <span class='ocrx_word' id='word_1_122' title='bbox 2419 1390 2487 1464; x_wconf 88' lang='lat' dir='ltr'><strong>(s.</strong></span> <span class='ocrx_word' id='word_1_123' title='bbox 2537 1390 2731 1464; x_wconf 86' lang='lat'><strong>1608.)</strong></span> <span class='ocrx_word' id='word_1_124' title='bbox 2779 1386 2934 1464; x_wconf 88' lang='lat' dir='ltr'>illas,</span> <span class='ocrx_word' id='word_1_125' title='bbox 2977 1402 3131 1462; x_wconf 88' lang='lat' dir='ltr'>quae</span> <span class='ocrx_word' id='word_1_126' title='bbox 3169 1385 3249 1444; x_wconf 91' lang='lat' dir='ltr'>ad</span> <span class='ocrx_word' id='word_1_127' title='bbox 3289 1383 3495 1462; x_wconf 88' lang='lat' dir='ltr'>fidem,</span> 
     </span>
     <span class='ocr_line' id='line_1_14' title="bbox 580 1465 3494 1546; baseline -0.001 -21"><span class='ocrx_word' id='word_1_128' title='bbox 580 1465 702 1526; x_wconf 91' lang='lat' dir='ltr'>siue</span> <span class='ocrx_word' id='word_1_129' title='bbox 741 1466 820 1526; x_wconf 89' lang='lat' dir='ltr'>ad</span> <span class='ocrx_word' id='word_1_130' title='bbox 858 1485 1055 1527; x_wconf 89' lang='lat' dir='ltr'>mores</span> <span class='ocrx_word' id='word_1_131' title='bbox 1096 1466 1406 1544; x_wconf 87' lang='lat' dir='ltr'>pertinent.</span> <span class='ocrx_word' id='word_1_132' title='bbox 1444 1469 1681 1528; x_wconf 89' lang='lat' dir='ltr'>Harum</span> <span class='ocrx_word' id='word_1_133' title='bbox 1723 1470 1989 1546; x_wconf 89' lang='lat' dir='ltr'>perfecta</span> <span class='ocrx_word' id='word_1_134' title='bbox 2027 1469 2175 1529; x_wconf 90' lang='lat' dir='ltr'>ratio</span> <span class='ocrx_word' id='word_1_135' title='bbox 2216 1469 2276 1529; x_wconf 89' lang='lat' dir='ltr'>in</span> <span class='ocrx_word' id='word_1_136' title='bbox 2316 1468 2636 1546; x_wconf 86' lang='lat' dir='ltr'>Scripturis</span> <span class='ocrx_word' id='word_1_137' title='bbox 2675 1472 2714 1528; x_wconf 78' lang='lat' dir='ltr'>a</span> <span class='ocrx_word' id='word_1_138' title='bbox 2753 1469 2888 1528; x_wconf 93' lang='lat' dir='ltr'>Deo</span> <span class='ocrx_word' id='word_1_139' title='bbox 2929 1465 3105 1526; x_wconf 87' lang='lat' dir='ltr'>nobis</span> <span class='ocrx_word' id='word_1_140' title='bbox 3138 1465 3355 1526; x_wconf 89' lang='lat' dir='ltr'>tradita</span> <span class='ocrx_word' id='word_1_141' title='bbox 3374 1475 3494 1541; x_wconf 88' lang='lat' dir='ltr'>est,</span> 
     </span>
     <span class='ocr_line' id='line_1_15' title="bbox 578 1544 3496 1641; baseline -0.001 -35"><span class='ocrx_word' id='word_1_142' title='bbox 578 1555 641 1606; x_wconf 86' lang='lat' dir='ltr'>vt</span> <span class='ocrx_word' id='word_1_143' title='bbox 698 1545 801 1623; x_wconf 88' lang='lat' dir='ltr'>qui</span> <span class='ocrx_word' id='word_1_144' title='bbox 860 1556 1051 1606; x_wconf 87' lang='lat' dir='ltr'>totum</span> <span class='ocrx_word' id='word_1_145' title='bbox 1109 1547 1418 1608; x_wconf 88' lang='lat' dir='ltr'>consilium</span> <span class='ocrx_word' id='word_1_146' title='bbox 1476 1565 1679 1640; x_wconf 81' lang='lat' dir='ltr'>suum,</span> <span class='ocrx_word' id='word_1_147' title='bbox 1740 1548 1851 1609; x_wconf 86' lang='lat' dir='ltr'>sibi</span> <span class='ocrx_word' id='word_1_148' title='bbox 1908 1548 2268 1641; x_wconf 81' lang='lat' dir='ltr'>gloriosum,</span> <span class='ocrx_word' id='word_1_149' title='bbox 2331 1549 2504 1610; x_wconf 90' lang='lat' dir='ltr'>nobis</span> <span class='ocrx_word' id='word_1_150' title='bbox 2565 1551 2847 1626; x_wconf 77' lang='lat' dir='ltr'>salutare,</span> <span class='ocrx_word' id='word_1_151' title='bbox 2891 1546 3092 1622; x_wconf 89' lang='lat' dir='ltr'>quoad</span> <span class='ocrx_word' id='word_1_152' title='bbox 3131 1544 3256 1604; x_wconf 90' lang='lat' dir='ltr'>eius</span> <span class='ocrx_word' id='word_1_153' title='bbox 3297 1545 3420 1604; x_wconf 86' lang='lat' dir='ltr'>fieri</span> <span class='ocrx_word' id='word_1_154' title='bbox 3457 1547 3496 1602; x_wconf 76' lang='lat' dir='ltr'>a</span> 
     </span>
     <span class='ocr_line' id='line_1_16' title="bbox 582 1625 3496 1706; baseline -0.001 -21"><span class='ocrx_word' id='word_1_155' title='bbox 582 1626 755 1686; x_wconf 89' lang='lat' dir='ltr'>nobis</span> <span class='ocrx_word' id='word_1_156' title='bbox 812 1637 1011 1704; x_wconf 91' lang='lat' dir='ltr'>potest</span> <span class='ocrx_word' id='word_1_157' title='bbox 1071 1630 1127 1686; x_wconf 74' lang='grc' dir='ltr'>δι</span> <span class='ocrx_word' id='word_1_158' title='bbox 1185 1627 1451 1706; x_wconf 86' lang='lat' dir='ltr'>expedit,</span> <span class='ocrx_word' id='word_1_159' title='bbox 1516 1627 1737 1706; x_wconf 89' lang='lat' dir='ltr'>scripto</span> <span class='ocrx_word' id='word_1_160' title='bbox 1799 1629 2279 1700; x_wconf 83' lang='lat' dir='ltr'>communicauit.</span> <span class='ocrx_word' id='word_1_161' title='bbox 2342 1632 2721 1706; x_wconf 87' lang='lat' dir='ltr'>Quapropter</span> <span class='ocrx_word' id='word_1_162' title='bbox 2780 1628 2970 1688; x_wconf 86' lang='lat' dir='ltr'>nullas</span> <span class='ocrx_word' id='word_1_163' title='bbox 3021 1625 3083 1684; x_wconf 90' lang='lat' dir='ltr'>in</span> <span class='ocrx_word' id='word_1_164' title='bbox 3121 1628 3239 1685; x_wconf 90' lang='lat' dir='ltr'>hoc</span> <span class='ocrx_word' id='word_1_165' title='bbox 3281 1643 3496 1702; x_wconf 84' lang='lat' dir='ltr'>genere</span> 
     </span>
     <span class='ocr_line' id='line_1_17' title="bbox 582 1703 3496 1794; baseline -0.001 -29"><span class='ocrx_word' id='word_1_166' title='bbox 582 1705 926 1767; x_wconf 86' lang='lat' dir='ltr'>traditiones</span> <span class='ocrx_word' id='word_1_167' title='bbox 984 1705 1377 1784; x_wconf 83' lang='lat' dir='ltr'>admittimus,</span> <span class='ocrx_word' id='word_1_168' title='bbox 1436 1707 1575 1783; x_wconf 89' lang='lat' dir='ltr'>quia</span> <span class='ocrx_word' id='word_1_169' title='bbox 1633 1707 1933 1786; x_wconf 90' lang='lat' dir='ltr'>Scriptura</span> <span class='ocrx_word' id='word_1_170' title='bbox 1991 1721 2081 1770; x_wconf 86' lang='lat' dir='ltr'>est</span> <span class='ocrx_word' id='word_1_171' title='bbox 2141 1712 2492 1778; x_wconf 67' lang='grc' dir='ltr'><strong><em>θεόπνευςος</em></strong></span> <span class='ocrx_word' id='word_1_172' title='bbox 2553 1712 2609 1768; x_wconf 85' lang='lat'>&amp;</span> <span class='ocrx_word' id='word_1_173' title='bbox 2663 1707 2816 1770; x_wconf 89' lang='lat' dir='ltr'>vtilis</span> <span class='ocrx_word' id='word_1_174' title='bbox 2856 1718 3014 1784; x_wconf 88' lang='lat' dir='ltr'>tota,</span> <span class='ocrx_word' id='word_1_175' title='bbox 3057 1716 3120 1764; x_wconf 90' lang='lat' dir='ltr'>vt</span> <span class='ocrx_word' id='word_1_176' title='bbox 3160 1705 3400 1794; x_wconf 90' lang='lat' dir='ltr'>integer</span> <span class='ocrx_word' id='word_1_177' title='bbox 3424 1703 3496 1763; x_wconf 90' lang='lat' dir='ltr'>sit</span> 
     </span>
     <span class='ocr_line' id='line_1_18' title="bbox 582 1783 3498 1868; baseline -0.001 -23"><span class='ocrx_word' id='word_1_178' title='bbox 582 1788 765 1846; x_wconf 88' lang='lat' dir='ltr'>homo</span> <span class='ocrx_word' id='word_1_179' title='bbox 806 1786 949 1859; x_wconf 92' lang='lat' dir='ltr'>Dei,</span> <span class='ocrx_word' id='word_1_180' title='bbox 993 1785 1071 1846; x_wconf 92' lang='lat' dir='ltr'>ad</span> <span class='ocrx_word' id='word_1_181' title='bbox 1109 1804 1289 1850; x_wconf 84' lang='lat' dir='ltr'>omne</span> <span class='ocrx_word' id='word_1_182' title='bbox 1328 1805 1480 1864; x_wconf 88' lang='lat' dir='ltr'>opus</span> <span class='ocrx_word' id='word_1_183' title='bbox 1519 1789 1748 1848; x_wconf 91' lang='lat' dir='ltr'>bonum</span> <span class='ocrx_word' id='word_1_184' title='bbox 1786 1800 2194 1868; x_wconf 79' lang='lat' dir='ltr'>comparatuS,</span> <span class='ocrx_word' id='word_1_185' title='bbox 2235 1809 2307 1849; x_wconf 89' lang='lat' dir='ltr'>ac</span> <span class='ocrx_word' id='word_1_186' title='bbox 2347 1789 2598 1865; x_wconf 86' lang='lat' dir='ltr'>proinde</span> <span class='ocrx_word' id='word_1_187' title='bbox 2636 1788 2837 1848; x_wconf 87' lang='lat' dir='ltr'>omnia</span> <span class='ocrx_word' id='word_1_188' title='bbox 2877 1788 2936 1846; x_wconf 94' lang='lat' dir='ltr'>in</span> <span class='ocrx_word' id='word_1_189' title='bbox 2977 1806 3041 1846; x_wconf 90' lang='lat' dir='ltr'>se</span> <span class='ocrx_word' id='word_1_190' title='bbox 3083 1783 3498 1862; x_wconf 89' lang='lat' dir='ltr'>complectitur</span> 
     </span>
     <span class='ocr_line' id='line_1_19' title="bbox 579 1865 2554 1944; baseline 0.002 -20"><span class='ocrx_word' id='word_1_191' title='bbox 579 1869 851 1943; x_wconf 77' lang='lat' dir='ltr'>expresse</span> <span class='ocrx_word' id='word_1_192' title='bbox 890 1875 991 1926; x_wconf 87' lang='lat' dir='ltr'>aut</span> <span class='ocrx_word' id='word_1_193' title='bbox 1028 1865 1336 1942; x_wconf 83' lang='lat' dir='ltr'>analogice</span> <span class='ocrx_word' id='word_1_194' title='bbox 1373 1884 1527 1944; x_wconf 89' lang='lat' dir='ltr'>quae</span> <span class='ocrx_word' id='word_1_195' title='bbox 1567 1869 1646 1928; x_wconf 90' lang='lat' dir='ltr'>ad</span> <span class='ocrx_word' id='word_1_196' title='bbox 1688 1888 1820 1929; x_wconf 90' lang='lat' dir='ltr'>eam</span> <span class='ocrx_word' id='word_1_197' title='bbox 1860 1888 1987 1930; x_wconf 90' lang='lat' dir='ltr'>rem</span> <span class='ocrx_word' id='word_1_198' title='bbox 2027 1880 2162 1930; x_wconf 90' lang='lat' dir='ltr'>sunt</span> <span class='ocrx_word' id='word_1_199' title='bbox 2204 1868 2554 1930; x_wconf 86' lang='lat' dir='ltr'>necessaria.</span> 
     </span>
    </p>

    <p class='ocr_par' dir='ltr' id='par_1_5' title="bbox 581 1947 3492 2186">
     <span class='ocr_line' id='line_1_20' title="bbox 662 1947 3492 2026; baseline 0 -23"><span class='ocrx_word' id='word_1_200' title='bbox 662 1948 718 2006; x_wconf 91' lang='lat'><strong>6.</strong></span> <span class='ocrx_word' id='word_1_201' title='bbox 799 1947 1109 2006; x_wconf 84' lang='lat' dir='ltr'>Humanas</span> <span class='ocrx_word' id='word_1_202' title='bbox 1168 1965 1313 2023; x_wconf 88' lang='lat' dir='ltr'>ergo</span> <span class='ocrx_word' id='word_1_203' title='bbox 1362 1947 1706 2008; x_wconf 86' lang='lat' dir='ltr'>traditiones</span> <span class='ocrx_word' id='word_1_204' title='bbox 1743 1950 1821 2010; x_wconf 91' lang='lat' dir='ltr'>de</span> <span class='ocrx_word' id='word_1_205' title='bbox 1860 1969 2028 2010; x_wconf 90' lang='lat' dir='ltr'>sacra</span> <span class='ocrx_word' id='word_1_206' title='bbox 2065 1948 2339 2009; x_wconf 89' lang='lat' dir='ltr'>doctrina</span> <span class='ocrx_word' id='word_1_207' title='bbox 2379 1950 2434 2008; x_wconf 74' lang='grc' dir='ltr'>δι</span> <span class='ocrx_word' id='word_1_208' title='bbox 2477 1948 2774 2026; x_wconf 90' lang='lat' dir='ltr'>moribus,</span> <span class='ocrx_word' id='word_1_209' title='bbox 2815 1958 2878 2008; x_wconf 89' lang='lat' dir='ltr'>vt</span> <span class='ocrx_word' id='word_1_210' title='bbox 2917 1963 3070 2023; x_wconf 89' lang='lat' dir='ltr'>quae</span> <span class='ocrx_word' id='word_1_211' title='bbox 3107 1947 3187 2006; x_wconf 89' lang='lat' dir='ltr'>ab</span> <span class='ocrx_word' id='word_1_212' title='bbox 3229 1947 3492 2004; x_wconf 87' lang='lat' dir='ltr'>humano</span> 
     </span>
     <span class='ocr_line' id='line_1_21' title="bbox 581 2024 3493 2120; baseline -0.001 -34"><span class='ocrx_word' id='word_1_213' title='bbox 581 2024 817 2102; x_wconf 87' lang='lat' dir='ltr'>ingenio</span> <span class='ocrx_word' id='word_1_214' title='bbox 873 2024 1271 2116; x_wconf 83' lang='lat' dir='ltr'>excogitatae,</span> <span class='ocrx_word' id='word_1_215' title='bbox 1332 2046 1444 2087; x_wconf 91' lang='lat' dir='ltr'>nec</span> <span class='ocrx_word' id='word_1_216' title='bbox 1502 2027 1563 2087; x_wconf 92' lang='lat' dir='ltr'>in</span> <span class='ocrx_word' id='word_1_217' title='bbox 1616 2028 1930 2120; x_wconf 79' lang='lat' dir='ltr'>Scripturis</span> <span class='ocrx_word' id='word_1_218' title='bbox 1969 2049 2277 2108; x_wconf 83' lang='lat' dir='ltr'>expressae</span> <span class='ocrx_word' id='word_1_219' title='bbox 2315 2039 2477 2103; x_wconf 87' lang='lat' dir='ltr'>sunt,</span> <span class='ocrx_word' id='word_1_220' title='bbox 2523 2047 2716 2105; x_wconf 89' lang='lat' dir='ltr'>neque</span> <span class='ocrx_word' id='word_1_221' title='bbox 2757 2049 2832 2088; x_wconf 80' lang='lat' dir='ltr'>ex</span> <span class='ocrx_word' id='word_1_222' title='bbox 2872 2027 2942 2086; x_wconf 89' lang='lat' dir='ltr'>iis</span> <span class='ocrx_word' id='word_1_223' title='bbox 2981 2025 3196 2086; x_wconf 87' lang='lat' dir='ltr'>deduci</span> <span class='ocrx_word' id='word_1_224' title='bbox 3235 2024 3493 2102; x_wconf 89' lang='lat' dir='ltr'>possint,</span> 
     </span>
     <span class='ocr_line' id='line_1_22' title="bbox 584 2103 2742 2187; baseline 0.003 -24"><span class='ocrx_word' id='word_1_225' title='bbox 584 2104 690 2164; x_wconf 88' lang='lat' dir='ltr'>sed</span> <span class='ocrx_word' id='word_1_226' title='bbox 728 2106 826 2164; x_wconf 87' lang='lat' dir='ltr'>vel</span> <span class='ocrx_word' id='word_1_227' title='bbox 866 2103 1090 2164; x_wconf 90' lang='lat' dir='ltr'>directe</span> <span class='ocrx_word' id='word_1_228' title='bbox 1129 2107 1223 2165; x_wconf 87' lang='lat' dir='ltr'>vel</span> <span class='ocrx_word' id='word_1_229' title='bbox 1264 2106 1504 2184; x_wconf 90' lang='lat' dir='ltr'>oblique</span> <span class='ocrx_word' id='word_1_230' title='bbox 1547 2125 1685 2168; x_wconf 90' lang='lat' dir='ltr'>cum</span> <span class='ocrx_word' id='word_1_231' title='bbox 1726 2109 1795 2168; x_wconf 90' lang='lat' dir='ltr'>iis</span> <span class='ocrx_word' id='word_1_232' title='bbox 1836 2121 2132 2187; x_wconf 85' lang='lat' dir='ltr'>pugnent,</span> <span class='ocrx_word' id='word_1_233' title='bbox 2177 2109 2386 2169; x_wconf 90' lang='lat' dir='ltr'>merito</span> <span class='ocrx_word' id='word_1_234' title='bbox 2428 2109 2742 2186; x_wconf 85' lang='lat' dir='ltr'>reijcimus.</span> 
     </span>
    </p>

    <p class='ocr_par' dir='ltr' id='par_1_6' title="bbox 584 2183 3498 2426">
     <span class='ocr_line' id='line_1_23' title="bbox 668 2183 3498 2274; baseline -0 -31"><span class='ocrx_word' id='word_1_235' title='bbox 668 2203 722 2259; x_wconf 86' lang='lat'>7.</span> <span class='ocrx_word' id='word_1_236' title='bbox 804 2183 1142 2246; x_wconf 87' lang='lat' dir='ltr'>Historicae</span> <span class='ocrx_word' id='word_1_237' title='bbox 1180 2186 1555 2248; x_wconf 88' lang='lat' dir='ltr'>Traditiones</span> <span class='ocrx_word' id='word_1_238' title='bbox 1595 2190 1995 2267; x_wconf 87' lang='lat' dir='ltr'>appellantur,</span> <span class='ocrx_word' id='word_1_239' title='bbox 2038 2206 2230 2250; x_wconf 89' lang='lat' dir='ltr'>rerum</span> <span class='ocrx_word' id='word_1_240' title='bbox 2271 2193 2310 2248; x_wconf 74' lang='lat' dir='ltr'>a</span> <span class='ocrx_word' id='word_1_241' title='bbox 2349 2189 2588 2249; x_wconf 91' lang='lat' dir='ltr'>Christo</span> <span class='ocrx_word' id='word_1_242' title='bbox 2629 2190 2685 2248; x_wconf 74' lang='grc' dir='ltr'>δε</span> <span class='ocrx_word' id='word_1_243' title='bbox 2730 2187 3034 2266; x_wconf 89' lang='lat' dir='ltr'>Apostolis</span> <span class='ocrx_word' id='word_1_244' title='bbox 3075 2185 3364 2248; x_wconf 77' lang='lat' dir='ltr'>dictarum</span> <span class='ocrx_word' id='word_1_245' title='bbox 3397 2203 3498 2274; x_wconf 81' lang='lat' dir='ltr'>ge·</span> 
     </span>
     <span class='ocr_line' id='line_1_24' title="bbox 584 2264 3497 2348; baseline -0.001 -24"><span class='ocrx_word' id='word_1_246' title='bbox 584 2267 921 2340; x_wconf 86' lang='lat' dir='ltr'>statumque</span> <span class='ocrx_word' id='word_1_247' title='bbox 962 2265 1345 2327; x_wconf 87' lang='lat' dir='ltr'>narrationes.</span> <span class='ocrx_word' id='word_1_248' title='bbox 1398 2269 1632 2328; x_wconf 88' lang='lat' dir='ltr'>Harum</span> <span class='ocrx_word' id='word_1_249' title='bbox 1670 2285 1823 2346; x_wconf 89' lang='lat' dir='ltr'>quae</span> <span class='ocrx_word' id='word_1_250' title='bbox 1862 2268 1924 2328; x_wconf 93' lang='lat' dir='ltr'>in</span> <span class='ocrx_word' id='word_1_251' title='bbox 1964 2271 2148 2330; x_wconf 89' lang='lat' dir='ltr'>verbo</span> <span class='ocrx_word' id='word_1_252' title='bbox 2189 2288 2312 2330; x_wconf 90' lang='lat' dir='ltr'>non</span> <span class='ocrx_word' id='word_1_253' title='bbox 2353 2269 2758 2348; x_wconf 88' lang='lat' dir='ltr'>continentur,</span> <span class='ocrx_word' id='word_1_254' title='bbox 2799 2288 2910 2347; x_wconf 92' lang='lat' dir='ltr'>pro</span> <span class='ocrx_word' id='word_1_255' title='bbox 2952 2267 3228 2327; x_wconf 89' lang='lat' dir='ltr'>humanis</span> <span class='ocrx_word' id='word_1_256' title='bbox 3267 2264 3497 2342; x_wconf 91' lang='lat' dir='ltr'>scriptis</span> 
     </span>
     <span class='ocr_line' id='line_1_25' title="bbox 585 2345 3189 2426; baseline 0.001 -23"><span class='ocrx_word' id='word_1_257' title='bbox 585 2345 895 2404; x_wconf 85' lang='lat' dir='ltr'>habendae</span> <span class='ocrx_word' id='word_1_258' title='bbox 934 2355 1095 2425; x_wconf 90' lang='lat' dir='ltr'>sunt,</span> <span class='ocrx_word' id='word_1_259' title='bbox 1136 2365 1207 2406; x_wconf 91' lang='lat' dir='ltr'>ac</span> <span class='ocrx_word' id='word_1_260' title='bbox 1245 2366 1371 2407; x_wconf 92' lang='lat' dir='ltr'>non</span> <span class='ocrx_word' id='word_1_261' title='bbox 1411 2347 1655 2408; x_wconf 88' lang='lat' dir='ltr'>veritate</span> <span class='ocrx_word' id='word_1_262' title='bbox 1693 2352 1750 2409; x_wconf 70' lang='grc' dir='ltr'>δι</span> <span class='ocrx_word' id='word_1_263' title='bbox 1790 2349 2142 2410; x_wconf 87' lang='lat' dir='ltr'>auctoritate</span> <span class='ocrx_word' id='word_1_264' title='bbox 2182 2367 2320 2408; x_wconf 88' lang='lat' dir='ltr'>cum</span> <span class='ocrx_word' id='word_1_265' title='bbox 2363 2349 2685 2410; x_wconf 87' lang='lat' dir='ltr'>Canonicis</span> <span class='ocrx_word' id='word_1_266' title='bbox 2727 2349 3189 2426; x_wconf 86' lang='lat' dir='ltr'>comparandae.</span> 
     </span>
    </p>

    <p class='ocr_par' dir='ltr' id='par_1_7' title="bbox 584 2427 3499 2747">
     <span class='ocr_line' id='line_1_26' title="bbox 666 2427 3496 2509; baseline -0.001 -24"><span class='ocrx_word' id='word_1_267' title='bbox 666 2428 722 2485; x_wconf 91' lang='lat'>8.</span> <span class='ocrx_word' id='word_1_268' title='bbox 802 2427 940 2486; x_wconf 86' lang='lat' dir='ltr'>Hae</span> <span class='ocrx_word' id='word_1_269' title='bbox 996 2436 1195 2487; x_wconf 83' lang='lat' dir='ltr'>autern</span> <span class='ocrx_word' id='word_1_270' title='bbox 1256 2427 1621 2489; x_wconf 87' lang='lat' dir='ltr'>narrationes</span> <span class='ocrx_word' id='word_1_271' title='bbox 1678 2431 1755 2489; x_wconf 91' lang='lat' dir='ltr'>ab</span> <span class='ocrx_word' id='word_1_272' title='bbox 1814 2429 2204 2509; x_wconf 88' lang='lat' dir='ltr'>Euangelistis</span> <span class='ocrx_word' id='word_1_273' title='bbox 2245 2433 2300 2491; x_wconf 73' lang='grc' dir='ltr'>δι</span> <span class='ocrx_word' id='word_1_274' title='bbox 2344 2428 2649 2507; x_wconf 90' lang='lat' dir='ltr'>Apostolis</span> <span class='ocrx_word' id='word_1_275' title='bbox 2689 2429 2826 2491; x_wconf 82' lang='lat' dir='ltr'>ideo</span> <span class='ocrx_word' id='word_1_276' title='bbox 2869 2428 3122 2489; x_wconf 87' lang='lat' dir='ltr'>omissae</span> <span class='ocrx_word' id='word_1_277' title='bbox 3162 2435 3330 2501; x_wconf 87' lang='lat' dir='ltr'>sunt,</span> <span class='ocrx_word' id='word_1_278' title='bbox 3371 2433 3496 2484; x_wconf 89' lang='lat' dir='ltr'>tum</span> 
     </span>
     <span class='ocr_line' id='line_1_27' title="bbox 584 2488 3494 2601; baseline -0.001 -36"><span class='ocrx_word' id='word_1_279' title='bbox 584 2504 723 2581; x_wconf 87' lang='lat' dir='ltr'>quia</span> <span class='ocrx_word' id='word_1_280' title='bbox 760 2505 891 2583; x_wconf 91' lang='lat' dir='ltr'>capi</span> <span class='ocrx_word' id='word_1_281' title='bbox 930 2509 967 2565; x_wconf 78' lang='lat' dir='ltr'>a</span> <span class='ocrx_word' id='word_1_282' title='bbox 1010 2488 1184 2567; x_wconf 75' lang='lat' dir='ltr'>nobis</span> <span class='ocrx_word' id='word_1_283' title='bbox 1225 2507 1299 2583; x_wconf 92' lang='lat' dir='ltr'>(si</span> <span class='ocrx_word' id='word_1_284' title='bbox 1338 2508 1662 2587; x_wconf 89' lang='lat' dir='ltr'>perscripta</span> <span class='ocrx_word' id='word_1_285' title='bbox 1701 2509 1945 2570; x_wconf 85' lang='lat' dir='ltr'>fuissent</span> <span class='ocrx_word' id='word_1_286' title='bbox 1987 2510 2210 2601; x_wconf 80' lang='lat' dir='ltr'>omnia)</span> <span class='ocrx_word' id='word_1_287' title='bbox 2251 2528 2556 2586; x_wconf 89' lang='lat' dir='ltr'>nunquam</span> <span class='ocrx_word' id='word_1_288' title='bbox 2597 2510 2955 2587; x_wconf 88' lang='lat' dir='ltr'>potuissent,</span> <span class='ocrx_word' id='word_1_289' title='bbox 2997 2520 3124 2567; x_wconf 90' lang='lat' dir='ltr'>tum</span> <span class='ocrx_word' id='word_1_290' title='bbox 3164 2506 3305 2583; x_wconf 88' lang='lat' dir='ltr'>quia</span> <span class='ocrx_word' id='word_1_291' title='bbox 3345 2503 3494 2564; x_wconf 85' lang='lat' dir='ltr'>ratio</span> 
     </span>
     <span class='ocr_line' id='line_1_28' title="bbox 584 2585 3499 2667; baseline -0.001 -22"><span class='ocrx_word' id='word_1_292' title='bbox 584 2585 919 2646; x_wconf 90' lang='lat' dir='ltr'>communis</span> <span class='ocrx_word' id='word_1_293' title='bbox 978 2604 1179 2647; x_wconf 89' lang='lat' dir='ltr'>earum</span> <span class='ocrx_word' id='word_1_294' title='bbox 1236 2592 1496 2666; x_wconf 85' lang='lat' dir='ltr'>perfecte</span> <span class='ocrx_word' id='word_1_295' title='bbox 1557 2589 1869 2667; x_wconf 87' lang='lat' dir='ltr'>Scripturis</span> <span class='ocrx_word' id='word_1_296' title='bbox 1906 2588 2240 2651; x_wconf 90' lang='lat' dir='ltr'>continetur</span> <span class='ocrx_word' id='word_1_297' title='bbox 2253 2635 2270 2667; x_wconf 94' lang='lat'>,</span> <span class='ocrx_word' id='word_1_298' title='bbox 2312 2601 2375 2649; x_wconf 84' lang='lat' dir='ltr'>vt</span> <span class='ocrx_word' id='word_1_299' title='bbox 2415 2592 2724 2651; x_wconf 89' lang='lat' dir='ltr'>credamus</span> <span class='ocrx_word' id='word_1_300' title='bbox 2763 2594 2956 2649; x_wconf 69' lang='lat' dir='ltr'>Iasum</span> <span class='ocrx_word' id='word_1_301' title='bbox 2995 2606 3124 2648; x_wconf 90' lang='lat' dir='ltr'>esse</span> <span class='ocrx_word' id='word_1_302' title='bbox 3165 2588 3499 2647; x_wconf 68' lang='lat' dir='ltr'>Cnms‘ruu</span> 
     </span>
     <span class='ocr_line' id='line_1_29' title="bbox 584 2665 2598 2756; baseline 0.004 -33"><span class='ocrx_word' id='word_1_303' title='bbox 584 2665 767 2725; x_wconf 90' lang='lat' dir='ltr'>filium</span> <span class='ocrx_word' id='word_1_304' title='bbox 807 2665 920 2726; x_wconf 92' lang='lat' dir='ltr'>Dei</span> <span class='ocrx_word' id='word_1_305' title='bbox 934 2710 953 2745; x_wconf 90' lang='lat'>,</span> <span class='ocrx_word' id='word_1_306' title='bbox 992 2667 1420 2756; x_wconf 88' lang='lat' dir='ltr'>credentesque</span> <span class='ocrx_word' id='word_1_307' title='bbox 1457 2668 1640 2729; x_wconf 87' lang='lat' dir='ltr'>vitam</span> <span class='ocrx_word' id='word_1_308' title='bbox 1682 2672 2006 2730; x_wconf 88' lang='lat' dir='ltr'>habeamus</span> <span class='ocrx_word' id='word_1_309' title='bbox 2046 2689 2154 2747; x_wconf 87' lang='lat' dir='ltr'>per</span> <span class='ocrx_word' id='word_1_310' title='bbox 2191 2689 2412 2731; x_wconf 89' lang='lat' dir='ltr'>nomen</span> <span class='ocrx_word' id='word_1_311' title='bbox 2454 2669 2598 2731; x_wconf 73' lang='lat' dir='ltr'>eiuS.</span> 
     </span>
    </p>

    <p class='ocr_par' dir='ltr' id='par_1_8' title="bbox 586 2743 3500 3069">
     <span class='ocr_line' id='line_1_30' title="bbox 665 2743 3498 2827; baseline -0.002 -21"><span class='ocrx_word' id='word_1_312' title='bbox 665 2766 724 2822; x_wconf 89' lang='lat'>9.</span> <span class='ocrx_word' id='word_1_313' title='bbox 804 2744 1242 2807; x_wconf 88' lang='lat' dir='ltr'>Ceremoniale&#39;s</span> <span class='ocrx_word' id='word_1_314' title='bbox 1300 2747 1644 2811; x_wconf 89' lang='lat' dir='ltr'>traditiones</span> <span class='ocrx_word' id='word_1_315' title='bbox 1705 2762 1996 2811; x_wconf 79' lang='lat' dir='ltr'>vocantur</span> <span class='ocrx_word' id='word_1_316' title='bbox 2053 2749 2195 2809; x_wconf 89' lang='lat' dir='ltr'>ritus</span> <span class='ocrx_word' id='word_1_317' title='bbox 2253 2750 2495 2826; x_wconf 88' lang='lat' dir='ltr'>quidam</span> <span class='ocrx_word' id='word_1_318' title='bbox 2551 2769 2674 2811; x_wconf 90' lang='lat' dir='ltr'>non</span> <span class='ocrx_word' id='word_1_319' title='bbox 2735 2749 2938 2827; x_wconf 89' lang='lat' dir='ltr'>scripti</span> <span class='ocrx_word' id='word_1_320' title='bbox 2994 2748 3070 2807; x_wconf 87' lang='lat' dir='ltr'>ad</span> <span class='ocrx_word' id='word_1_321' title='bbox 3128 2745 3400 2807; x_wconf 89' lang='lat' dir='ltr'>ordinem</span> <span class='ocrx_word' id='word_1_322' title='bbox 3441 2743 3498 2801; x_wconf 74' lang='grc' dir='ltr'>δι</span> 
     </span>
     <span class='ocr_line' id='line_1_31' title="bbox 587 2824 3500 2903; baseline -0.001 -18"><span class='ocrx_word' id='word_1_323' title='bbox 587 2825 873 2887; x_wconf 88' lang='lat' dir='ltr'>decorum</span> <span class='ocrx_word' id='word_1_324' title='bbox 912 2825 1286 2903; x_wconf 71' lang='lat' dir='ltr'>pertinentes.</span> <span class='ocrx_word' id='word_1_325' title='bbox 1322 2831 1394 2889; x_wconf 92' lang='lat' dir='ltr'>In</span> <span class='ocrx_word' id='word_1_326' title='bbox 1434 2829 1525 2889; x_wconf 89' lang='lat' dir='ltr'>his</span> <span class='ocrx_word' id='word_1_327' title='bbox 1565 2830 1687 2889; x_wconf 90' lang='lat' dir='ltr'>duo</span> <span class='ocrx_word' id='word_1_328' title='bbox 1726 2829 2190 2891; x_wconf 86' lang='lat' dir='ltr'>consideranda.</span> <span class='ocrx_word' id='word_1_329' title='bbox 2234 2849 2417 2889; x_wconf 91' lang='lat' dir='ltr'>vnum</span> <span class='ocrx_word' id='word_1_330' title='bbox 2455 2829 2765 2891; x_wconf 88' lang='lat' dir='ltr'>essentiale</span> <span class='ocrx_word' id='word_1_331' title='bbox 2805 2827 3304 2903; x_wconf 85' lang='lat' dir='ltr'>ceremoniarum,</span> <span class='ocrx_word' id='word_1_332' title='bbox 3357 2824 3500 2883; x_wconf 89' lang='lat' dir='ltr'>illud</span> 
     </span>
     <span class='ocr_line' id='line_1_32' title="bbox 586 2902 3499 2989; baseline -0 -25"><span class='ocrx_word' id='word_1_333' title='bbox 586 2906 901 2967; x_wconf 89' lang='lat' dir='ltr'>honestum</span> <span class='ocrx_word' id='word_1_334' title='bbox 939 2908 996 2966; x_wconf 75' lang='grc' dir='ltr'>δι</span> <span class='ocrx_word' id='word_1_335' title='bbox 1038 2905 1375 2968; x_wconf 88' lang='lat' dir='ltr'>ordinatum</span> <span class='ocrx_word' id='word_1_336' title='bbox 1408 2909 1573 2985; x_wconf 89' lang='lat' dir='ltr'>quod</span> <span class='ocrx_word' id='word_1_337' title='bbox 1614 2910 1673 2969; x_wconf 89' lang='lat' dir='ltr'>in</span> <span class='ocrx_word' id='word_1_338' title='bbox 1714 2910 1921 2971; x_wconf 89' lang='lat' dir='ltr'>ritibus</span> <span class='ocrx_word' id='word_1_339' title='bbox 1963 2920 2081 2986; x_wconf 88' lang='lat' dir='ltr'>est,</span> <span class='ocrx_word' id='word_1_340' title='bbox 2121 2920 2327 2989; x_wconf 89' lang='lat' dir='ltr'>vtpote</span> <span class='ocrx_word' id='word_1_341' title='bbox 2366 2910 2493 2987; x_wconf 89' lang='lat' dir='ltr'>ipsa</span> <span class='ocrx_word' id='word_1_342' title='bbox 2533 2909 2746 2969; x_wconf 87' lang='lat' dir='ltr'>vtilitas</span> <span class='ocrx_word' id='word_1_343' title='bbox 2787 2910 2842 2967; x_wconf 74' lang='grc' dir='ltr'>δι</span> <span class='ocrx_word' id='word_1_344' title='bbox 2865 2907 3203 2969; x_wconf 84' lang='lat' dir='ltr'>aedificatio</span> <span class='ocrx_word' id='word_1_345' title='bbox 3224 2902 3499 2983; x_wconf 82' lang='lat' dir='ltr'>proximi.</span> 
     </span>
     <span class='ocr_line' id='line_1_33' title="bbox 589 2985 3500 3081; baseline -0.001 -37"><span class='ocrx_word' id='word_1_346' title='bbox 589 2988 855 3045; x_wconf 88' lang='lat' dir='ltr'>Alterum</span> <span class='ocrx_word' id='word_1_347' title='bbox 874 2985 1271 3065; x_wconf 88' lang='lat' dir='ltr'>accidentale,</span> <span class='ocrx_word' id='word_1_348' title='bbox 1304 2987 1369 3048; x_wconf 91' lang='lat' dir='ltr'>id</span> <span class='ocrx_word' id='word_1_349' title='bbox 1386 3000 1501 3067; x_wconf 91' lang='lat' dir='ltr'>est,</span> <span class='ocrx_word' id='word_1_350' title='bbox 1536 2989 1697 3081; x_wconf 87' lang='lat' dir='ltr'>ipsae</span> <span class='ocrx_word' id='word_1_351' title='bbox 1718 2990 2216 3063; x_wconf 89' lang='lat' dir='ltr'>circumstantiae,</span> <span class='ocrx_word' id='word_1_352' title='bbox 2252 2992 2500 3069; x_wconf 90' lang='lat' dir='ltr'>modus,</span> <span class='ocrx_word' id='word_1_353' title='bbox 2537 2999 2790 3068; x_wconf 88' lang='lat' dir='ltr'>tempus,</span> <span class='ocrx_word' id='word_1_354' title='bbox 2831 2991 3019 3065; x_wconf 77' lang='grc' dir='ltr'><strong>Ιοειιε,</strong></span> <span class='ocrx_word' id='word_1_355' title='bbox 3039 3005 3347 3064; x_wconf 89' lang='lat' dir='ltr'>personae,</span> <span class='ocrx_word' id='word_1_356' title='bbox 3369 2988 3424 3044; x_wconf 77' lang='grc' dir='ltr'>δι</span> <span class='ocrx_word' id='word_1_357' title='bbox 3445 3002 3500 3042; x_wconf 93' lang='lat' dir='ltr'>c.</span> 
     </span>
    </p>

    <p class='ocr_par' dir='ltr' id='par_1_9' title="bbox 589 3033 3504 3307">
     <span class='ocr_line' id='line_1_34' title="bbox 674 3033 3504 3145; baseline -0.001 -21"><span class='ocrx_word' id='word_1_358' title='bbox 674 3084 766 3125; x_wconf 89' lang='lat'>10.</span> <span class='ocrx_word' id='word_1_359' title='bbox 844 3069 1047 3143; x_wconf 88' lang='lat' dir='ltr'>Ipsum</span> <span class='ocrx_word' id='word_1_360' title='bbox 1088 3033 1393 3129; x_wconf 88' lang='lat' dir='ltr'>essentiale</span> <span class='ocrx_word' id='word_1_361' title='bbox 1432 3069 1635 3129; x_wconf 89' lang='lat' dir='ltr'>decori</span> <span class='ocrx_word' id='word_1_362' title='bbox 1678 3074 1735 3129; x_wconf 84' lang='lat'>&amp;</span> <span class='ocrx_word' id='word_1_363' title='bbox 1772 3071 1997 3131; x_wconf 88' lang='lat' dir='ltr'>ordinis</span> <span class='ocrx_word' id='word_1_364' title='bbox 2025 3074 2187 3145; x_wconf 89' lang='lat' dir='ltr'>(nam</span> <span class='ocrx_word' id='word_1_365' title='bbox 2207 3035 2573 3129; x_wconf 85' lang='lat' dir='ltr'>ceremonias</span> <span class='ocrx_word' id='word_1_366' title='bbox 2593 3067 2960 3129; x_wconf 86' lang='lat' dir='ltr'>Testamenti</span> <span class='ocrx_word' id='word_1_367' title='bbox 2980 3067 3212 3128; x_wconf 89' lang='lat' dir='ltr'>Veteris</span> <span class='ocrx_word' id='word_1_368' title='bbox 3233 3066 3504 3142; x_wconf 86' lang='lat' dir='ltr'>figurales</span> 
     </span>
     <span class='ocr_line' id='line_1_35' title="bbox 590 3143 3499 3241; baseline -0.001 -36"><span class='ocrx_word' id='word_1_369' title='bbox 590 3143 919 3220; x_wconf 80' lang='lat' dir='ltr'>antiquatas</span> <span class='ocrx_word' id='word_1_370' title='bbox 978 3151 1232 3222; x_wconf 88' lang='lat' dir='ltr'>constat)</span> <span class='ocrx_word' id='word_1_371' title='bbox 1288 3150 1427 3225; x_wconf 90' lang='lat' dir='ltr'>quia</span> <span class='ocrx_word' id='word_1_372' title='bbox 1465 3151 1641 3210; x_wconf 88' lang='lat' dir='ltr'>rebus</span> <span class='ocrx_word' id='word_1_373' title='bbox 1680 3149 2068 3241; x_wconf 87' lang='lat' dir='ltr'>dogmaticis,</span> <span class='ocrx_word' id='word_1_374' title='bbox 2111 3151 2436 3227; x_wconf 79' lang='lat' dir='ltr'>ethicssque</span> <span class='ocrx_word' id='word_1_375' title='bbox 2475 3148 3035 3224; x_wconf 88' lang='lat' dir='ltr'>coniunctissimun,</span> <span class='ocrx_word' id='word_1_376' title='bbox 3077 3148 3133 3207; x_wconf 73' lang='grc' dir='ltr'>δι</span> <span class='ocrx_word' id='word_1_377' title='bbox 3173 3145 3499 3207; x_wconf 90' lang='lat' dir='ltr'>secundum</span> 
     </span>
     <span class='ocr_line' id='line_1_36' title="bbox 589 3223 3499 3307; baseline -0 -24"><span class='ocrx_word' id='word_1_378' title='bbox 589 3240 773 3300; x_wconf 88' lang='lat' dir='ltr'>genus</span> <span class='ocrx_word' id='word_1_379' title='bbox 812 3223 992 3301; x_wconf 90' lang='lat' dir='ltr'>ipsius</span> <span class='ocrx_word' id='word_1_380' title='bbox 1030 3225 1093 3286; x_wconf 91' lang='lat' dir='ltr'>in</span> <span class='ocrx_word' id='word_1_381' title='bbox 1134 3229 1315 3288; x_wconf 87' lang='lat' dir='ltr'>verbo</span> <span class='ocrx_word' id='word_1_382' title='bbox 1358 3229 1473 3287; x_wconf 88' lang='lat' dir='ltr'>Dei</span> <span class='ocrx_word' id='word_1_383' title='bbox 1512 3229 1906 3307; x_wconf 90' lang='lat' dir='ltr'>perscriptum</span> <span class='ocrx_word' id='word_1_384' title='bbox 1944 3241 2064 3307; x_wconf 89' lang='lat' dir='ltr'>est,</span> <span class='ocrx_word' id='word_1_385' title='bbox 2105 3240 2406 3290; x_wconf 89' lang='lat' dir='ltr'>aeternum</span> <span class='ocrx_word' id='word_1_386' title='bbox 2449 3239 2538 3289; x_wconf 92' lang='lat' dir='ltr'>est</span> <span class='ocrx_word' id='word_1_387' title='bbox 2558 3240 2735 3306; x_wconf 87' lang='lat' dir='ltr'>atque</span> <span class='ocrx_word' id='word_1_388' title='bbox 2753 3226 3140 3288; x_wconf 88' lang='lat' dir='ltr'>immutabile.</span> <span class='ocrx_word' id='word_1_389' title='bbox 3171 3248 3219 3289; x_wconf 90' lang='lat'>1.</span> <span class='ocrx_word' id='word_1_390' title='bbox 3247 3228 3384 3287; x_wconf 82' lang='lat' dir='ltr'>Gor.</span> <span class='ocrx_word' id='word_1_391' title='bbox 3413 3243 3499 3296; x_wconf 89' lang='lat'><strong>14.</strong></span> 
     </span>
    </p>
   </div>
   <div class='ocr_carea' id='block_1_3' title="bbox 588 3305 3500 3459">
    <p class='ocr_par' dir='ltr' id='par_1_10' title="bbox 588 3305 3500 3459">
     <span class='ocr_line' id='line_1_37' title="bbox 588 3305 3500 3391; baseline -0.001 -27"><span class='ocrx_word' id='word_1_392' title='bbox 588 3322 736 3364; x_wconf 84' lang='lat' dir='ltr'>vers.</span> <span class='ocrx_word' id='word_1_393' title='bbox 780 3324 877 3375; x_wconf 89' lang='lat'><strong>40.</strong></span> <span class='ocrx_word' id='word_1_394' title='bbox 916 3308 1103 3363; x_wconf 75' lang='grc' dir='ltr'><em>πάντα</em></span> <span class='ocrx_word' id='word_1_395' title='bbox 1142 3308 1515 3383; x_wconf 73' lang='grc' dir='ltr'><strong><em>εὐσχημόνως</em></strong></span> <span class='ocrx_word' id='word_1_396' title='bbox 1556 3311 1651 3368; x_wconf 71' lang='grc' dir='ltr'>καὶ</span> <span class='ocrx_word' id='word_1_397' title='bbox 1692 3312 1836 3368; x_wconf 70' lang='grc' dir='ltr'>κατά</span> <span class='ocrx_word' id='word_1_398' title='bbox 1876 3313 2043 3374; x_wconf 78' lang='grc' dir='ltr'><strong>τᾶξιν</strong></span> <span class='ocrx_word' id='word_1_399' title='bbox 2081 3310 2358 3391; x_wconf 67' lang='grc' dir='ltr'><strong>γενέσθαι.</strong></span> <span class='ocrx_word' id='word_1_400' title='bbox 2400 3309 2787 3369; x_wconf 84' lang='lat' dir='ltr'>Accidentale</span> <span class='ocrx_word' id='word_1_401' title='bbox 2828 3309 2914 3384; x_wconf 91' lang='lat' dir='ltr'>(id</span> <span class='ocrx_word' id='word_1_402' title='bbox 2947 3318 3066 3386; x_wconf 91' lang='lat' dir='ltr'>est,</span> <span class='ocrx_word' id='word_1_403' title='bbox 3103 3308 3232 3386; x_wconf 89' lang='lat' dir='ltr'>ipsa</span> <span class='ocrx_word' id='word_1_404' title='bbox 3253 3305 3500 3365; x_wconf 87' lang='lat' dir='ltr'>circum·</span> 
     </span>
     <span class='ocr_line' id='line_1_38' title="bbox 590 3381 1975 3459; baseline 0.005 -18"><span class='ocrx_word' id='word_1_405' title='bbox 590 3381 936 3443; x_wconf 83' lang='lat' dir='ltr'>stantiamm</span> <span class='ocrx_word' id='word_1_406' title='bbox 974 3384 1149 3459; x_wconf 88' lang='lat' dir='ltr'>ratio)</span> <span class='ocrx_word' id='word_1_407' title='bbox 1191 3390 1414 3449; x_wconf 87' lang='lat' dir='ltr'>varium</span> <span class='ocrx_word' id='word_1_408' title='bbox 1452 3397 1541 3446; x_wconf 89' lang='lat' dir='ltr'>est</span> <span class='ocrx_word' id='word_1_409' title='bbox 1579 3392 1635 3446; x_wconf 89' lang='lat'>&amp;</span> <span class='ocrx_word' id='word_1_410' title='bbox 1674 3390 1975 3449; x_wconf 90' lang='lat' dir='ltr'>mutabile.</span> 
     </span>
    </p>
   </div>
   <div class='ocr_carea' id='block_1_4' title="bbox 592 3462 3505 3787">
    <p class='ocr_par' dir='ltr' id='par_1_11' title="bbox 592 3462 3505 3787">
     <span class='ocr_line' id='line_1_39' title="bbox 679 3462 3505 3546; baseline 0 -26"><span class='ocrx_word' id='word_1_411' title='bbox 679 3482 768 3521; x_wconf 91' lang='lat'>11.</span> <span class='ocrx_word' id='word_1_412' title='bbox 852 3463 1289 3524; x_wconf 87' lang='lat' dir='ltr'>Ceremoniales</span> <span class='ocrx_word' id='word_1_413' title='bbox 1345 3476 1543 3525; x_wconf 91' lang='lat' dir='ltr'>autem</span> <span class='ocrx_word' id='word_1_414' title='bbox 1603 3474 2007 3545; x_wconf 80' lang='lat' dir='ltr'>quaecunque·</span> <span class='ocrx_word' id='word_1_415' title='bbox 2031 3478 2194 3545; x_wconf 85' lang='lat' dir='ltr'>sunt,</span> <span class='ocrx_word' id='word_1_416' title='bbox 2234 3472 2394 3528; x_wconf 80' lang='lat' dir='ltr'>recte</span> <span class='ocrx_word' id='word_1_417' title='bbox 2433 3468 2492 3527; x_wconf 91' lang='lat' dir='ltr'>in</span> <span class='ocrx_word' id='word_1_418' title='bbox 2533 3469 2646 3529; x_wconf 88' lang='lat' dir='ltr'>tria</span> <span class='ocrx_word' id='word_1_419' title='bbox 2685 3488 2903 3546; x_wconf 88' lang='lat' dir='ltr'>genera</span> <span class='ocrx_word' id='word_1_420' title='bbox 2941 3466 3211 3527; x_wconf 88' lang='lat' dir='ltr'>distribui</span> <span class='ocrx_word' id='word_1_421' title='bbox 3249 3470 3287 3525; x_wconf 74' lang='lat' dir='ltr'>a</span> <span class='ocrx_word' id='word_1_422' title='bbox 3326 3462 3505 3523; x_wconf 89' lang='lat' dir='ltr'>nobis</span> 
     </span>
     <span class='ocr_line' id='line_1_40' title="bbox 592 3544 3505 3626; baseline -0 -24"><span class='ocrx_word' id='word_1_423' title='bbox 592 3553 870 3619; x_wconf 91' lang='lat' dir='ltr'>possunt:</span> <span class='ocrx_word' id='word_1_424' title='bbox 909 3545 1113 3603; x_wconf 88' lang='lat' dir='ltr'>Vnum</span> <span class='ocrx_word' id='word_1_425' title='bbox 1153 3545 1444 3605; x_wconf 87' lang='lat' dir='ltr'>bonarum</span> <span class='ocrx_word' id='word_1_426' title='bbox 1484 3556 1604 3623; x_wconf 89' lang='lat' dir='ltr'>est,</span> <span class='ocrx_word' id='word_1_427' title='bbox 1644 3550 1894 3608; x_wconf 88' lang='lat' dir='ltr'>alterum</span> <span class='ocrx_word' id='word_1_428' title='bbox 1934 3550 2251 3626; x_wconf 87' lang='lat' dir='ltr'>malarum,</span> <span class='ocrx_word' id='word_1_429' title='bbox 2294 3548 2529 3608; x_wconf 88' lang='lat' dir='ltr'>tertium</span> <span class='ocrx_word' id='word_1_430' title='bbox 2569 3548 3023 3609; x_wconf 83' lang='lat' dir='ltr'>indifferentium</span> <span class='ocrx_word' id='word_1_431' title='bbox 3064 3551 3119 3607; x_wconf 73' lang='grc' dir='ltr'>δι</span> <span class='ocrx_word' id='word_1_432' title='bbox 3155 3544 3505 3605; x_wconf 85' lang='lat' dir='ltr'>mediarum.</span> 
     </span>
     <span class='ocr_line' id='line_1_41' title="bbox 677 3620 3505 3707; baseline 0.001 -28"><span class='ocrx_word' id='word_1_433' title='bbox 677 3642 767 3682; x_wconf 87' lang='lat'>12.</span> <span class='ocrx_word' id='word_1_434' title='bbox 847 3625 1048 3683; x_wconf 89' lang='lat' dir='ltr'>Bonae</span> <span class='ocrx_word' id='word_1_435' title='bbox 1087 3620 1362 3684; x_wconf 89' lang='lat' dir='ltr'>dicuntur</span> <span class='ocrx_word' id='word_1_436' title='bbox 1390 3644 1523 3703; x_wconf 90' lang='lat' dir='ltr'>eae,</span> <span class='ocrx_word' id='word_1_437' title='bbox 1556 3644 1708 3703; x_wconf 90' lang='lat' dir='ltr'>quae</span> <span class='ocrx_word' id='word_1_438' title='bbox 1740 3644 1881 3687; x_wconf 89' lang='lat' dir='ltr'>cum</span> <span class='ocrx_word' id='word_1_439' title='bbox 1915 3628 2255 3706; x_wconf 88' lang='lat' dir='ltr'>sanctitate,</span> <span class='ocrx_word' id='word_1_440' title='bbox 2290 3628 2611 3706; x_wconf 88' lang='lat' dir='ltr'>aequitate,</span> <span class='ocrx_word' id='word_1_441' title='bbox 2632 3630 2901 3707; x_wconf 85' lang='lat' dir='ltr'>veritate,</span> <span class='ocrx_word' id='word_1_442' title='bbox 2930 3629 3270 3702; x_wconf 86' lang='lat' dir='ltr'>honestate,</span> <span class='ocrx_word' id='word_1_443' title='bbox 3293 3624 3505 3684; x_wconf 87' lang='lat' dir='ltr'>ordine</span> 
     </span>
     <span class='ocr_line' id='line_1_42' title="bbox 593 3702 3504 3787; baseline 0 -27"><span class='ocrx_word' id='word_1_444' title='bbox 593 3702 947 3763; x_wconf 86' lang='lat' dir='ltr'>coniunctae</span> <span class='ocrx_word' id='word_1_445' title='bbox 988 3714 1141 3762; x_wconf 87' lang='lat' dir='ltr'>sunt.</span> <span class='ocrx_word' id='word_1_446' title='bbox 1182 3706 1379 3764; x_wconf 88' lang='lat' dir='ltr'>Malae</span> <span class='ocrx_word' id='word_1_447' title='bbox 1416 3705 1723 3783; x_wconf 90' lang='lat' dir='ltr'>dicuntur,</span> <span class='ocrx_word' id='word_1_448' title='bbox 1765 3726 1917 3783; x_wconf 86' lang='lat' dir='ltr'>quae</span> <span class='ocrx_word' id='word_1_449' title='bbox 1956 3726 2094 3767; x_wconf 87' lang='lat' dir='ltr'>cum</span> <span class='ocrx_word' id='word_1_450' title='bbox 2132 3710 2308 3767; x_wconf 85' lang='lat' dir='ltr'>rebus</span> <span class='ocrx_word' id='word_1_451' title='bbox 2349 3708 2558 3767; x_wconf 89' lang='lat' dir='ltr'>iisdem</span> <span class='ocrx_word' id='word_1_452' title='bbox 2597 3720 2878 3787; x_wconf 87' lang='lat' dir='ltr'>pugnant.</span> <span class='ocrx_word' id='word_1_453' title='bbox 2936 3708 3172 3767; x_wconf 89' lang='lat' dir='ltr'>Mediae</span> <span class='ocrx_word' id='word_1_454' title='bbox 3207 3723 3362 3781; x_wconf 89' lang='lat' dir='ltr'>quae</span> <span class='ocrx_word' id='word_1_455' title='bbox 3394 3722 3504 3781; x_wconf 87' lang='lat' dir='ltr'>pro</span> 
     </span>
    </p>
   </div>
   <div class='ocr_carea' id='block_1_5' title="bbox 594 3782 3500 3941">
    <p class='ocr_par' dir='ltr' id='par_1_12' title="bbox 594 3782 3500 3941">
     <span class='ocr_line' id='line_1_43' title="bbox 594 3782 3500 3865; baseline 0.001 -26"><span class='ocrx_word' id='word_1_456' title='bbox 594 3782 819 3843; x_wconf 90' lang='lat' dir='ltr'>ratione</span> <span class='ocrx_word' id='word_1_457' title='bbox 858 3798 1272 3861; x_wconf 87' lang='lat' dir='ltr'>personarum,</span> <span class='ocrx_word' id='word_1_458' title='bbox 1312 3787 1615 3863; x_wconf 89' lang='lat' dir='ltr'>locorum,</span> <span class='ocrx_word' id='word_1_459' title='bbox 1656 3789 1711 3846; x_wconf 74' lang='grc' dir='ltr'>δι</span> <span class='ocrx_word' id='word_1_460' title='bbox 1744 3796 2080 3865; x_wconf 85' lang='lat' dir='ltr'>temporum</span> <span class='ocrx_word' id='word_1_461' title='bbox 2113 3805 2250 3847; x_wconf 90' lang='lat' dir='ltr'>curn</span> <span class='ocrx_word' id='word_1_462' title='bbox 2273 3786 2483 3848; x_wconf 89' lang='lat' dir='ltr'>iisdem</span> <span class='ocrx_word' id='word_1_463' title='bbox 2515 3791 2690 3849; x_wconf 89' lang='lat' dir='ltr'>rebus</span> <span class='ocrx_word' id='word_1_464' title='bbox 2725 3790 2906 3851; x_wconf 75' lang='lat' dir='ltr'>mode</span> <span class='ocrx_word' id='word_1_465' title='bbox 2939 3789 3289 3863; x_wconf 88' lang='lat' dir='ltr'>cohaerere,</span> <span class='ocrx_word' id='word_1_466' title='bbox 3317 3783 3500 3844; x_wconf 81' lang='lat' dir='ltr'>modo</span> 
     </span>
     <span class='ocr_line' id='line_1_44' title="bbox 594 3862 1357 3941; baseline 0.005 -22"><span class='ocrx_word' id='word_1_467' title='bbox 594 3877 857 3938; x_wconf 86' lang='lat' dir='ltr'>pugnare</span> <span class='ocrx_word' id='word_1_468' title='bbox 897 3862 1357 3941; x_wconf 88' lang='lat' dir='ltr'>comperiuntur.</span> 
     </span>
    </p>
   </div>
   <div class='ocr_carea' id='block_1_6' title="bbox 3144 4398 3562 4489">
    <p class='ocr_par' dir='ltr' id='par_1_13' title="bbox 3144 4398 3562 4489">
     <span class='ocr_line' id='line_1_45' title="bbox 3144 4398 3562 4489; baseline 0 -1"><span class='ocrx_word' id='word_1_469' title='bbox 3144 4432 3308 4489; x_wconf 85' lang='lat' dir='ltr'>vm.</span> <span class='ocrx_word' id='word_1_470' title='bbox 3371 4398 3562 4488; x_wconf 41' lang='lat' dir='ltr'>DE*</span> 
     </span>
    </p>
   </div>
   <div class='ocr_carea' id='block_1_7' title="bbox 3896 1770 3900 2296">
    <p class='ocr_par' dir='ltr' id='par_1_14' title="bbox 3896 1770 3900 2296">
     <span class='ocr_line' id='line_1_46' title="bbox 3896 1770 3900 2296; baseline 0 0"><span class='ocrx_word' id='word_1_471' title='bbox 3896 1770 3900 2296; x_wconf 95' lang='lat' dir='ltr'> </span> 
     </span>
    </p>
   </div>
  </div>
 </body>
</html>
