3923 4875
1359 357 1684 402 tunsus
1745 337 2401 402 τιιιιοιοοιοιιιι.
3250 354 3358 415 157

452 517 601 578 illius
636 515 916 591 domicilii
962 517 1190 577 incolae
1230 527 1363 576 sunt
1406 516 1606 576 fideles
1644 515 1841 575 anima
1882 517 2104 592 solum,
2153 529 2466 592 postquam
2507 537 2577 576 ea
2619 515 2886 593 corporis
2925 517 3012 574 sui
3051 514 3356 575 domicilio

452 611 757 675 segregata
807 609 923 657 est.
979 607 1265 674 eruntque
1318 596 1495 656 iidem
1548 595 1659 656 toti
1698 595 2023 655 secundum
2064 595 2318 654 animam
2361 599 2414 656 δι
2455 614 2702 674 corpus
2745 599 2879 654 etun
2923 595 2978 653 in
3021 595 3116 654 die
3157 595 3353 670 iudicij

452 681 491 736 a
530 697 762 736 summo
806 677 905 736 illo
944 675 1137 736 iudice
1176 677 1255 736 ad
1294 676 1475 736 vitam
1515 685 1813 735 aeternam
1854 675 2069 734 fuerint
2109 674 2447 735 resuscitati.

540 776 628 816 10.
708 757 1031 832 Inferioris
1072 755 1353 830 domicilii
1393 755 1590 816 incola
1629 766 1720 814 est
1756 755 1941 814 homo
1983 753 2326 832 praecipue,
2367 754 2470 830 qui
2499 764 2587 814 est
2605 764 2868 814 creatura
2895 754 3004 813 Dei
3027 753 3352 844 rationalis,

452 836 531 895 ad
575 835 886 913 imaginem
930 835 1080 895 illius
1120 834 1390 912 condita,
1428 835 1657 894 duabus
1698 833 1957 910 partibus
1999 845 2307 912 constans,
2349 833 2545 892 anima
2583 833 2833 910 scilicet,
2854 852 3006 910 quae
3033 832 3356 894 substantia

455 926 543 975 est
604 915 941 975 immediate
998 917 1035 974 a
1092 917 1223 974 Deo
1284 925 1512 991 creata,
1562 912 1901 990 spiritualiS‚
1938 880 2307 973 immortalis
2323 914 2432 972 διο.
2479 915 2533 972 &
2575 923 2850 1004 corpore,
2892 915 3057 989 quod
3097 933 3170 972 ex
3210 912 3354 972 limo

456 1005 642 1054 terrae
681 997 759 1056 ab
798 995 1015 1054 eodem
1056 996 1425 1055 efformatum
1468 1005 1583 1058 est.
1624 995 1869 1069 Propter
1903 992 2206 1052 hominem
2227 992 2404 1053 etiam
2428 993 2653 1052 incolae
2676 991 2843 1051 huius
2864 991 3151 1052 inferioris
3169 992 3358 1050 domi·

454 1073 567 1148 cilij
610 1086 743 1134 sunt
780 1073 1102 1133 animantia
1141 1074 1301 1133 varia
1339 1075 1455 1132 vna
1494 1091 1631 1132 cum
1674 1073 1849 1131 rebus
1891 1071 2167 1132 omnibus
2206 1073 2284 1132 ad
2319 1072 2720 1132 necessitatem
2745 1076 2800 1132 δι
2822 1074 3184 1150 voluptatem
3207 1071 3359 1131 illius

456 1154 812 1214 necessariis.
886 1157 1091 1213 Genes.
1138 1174 1184 1213 1.
1230 1158 1323 1212 28.
1370 1171 1473 1228 29,
1514 1153 1625 1211 ὅτε.

543 1237 817 1294 11.1n
834 1233 923 1292 his
971 1245 1169 1293 autem
1220 1231 1495 1292 omnibus
1533 1229 1803 1290 creandis
1844 1228 1941 1289 hic
1983 1231 2135 1290 ordo
2179 1241 2440 1290 seruatus
2481 1249 2608 1290 esse
2649 1231 2877 1290 videtur
2913 1234 2950 1289 a
2991 1233 3148 1307 De0,
3192 1231 3357 1306 quod

452 1315 589 1371 cum
632 1312 745 1371 alia
790 1311 1100 1388 simplicia,
1140 1311 1252 1372 alia
1292 1309 1623 1400 composita
1661 1309 1801 1384 sint,
1843 1309 1943 1368 illa
1984 1309 2143 1386 prius
2183 1313 2360 1386 quam
2404 1312 2548 1370 haec
2587 1309 2890 1369 creauerit.
2957 1309 3256 1386 Simplicia
3295 1329 3350 1369 a.

452 1405 585 1450 sunt
626 1391 879 1469 primum
918 1413 988 1450 τιι
1030 1395 1374 1482 §naneti-vm
1416 1387 1630 1449 deinde
1670 1391 1937 1462 coelum
1979 1392 2033 1448 δι
2076 1408 2330 1465 corpora
2369 1389 2518 1448 intra
2557 1389 2838 1449 extimum
2877 1389 3030 1449 coeli
3071 1389 3356 1448 ambitum

454 1475 884 1548 comprehensa
922 1481 1201 1549 quatuor,
1240 1471 1417 1560 igniS,
1456 1475 1589 1541 aer,
1630 1487 1814 1544 aqua,
1854 1479 2035 1542 terra,
2075 1485 2226 1544 quae
2266 1470 2556 1529 elementa
2595 1470 2988 1546 appellantur
3029 1489 3102 1528 ex
3145 1469 3360 1545 quibus

457 1569 548 1608 res
588 1571 793 1612 omnes
834 1561 1149 1610 concretae
1190 1548 1440 1625 primum
1481 1558 1945 1639 componuntur,
1989 1550 2044 1606 δι
2085 1547 2143 1607 in
2186 1566 2338 1624 quae
2379 1547 2582 1609 vltimo
2623 1551 3018 1624 resoluuntur,
3059 1549 3185 1625 ipsa
3218 1554 3358 1608 vero

457 1629 515 1688 in
559 1632 717 1689 null-t
757 1651 819 1690 se
858 1631 1070 1707 priora.
1130 1629 1219 1687 Ex
1262 1627 1607 1718 compositis
1644 1639 1874 1702 autem
1914 1631 2194 1703 (quorum
2235 1627 2348 1686 alia
2389 1631 2643 1705 perfecte
2686 1627 3015 1705 composita
3055 1635 3218 1702 sunt)
3263 1629 3359 1686 illa
3409 1637 3422 1652 ⁰

456 1709 615 1786 prius
654 1724 881 1786 creata,
920 1727 1072 1786 quae
1116 1719 1391 1784 tanquam
1432 1706 1703 1768 inferiora
1740 1705 2084 1782 superiorib.
2127 1718 2322 1767 essent
2360 1707 2731 1784 inseruitum,
2771 1708 2934 1784 quod
2977 1727 3226 1784 sequens
3263 1707 3357 1766 ille

458 1807 653 1847 rerum
694 1799 1021 1850 creatarum
1060 1789 1211 1848 ordo
1252 1788 1616 1864 quadruplex
1656 1788 1879 1845 clarum
1922 1785 2112 1846 faciet.

544 1889 631 1928 12.
710 1872 759 1928 Ι.
802 1870 890 1927 Ea
928 1886 1081 1944 quae
1121 1877 1347 1926 tantum
1369 1887 1495 1926 esse
1516 1867 1734 1925 habent
1756 1865 1913 1942 prius
1932 1875 2068 1924 sunt
2088 1877 2313 1938 creata,
2335 1869 2512 1942 quam
2533 1884 2686 1942 quae
2709 1877 2936 1942 praeter
2957 1885 3115 1940 esse,
3137 1867 3356 1924 habent

452 1948 623 2006 etiam
666 1948 880 2008 viuere.
944 1948 1021 2007 11.
1062 1948 1233 2022 Quae
1272 1959 1501 2024 praeter
1536 1964 1664 2005 esse
1704 1945 1925 2004 habent
1965 1945 2186 2021 viuere,
2227 1945 2386 2020 prius
2428 1957 2622 2006 creata
2653 1959 2815 2015 sunt
2862 1949 3040 2022 quam
3082 1966 3150 2004 ea
3193 1963 3345 2022 quae

450 2025 686 2116 insuper
724 2029 780 2086 δι
818 2026 1075 2086 animam
1116 2028 1335 2086 habent
1376 2025 1737 2085 rationalem.
1802 2027 1908 2084 111.
1950 2042 2102 2100 quae
2143 2036 2372 2101 praeter
2391 2043 2550 2102 esse,
2573 2025 2770 2084 viuere
2791 2029 2842 2084 h·
2847 2029 3008 2084 ibent
3029 2030 3084 2086 δι
3105 2025 3354 2099 sentire,

456 2105 611 2183 prius
670 2117 869 2166 creata
926 2117 1063 2166 sunt
1120 2109 1298 2182 quam
1357 2125 1429 2166 ea
1485 2121 1637 2182 quae
1696 2104 1933 2180 insuper
1970 2107 2188 2163 habent
2227 2103 2482 2164 animam
2527 2105 2888 2166 rationalem.
2949 2109 3052 2164 IV.
3098 2105 3356 2176 Vltimo,

455 2195 650 2246 creata
686 2199 821 2246 sunt
863 2205 934 2245 ea
972 2204 1125 2262 quae
1164 2195 1394 2263 praeter
1431 2203 1585 2259 esse,
1624 2183 1823 2242 viuere
1861 2187 1916 2243 δι
1956 2182 2199 2257 sentire,
2243 2182 2586 2244 rationalem
2619 2187 2874 2244 animam
2917 2189 3166 2262 superne
3187 2205 3352 2242 acce-

456 2276 693 2342 petunt,
758 2265 1029 2326 videlicet
1088 2265 1385 2340 homines,
1436 2275 1498 2322 vt
1548 2264 1585 2339 ij
1628 2261 1855 2322 ratione
1892 2263 2006 2322 hac
2045 2263 2198 2325 duce
2239 2267 2294 2322 &
2334 2263 2612 2341 magistra
2649 2274 2774 2323 tum
2818 2264 3018 2322 omui-t
3061 2265 3186 2339 illa,
3229 2275 3352 2323 tum

457 2344 679 2421 seipsos
716 2349 971 2404 reserant
1006 2347 1073 2420 (f.
1124 2347 1316 2420 1638.)
1356 2345 1433 2402 ad
1477 2341 1966 2419 sapientissimum
2007 2341 2170 2401 illurn
2211 2352 2508 2402 tantorum
2549 2345 2846 2403 bonorum
2891 2345 3356 2420 dispensatorem

458 2427 511 2484 ἃ
568 2437 871 2485 auctorem
925 2427 1147 2502 Deum,
1186 2444 1324 2483 nam
1364 2444 1437 2483 ex
1477 2443 1551 2484 eo
1592 2425 1647 2490 &
1686 2442 1791 2500 per
1830 2439 1997 2499 eum,
2037 2425 2091 2483 δι
2133 2423 2192 2481 in
2231 2421 2430 2500 ipsum
2467 2433 2602 2483 sunt
2641 2422 2860 2483 omnia.
2905 2426 3076 2484 Rom.
3125 2444 3212 2483 11.
3259 2425 3354 2499 36.

456 2504 573 2581 Ipsi
612 2505 685 2564 sit
721 2504 909 2583 gloria
947 2505 1006 2563 in
1050 2506 1263 2565 secula.
1326 2507 1541 2563 Amen.

1736 2726 2101 2737 ..—.-—----—-.

1168 2902 1357 2957 XVII.
1440 2899 1571 2956 DE
1632 2898 2382 2958 PROVIDENTIA
2446 2900 2641 2960 DEI.

551 3092 963 3158 creationem
1025 3114 1253 3158 rerum
1314 3094 1464 3156 iure
1508 3096 1814 3176 sequitur
1862 3096 2260 3169 oeconomia,
2311 3097 2502 3159 cuius
2547 3096 2813 3176 artifex
2851 3094 3304 3158 Prouidentia
3327 3118 3350 3157 .·

453 3185 640 3247 nilzil
688 3184 863 3248 enim
911 3186 1129 3268 magis
1174 3190 1217 3249 ὰ
1264 3184 1528 3248 ratione
1571 3186 1867 3248 alienum
1912 3184 2098 3269 fingi
2130 3196 2380 3267 potest,
2428 3191 2626 3268 quam
2677 3186 2743 3249 si
2787 3186 3071 3249 otiosum
3115 3186 3351 3249 Domi-

454 3297 611 3339 num
656 3278 724 3339 &
760 3286 1119 3340 creatorem
1151 3276 1419 3357 facias,
1466 3276 1588 3357 qui
1619 3276 1827 3343 semel
1856 3274 2195 3339 duntaxat
2230 3276 2302 3339 in
2324 3278 2554 3358 prima
2579 3276 2815 3340 mundi
2835 3277 3102 3359 origine
3127 3287 3356 3358 poten-

456 3367 655 3441 tiam,
704 3366 1151 3449 virtutemque
1195 3388 1385 3430 suam
1431 3366 2017 3447 manifestataerit:
2065 3388 2180 3429 nec
2222 3367 2320 3429 ad
2361 3367 2955 3450 Sapientissimam
3001 3377 3200 3449 atque
3245 3368 3355 3430 ad-

452 3457 833 3521 mirabilem
893 3457 1163 3542 opificis
1228 3456 1745 3521 Prouidentiam
1807 3457 2378 3538 contemplandam
2433 3458 2675 3523 mentis
2734 3458 2956 3521 oculos
3025 3459 3353 3521 intendas,

464 3546 890 3630 Quapropter
943 3569 1087 3611 cum
1142 3547 1603 3629 superzoribus
1662 3548 1723 3610 T
1716 3548 2011 3621 bembus,
2060 3548 2139 3609 de
2202 3547 2550 3614 Creatione
2587 3549 2794 3613 totius
2834 3549 3145 3613 vniuersi
3183 3549 3356 3611 satas

452 3650 780 3721 superque
832 3648 1053 3702 actum
1110 3640 1233 3713 sit,
1294 3640 1475 3702 iusta
1520 3638 1795 3702 docendi
1844 3637 2185 3701 methodus
2221 3642 2556 3721 postulat,
2605 3650 2682 3703 vt
2729 3640 2802 3703 in
2837 3640 3230 3721 praesentta
3278 3638 3356 3701 de

450 3729 900 3793 Prouidentia
946 3750 1060 3793 seu
1114 3728 1603 3793 Gubernatt'one
1648 3730 1882 3793 mundi
1926 3730 2222 3793 breuiter
2257 3731 2380 3801 σῦν
2430 3734 2577 3821 Θεῷ·
2623 3731 3067 3812 inquiramuS.

1888 3917 1937 3973 I.

544 4112 593 4152 1.
673 4093 985 4169 Eleganter
1042 4091 1385 4152 Aristoteles
1434 4092 1589 4168 dicit,
1629 4111 1759 4168 eos,
1812 4092 1913 4168 qui
1956 4091 2102 4153 viuis
2143 4092 2466 4153 rationibus
2505 4091 2616 4152 sibi
2657 4094 2894 4170 probari
2933 4093 3177 4169 cupiunt
3219 4096 3354 4153 Pro-

455 4171 773 4231 uidentiam
812 4172 1067 4248 aliquam
1106 4191 1233 4232 esse
1272 4173 1643 4248 verberibuS‚
1683 4190 1807 4231 non
1854 4170 2074 4251 serbis,
2117 4172 2434 4249 carnifici8‚
2475 4192 2596 4231 non
2638 4171 2984 4250 Philosophi
3005 4174 3224 4250 (addo,
3245 4194 3357 4233 nec

454 4251 772 4327 Theologi)
830 4270 1114 4328 responso
1150 4251 1377 4329 dignos
1417 4272 1559 4316 esse.
1624 4252 1700 4310 Et
1746 4270 1950 4311 reuera
1991 4252 2040 4311 si
2057 4218 2228 4321 ignis
2271 4254 2465 4328 calor,
2505 4270 2682 4329 quem
2727 4262 2916 4330 tactu,
2957 4254 3006 4313 si
3047 4220 3355 4312 Meric'liaui

453 4330 736 4408 temporis
777 4333 905 4409 lux,
945 4349 1124 4407 quam
1167 4332 1291 4391 visu
1331 4331 1713 4409 percipimuS,
1748 4331 2254 4391 demonstratione
2277 4351 2398 4393 non
2421 4332 2672 4411 indiget,
2696 4335 2878 4393 multo
2898 4299 3093 4393 ininus
3113 4334 3356 4393 demon·

3074 4413 3354 4473 stratione
