3923 4875
53 708 127 910 unt:

53 981 119 1157 115⁴-

1329 352 1655 401 ‘rursus
1714 354 2361 403 Turonocrcmr.
3200 350 3311 417 295

393 516 638 596 quidem
702 518 796 577 vel
859 516 982 577 iota
1041 536 1221 577 vnum
1281 538 1354 578 ex
1408 536 1478 578 ea
1531 515 1606 579 sit
1643 516 2087 595 praeteriturum
2102 562 2120 595 ,
2159 515 2299 594 quin
2341 517 2781 594 complemento
2822 534 2931 577 suo
2972 517 3028 577 δι
3072 514 3316 577 veritate

392 615 590 657 rerum
649 608 946 675 gestarum
1007 607 1108 658 aut
1157 599 1576 677 gerendarum,
1631 610 2025 676 aeternaeque
2065 596 2277 657 rationi
2317 596 2450 658 iusti
2488 606 2666 674 atque
2709 595 2903 657 iniusti
2944 596 3314 674 respondeat.

395 679 619 739 Matth.
704 721 720 737 .
768 681 858 738 18.

480 778 504 817 1
518 776 572 831 7.
651 694 808 817 {lam
845 775 1001 834 quae
1039 757 1286 835 figurate
1327 756 1485 817 dicta
1524 766 1626 817 aut
1667 759 1824 817 facta
1863 758 2139 834 leguntur
2178 755 2239 815 in
2279 754 2593 834 Scripturis
2607 801 2625 828 .,
2668 774 2738 817 ea
2774 772 2898 815 non
2934 754 3321 815 aduersantur

393 836 626 897 veritati
683 835 1046 915 Scripturae:
1109 838 1248 914 quia
1303 856 1392 897 res
1432 856 1606 897 verae
1649 856 1772 897 non
1813 838 2005 898 solum
2046 835 2288 915 proprio
2302 882 2321 913 ,
2360 836 2465 897 sed
2504 837 2559 895 δι
2600 837 2851 914 figurato
2894 835 3178 913 loquendi
3217 844 3318 894 aut

393 917 613 995 agendi
653 919 838 978 modo
879 916 1212 995 verissime,
1255 917 1422 994 quod
1463 918 1540 977 ad
1581 917 1965 977 substantiam
2006 917 2297 995 ipsarum,
2340 916 2748 977 ostenduntur.

483 1000 575 1057 18.
655 1000 788 1059 lmb
831 1001 972 1058 vere
1015 997 1113 1058 hic
1153 998 1278 1076 ipse
1319 999 1596 1075 figuratus
1633 999 1848 1058 modus
1887 999 1965 1058 ad
1986 996 2472 1059 commoditatem
2494 994 2786 1073 docendi,
2810 995 3086 1074 gratiam,
3106 994 3319 1071 fidem,

395 1077 889 1155 autoritatemque
929 1076 1224 1139 interdum
1270 1078 1551 1138 conducit
1591 1077 1777 1155 magis
1809 1076 2101 1138 docendis
2116 1123 2135 1156 ,
2168 1076 2558 1155 delectandis,
2582 1075 3117 1154 permouendisque
3136 1072 3322 1135 homi·

394 1156 570 1217 nibus
593 1202 610 1235 ,
654 1160 832 1235 quam
875 1156 924 1218 si
961 1156 1237 1237 proprius
1274 1170 1376 1216 aut
1411 1156 1660 1235 simplex
1699 1158 2097 1219 adhiberetur.

481 1257 573 1314 19.
653 1239 806 1297 Nam
851 1239 907 1298 ἅτ
945 1237 1006 1297 in
1049 1236 1360 1315 Scripturis
1399 1239 1710 1297 traduntur
1752 1239 1965 1312 multa,
1996 1256 2249 1314 quorum
2270 1235 2385 1297 alia
2412 1252 2713 1315 nunquam
2733 1233 2844 1295 nisi
2862 1235 3113 1311 figurato
3134 1233 3321 1293 modo

393 1316 616 1395 exponi
657 1328 936 1395 possunt:
979 1317 1092 1377 alia
1131 1321 1274 1378 vere
1315 1318 1422 1377 etsi
1464 1328 1780 1395 potuerunt
1821 1317 1966 1389 dici,
2008 1330 2205 1377 tamen
2246 1337 2358 1396 pro
2398 1316 2626 1377 ratione
2668 1327 3001 1393 temporum
3022 1315 3158 1373 ante
3180 1314 3323 1391 figu-

395 1400 548 1473 rate,
603 1404 928 1475 posteaque
980 1396 1223 1475 proprie
1265 1396 1384 1457 dici
1425 1396 1713 1475 oportuit:
1755 1397 1871 1458 alia
1913 1396 2170 1475 denique
2208 1398 2548 1475 traduntur,
2589 1414 2741 1474 quae
2780 1397 3025 1473 figurate
3065 1391 3323 1471 proponi

397 1478 639 1556 expedit
678 1480 756 1538 ad
797 1477 1111 1537 vtilitatem
1155 1488 1438 1537 nostram.

479 1576 572 1616 20.
652 1559 856 1617 Iustus
896 1568 984 1617 est
1025 1558 1360 1635 Scripturae
1402 1575 1628 1634 Serme,
1666 1556 1769 1634 qui
1809 1574 1979 1617 suum
2022 1556 2235 1635 cuique
2274 1556 2480 1616 tribuit
2515 1554 3097 1616 conuenientissime:
3123 1571 3319 1613 rerum

397 1636 704 1697 veritatem
721 1682 738 1709 ,
778 1638 834 1697 ἃ
877 1636 1010 1697 iusti
1050 1648 1227 1714 atque
1269 1635 1465 1697 iniusti
1504 1636 1792 1697 rationem
1834 1636 1982 1697 iuste
2023 1636 2362 1698 enuncians.

482 1736 574 1776 21.
657 1717 824 1777 Idem
866 1735 1106 1793 quoque
1147 1716 1392 1777 omnino
1433 1725 1668 1776 sanctus
1708 1729 1828 1787 est,
1869 1718 1971 1793 qui
2012 1716 2158 1777 nihil
2198 1720 2472 1794 profane,
2516 1718 2754 1793 spurce,
2798 1726 2897 1774 aut
2917 1712 3189 1792 turpiter:
3212 1713 3319 1772 sed

394 1796 600 1857 omnia
638 1800 873 1873 sancte,
914 1800 968 1858 δι
1011 1816 1100 1857 res
1146 1796 1320 1857 etiam
1363 1796 1723 1873 turpissimas
1764 1801 2014 1875 σεμνῶς,
2056 1799 2335 1873 honeste,
2374 1796 2663 1875 grauiter,
2704 1795 2985 1855 decenter
3026 1792 3321 1853 enunciat.

477 1896 572 1935 22.
652 1879 1034 1969 Quapropter
1095 1877 1278 1937 etiam
1322 1876 1790 1955 perfectissimus
1850 1876 2183 1955 Scripturae
2236 1896 2432 1937 sermo
2485 1876 2773 1937 dicendus
2824 1884 2911 1933 est
2926 1920 2942 1947 ,
2998 1876 3136 1933 cum
3178 1872 3323 1933 nihil

395 1957 644 2017 omnino
689 1955 851 2033 falsi,
893 1956 1119 2035 iniusti,
1159 1960 1216 2019 δι,
1254 1955 1489 2034 profani
1529 1957 1774 2016 habeat:
1824 1958 1930 2016 sed
1976 1958 2177 2017 omnia
2217 1976 2388 2035 vera,
2430 1956 2612 2034 iusta,
2655 1962 2976 2031 sanctaque
3020 1952 3146 2014 sine
3185 1954 3323 2013 labe

397 2038 516 2096 vlla
569 2037 634 2113 (f.
681 2042 855 2115 1757)
911 2055 1011 2097 aut
1062 2035 1258 2114 specie
1311 2035 1462 2097 labis
1503 2038 1964 2115 complectatur3
2008 2040 2063 2097 δι
2102 2057 2175 2098 ea
2214 2037 2341 2115 ipsa
2384 2037 2585 2097 omnia
2627 2054 2781 2114 quae
2821 2034 2882 2094 in
2922 2054 2987 2094 se
3024 2035 3321 2110 complec-

393 2116 535 2176 titur
589 2116 1206 2177 accommodatissime
1256 2116 1332 2175 ad
1376 2134 1469 2176 res
1508 2115 1665 2194 ipsas
1706 2115 1783 2176 de
1821 2114 2037 2192 quibus
2077 2116 2296 2195 agitur,
2336 2118 2392 2176 δι
2430 2118 2509 2176 ad
2552 2135 2657 2177 eos
2698 2114 2914 2193 quibus
2954 2112 3321 2174 instituendis

403 2196 705 2274 Scriptura
745 2196 858 2257 fuit
895 2196 1140 2275 tradita,
1180 2196 1471 2257 enunciet.

483 2296 575 2353 23.
658 2278 1132 2337 Accommodate
1173 2276 1249 2336 ad
1289 2287 1559 2336 naturam
1601 2293 1798 2336 rerum
1834 2275 1909 2335 de
1952 2274 2169 2353 quibus
2208 2276 2401 2355 agitur
2441 2274 2799 2352 Scripturam
2838 2272 3004 2349 loqui
3034 2272 3286 2333 dicimus
3302 2318 3319 2351 ,

400 2368 574 2433 prout
614 2375 708 2417 res
745 2374 1018 2435 quaeque
1059 2354 1349 2434 symbolis
1388 2358 1710 2417 verborum
1749 2354 2253 2435 scriptionumque
2276 2354 2495 2435 exponi
2530 2366 2744 2433 potest.
2786 2356 2943 2413 Nam
2967 2354 3105 2413 cum
3129 2352 3319 2414 oratio

397 2447 600 2497 nostra
661 2436 734 2497 sit
784 2455 980 2498 rerum
1030 2436 1418 2498 humanarum
1435 2483 1451 2510 ,
1513 2434 1902 2510 terrestrium,
1963 2436 2019 2496 &
2066 2436 2512 2516 aspectabilium
2561 2434 2932 2512 symbolum,
2971 2433 3083 2493 hae
3125 2445 3321 2493 autern

399 2535 494 2576 res
534 2515 696 2594 ipsae
737 2517 1096 2597 diuinarum,
1138 2516 1480 2578 caelestium
1497 2562 1514 2595 ,
1555 2520 1611 2578 δι
1649 2513 2036 2594 spiritualium
2076 2516 2443 2594 symbolicae
2475 2517 2615 2578 sint:
2658 2514 2783 2575 fieri
2800 2515 2967 2574 aliter
2988 2532 3109 2575 non
3130 2513 3323 2592 potuit

401 2595 464 2655 in
503 2596 814 2674 Scriptun's
853 2597 1034 2658 sacris
1050 2642 1070 2675 ,
1110 2597 1253 2675 quin
1293 2597 1501 2657 harum
1543 2613 1740 2658 rerum
1780 2595 2067 2672 symbolis
2100 2611 2535 2674 exponerentur
2571 2595 2725 2655 illae.

489 2696 582 2749 24.
662 2679 875 2755 Neque
922 2681 1064 2738 vero
1108 2676 1276 2736 aliter
1317 2675 1437 2736 dici
1479 2687 1831 2754 potuerunt,
1875 2687 1937 2736 vt
1978 2677 2437 2737 accommodate·
2474 2674 2649 2736 nobis
2693 2673 2933 2751 (quibus
2976 2671 3072 2732 hic
3124 2690 3321 2732 sermo

400 2757 670 2835 habetur,
711 2757 1128 2835 Scripturaque
1167 2755 1379 2818 tradita
1419 2757 1550 2831 suit)
1592 2757 1905 2817 diceretur.
1947 2757 2102 2816 Nam
2143 2756 2439 2818 terrestria
2479 2755 2651 2817 nobis
2674 2753 2821 2813 dicit
2843 2755 3035 2830 DeuS,
3072 2753 3128 2811 δι
3148 2751 3321 2830 pauci

401 2835 734 2914 intelligunt
790 2857 861 2897 ea
874 2882 888 2909 ‚
955 2836 1378 2914 paucioresque
1437 2836 1734 2928 accipiunt
1797 2834 1944 2918 fidez·
2000 2855 2071 2896 ac
2130 2836 2378 2914 proinde
2437 2855 2531 2898 res
2573 2836 2855 2895 caelestes
2897 2835 3083 2893 multo
3126 2831 3318 2892 minus

407 2915 790 2996 intelligentia
828 2919 882 2977 δι
925 2917 1046 2977 fide
1084 2937 1210 2978 esse
1251 2927 1618 2995 percepturi,
1660 2917 1708 2976 si
1750 2916 1940 2976 dictae
1982 2916 2225 2977 fuissent
2263 2934 2451 2977 secus.
2496 2919 2671 2977 Ioan.
2717 2933 2772 2990 3.
2822 2932 2910 2972 12.

493 3015 522 3054 2
531 3011 584 3073 5.
663 2999 758 3056 Ac
808 3000 1126 3075 propterea
1183 2996 1378 3057 omnis
1439 2995 1651 3074 virtuS,
1712 3013 1866 3073 quae
1929 2995 2261 3056 orationem
2320 2997 2501 3057 efficit
2538 2993 2899 3055 laudabilem
2937 2992 3083 3051 citra
3120 2992 3322 3051 sucum

407 3081 858 3154 sermonemque
902 3079 1194 3138 humanae
1229 3075 1583 3154 sapientiae,
1624 3095 1732 3154 per
1773 3075 2053 3154 Spiritum
2094 3077 2209 3137 Dei
2250 3076 2309 3136 in
2352 3073 2664 3156 Scripturis
2704 3072 2883 3134 sacris
2920 3071 3323 3150 potentissime

409 3165 499 3215 est
541 3173 615 3215 ex
660 3155 851 3217 licata.

493 3241 588 3306 26..
617 3177 790 3296 pRes
833 3236 992 3297 enim
1035 3255 1242 3297 omnes
1283 3236 1341 3296 in
1383 3235 1468 3296 eis
1509 3245 1647 3296 sunt
1684 3235 1987 3314 expositae
2031 3239 2175 3296 κατὰ
2207 3238 2273 3296 τὸ
2309 3239 2697 3317 πρεπὲςατον,
2736 3232 2990 3312 grandes
3011 3229 3329 3310 granditer,

409 3315 740 3376 mediocres
783 3317 1179 3395 mediocriter,
1221 3319 1276 3378 δι
1317 3315 1496 3377 exiles
1535 3315 1778 3395 exiliter,
1820 3335 2027 3376 omnes
2067 3315 2324 3394 denique
2363 3316 2785 3377 conuenienter
2817 3325 3057 3372 naturae
3078 3330 3218 3372 suae
3232 3357 3250 3386 ,
3271 3313 3326 3371 δε

414 3395 613 3472 captui
649 3396 864 3457 mentis
905 3407 1161 3456 nostrae.

494 3494 586 3550 27.
668 3478 738 3535 In
801 3475 1006 3554 primis
1049 3489 1246 3536 autem
1305 3495 1380 3536 eo
1443 3486 1669 3536 mentes
1706 3485 1948 3536 nostrae
1990 3475 2473 3536 commodissime
2510 3475 2879 3551 adiuuantur,
2920 3473 3084 3549 quod
3126 3469 3328 3532 omnia

413 3557 569 3615 bene
585 3601 602 3633 ‚
644 3557 697 3616 δι
741 3556 1018 3634 breuiter,
1059 3559 1114 3617 δι
1153 3555 1469 3648 perspicue
1510 3567 1647 3616 sunt
1685 3556 1908 3634 scripto
1949 3554 2314 3645 consignata.

495 3639 589 3696 28.
669 3637 864 3713 Bene,
905 3637 1000 3698 vel
1042 3639 1238 3714 potius
1280 3636 1535 3714 optime:
1581 3655 1720 3695 nam
1759 3635 1905 3694 nihil
1947 3635 2174 3695 melius.

495 3735 586 3793 29.
667 3718 963 3778 Breuiter:
1003 3735 1140 3776 nam
1187 3727 1276 3776 tot
1315 3728 1630 3792 tantaeque
1671 3735 1763 3776 res
1811 3732 2099 3792 nusquam
2143 3727 2260 3775 tam
2303 3715 2517 3793 exiguo
2558 3723 2904 3792 systemate,
2945 3722 3066 3772 tam
3107 3710 3329 3788 exiguis

411 3794 654 3875 libellis,
697 3809 818 3856 tam
861 3797 1124 3874 pauculis
1165 3795 1362 3857 verbis
1406 3806 1686 3874 cunctae,
1733 3807 1836 3855 aut
1873 3794 2138 3873 singulae
2179 3795 2567 3857 declarantur.

487 3894 584 3952 30.
667 3875 1006 3968 Perspicue:
1047 3893 1338 3953 nusquam
1383 3874 1540 3935 enim
1583 3893 1674 3935 res
1714 3873 1947 3936 diuinae
1990 3873 2177 3952 magis
2219 3879 2345 3933 κατ’
2392 3876 2718 3954 ἄνθρωπον,
2757 3875 3037 3934 caelestes
3070 3871 3327 3932 terrestri

409 3955 627 4032 modo,
693 3955 1020 4034 spirituales
1060 3957 1519 4017 accommodato
1561 3955 1738 4016 rebus
1777 3953 2111 4033 corporeiS,
2154 3953 2413 4014 infinitae
2456 3953 2912 4031 circumscriptis
2949 3951 3170 4029 verbiS,
3210 3971 3331 4011 am-

409 4035 706 4113 plissimae
763 4035 1169 4113 maximaeque
1221 4035 1488 4114 pauculis
1541 4033 2175 4114 comprehensionibus
2217 4035 2453 4094 fuerunt
2505 4033 2751 4094 traditae
2790 4052 2864 4092 ex
2906 4049 3101 4093 rerum
3143 4031 3328 4111 digni-

406 4125 526 4175 tate
565 4117 622 4176 &
663 4113 912 4176 utilitate
951 4127 1172 4176 nostra.
2909 4169 2918 4179 .

483 4214 580 4272 3¹·
662 4197 820 4255 Vere
877 4194 1054 4274 igitur
1113 4194 1375 4255 diuinam
1427 4195 1762 4273 Scripturae
1812 4196 2068 4254 formam
2123 4193 2535 4254 concludimus
2590 4193 2646 4252 δι
2698 4195 2735 4252 ὲ,
2778 4195 2909 4254 solo
2949 4191 3063 4252 Dei
3105 4191 3324 4270 Spiritu

413 4291 592 4353 supra
643 4277 822 4350 quam
863 4275 980 4334 dici
1023 4285 1122 4336 aut
1167 4274 1412 4352 cogitari
1454 4287 1578 4335 arte
1620 4276 1876 4334 humana
1931 4274 2116 4352 possit
2156 4272 2561 4334 informatam:
2602 4291 2754 4350 quae
2792 4273 2947 4334 intus
2987 4271 3327 4348 veritatem,

425 4353 734 4434 iustitiam,
776 4355 1142 4416 sanctitatem
1183 4355 1390 4434 habet,
1429 4358 1588 4414 velut
1627 4357 1704 4416 ab
1745 4355 1848 4414 illo
1892 4367 2135 4414 aeterno
2178 4353 2388 4431 Spiritu
2426 4353 2771 4434 animatam3
2812 4354 2955 4415 foris
2986 4352 3329 4432 dignitatem

3035 4451 3329 4493 summam
