3923 4875
631 19 747 90 486
1676 31 2084 76 ninnium
2147 32 2358 76 rans
2417 32 2493 75 11.

634 198 837 257 Deus.
898 195 1319 258 amoenitatem
1358 195 1496 258 facit
1536 196 2064 257 odoramentorum
2107 196 2482 262 communio,
2541 194 3028 256 communionem
3067 195 3356 272 charitas»,
3411 213 3596 273 quae

634 276 1015 368 perfectionis
1054 277 1353 338 vinculum
1394 281 1431 338 a
1472 278 1655 338 Paulo
1694 275 1939 336 dicitur.
1982 296 2097 354 pax
2135 275 2532 338 necessarium
2573 287 2660 337 est
2701 274 3004 336 charitatis
3043 274 3551 336 instrumentum.

712 356 875 432 Quid
916 376 1061 436 ergo
1102 367 1415 434 putamus
1478 353 1711 417 miseri?
1771 355 1915 434 quid
1955 356 2264 436 fingimus,
2319 375 2460 416 cum
2499 359 2670 416 tanto
2709 355 3021 434 supercilio
3059 354 3155 431 alij
3195 355 3352 416 alios
3389 356 3590 432 quasi

632 438 859 496 furcilla
912 437 1277 498 extrudimus
1293 483 1311 514 ,
1374 441 1431 498 δι
1470 439 1799 498 censoriam
1842 437 2144 514 quandam
2173 437 2476 530 virgulam
2515 436 2578 496 in
2619 437 2763 511 hos,
2804 435 2866 496 in
2907 437 3040 496 illos
3077 435 3422 513 promiscue
3471 439 3590 496 ad-

630 516 929 608 hibernus,
981 529 1263 594 tanquam
1322 517 1369 577 si
1422 517 1597 578 nobis
1638 519 1829 578 solum
1870 529 2026 578 esset
2064 516 2261 593 iudicij
2303 533 2515 596 nasus3
2567 527 2670 578 aut
2709 516 2977 578 Christus
3011 519 3168 576 hanc
3211 518 3586 576 facultatem

632 596 901 658 cessisset
959 597 1133 658 nobis
1150 643 1167 674 ,
1228 617 1347 674 qua
1404 600 1483 658 ad
1524 597 1831 658 libidinem
1872 597 2054 658 animi
2093 596 2282 658 nostri
2321 563 2675 657 abutamur?
2754 597 2826 658 Id
2863 600 3002 656 sane
3045 595 3260 657 faciant
3299 597 3582 657 Satame

630 677 959 752 stabularii:
1002 689 1063 738 at
1104 695 1247 738 oues
1288 677 1505 738 Christi
1544 697 1667 738 non
1710 679 1912 753 deoet,
1954 687 2220 755 pastores
2260 676 2520 737 minime.
2562 677 2726 752 Quin
2765 676 2958 755 potius
2997 675 3236 738 Christo
3267 677 3584 750 cedimus,

632 777 745 818 nos
784 760 839 818 δι
878 757 1013 818 illos
1050 758 1113 818 ιιι
1152 759 1633 819 communionem
1674 758 1943 836 corporis
1985 761 2041 818 δι
2095 755 2344 836 Spiritus
2381 755 2474 817 sui
2511 756 2930 834 gratiosissime
2967 754 3312 818 adhibenti?
3395 757 3582 833 Quin

632 837 827 909 potius
868 839 1087 898 odores
1127 837 1573 898 amoenissimos
1610 839 1687 898 ab
1726 837 1829 900 illo
1870 838 1933 900 in
1973 857 2084 898 nos
2125 837 2492 898 deriuantem
2533 855 2776 898 manum
2797 836 2976 916 ipsius
2995 835 3574 898 animaduertimns.
3557 833 3584 884 Ρ

626 917 767 996 quin
810 917 1005 996 potius
1034 927 1333 1018 vnguento
1374 918 1477 979 illo
1518 918 1937 980 odoratissimo
1979 921 2185 978 fratres
2225 917 2619 978 communiter
2665 917 2980 978 nobiscum
3011 916 3294 978 sentimus
3329 916 3578 978 delibu-

632 993 761 1058 tos?
816 998 957 1075 quin
1010 996 1209 1076 potius
1252 997 1429 1060 etiam
1474 1000 1698 1060 amicos
1740 999 1817 1059 ad
1857 997 2372 1091 participationem
2409 997 2742 1058 suauissimi
2783 996 3044 1058 eiusdem
3085 997 3290 1060 odoris
3327 999 3413 1058 ab
3449 997 3578 1058 ino

630 1079 823 1155 capite
881 1077 942 1138 in
1002 1097 1221 1156 corpus
1280 1097 1463 1140 vnum
1514 1077 1805 1140 adscitum
1858 1078 1929 1138 iri
1967 1073 2362 1140 confidimus?
2415 1077 2560 1154 quin
2597 1078 2793 1155 potius
2835 1081 2892 1138 δι
2933 1076 3360 1138 continendis
3341 1077 3414 1138 iis
3455 1077 3580 1154 qni

628 1159 745 1220 iam
788 1159 983 1220 vocati
1024 1169 1187 1236 sunt,
1228 1163 1283 1219 δι
1324 1158 1609 1220 vocandis
1648 1158 1749 1235 qui
1788 1159 2032 1237 absunt,
2073 1159 2281 1219 damus
2321 1177 2568 1235 operam
2605 1156 3076 1250 diligentissime,
3116 1159 3194 1218 ab
3227 1157 3399 1218 omni
3431 1160 3576 1218 soe

629 1250 763 1300 tore
802 1239 1161 1300 abstinentes
1175 1285 1191 1316 ,
1246 1257 1369 1315 quo
1408 1248 1651 1316 crepant
1688 1239 1869 1299 animi
1908 1239 2129 1317 nostri,
2189 1242 2244 1299 δι
2283 1257 2527 1300 omnem
2565 1236 2976 1300 suauissimum
3015 1238 3266 1299 odorem
3305 1236 3424 1299 illis
3461 1259 3578 1298 ex-

634 1318 905 1380 hibentes
919 1366 938 1397 ,
995 1319 1097 1396 qui
1156 1320 1233 1380 ad
1294 1319 1591 1381 Christum
1653 1321 1709 1378 &
1768 1318 1848 1379 ad
1906 1338 2020 1380 nos
2059 1338 2164 1396 per
2205 1317 2504 1380 Christum
2543 1321 2661 1378 vna
2700 1313 3136 1396 perducantur?
3213 1318 3270 1378 Ο
3311 1320 3572 1380 bennun

630 1398 889 1460 studium
948 1417 1156 1460 eorum
1172 1445 1189 1476 ,
1250 1399 1351 1476 qui
1390 1401 1449 1460 in
1493 1400 1612 1460 hoc
1651 1397 1881 1476 pietatis
1920 1399 2123 1460 officio
2163 1408 2520 1460 consumunt
2559 1403 2831 1476 operam!
2893 1399 3096 1460 beatas
3137 1407 3364 1460 mentes
3403 1416 3574 1476 quae

630 1481 709 1540 de
766 1480 885 1539 hoc
924 1479 1123 1541 studio
1162 1480 1451 1558 cogitant!
1518 1481 1725 1540 beatos
1764 1479 2038 1540 homines
2053 1525 2070 1556 ,
2131 1478 2236 1557 qui
2275 1477 2386 1540 ista
2429 1488 2692 1540 statuunt
2729 1496 2870 1539 cum
2909 1478 3120 1540 animis
3159 1477 3311 1556 suiS,
3371 1499 3452 1540 eo
3493 1499 3572 1540 se

630 1559 997 1621 odoratiores
1038 1562 1163 1620 sore
1178 1604 1195 1637 ,
1238 1577 1361 1638 quo
1402 1558 1839 1621 coniunctiores
1880 1577 2016 1620 cum
2059 1559 2298 1620 Christo
2337 1561 2394 1620 δι
2435 1558 2554 1620 suis
2593 1560 2870 1620 fratribus
2909 1559 3088 1620 futuri
3119 1557 3290 1618 sunt?
3329 1561 3572 1620 Contra

627 1643 799 1715 vero,
838 1643 1017 1717 quam
1058 1639 1351 1717 perditum
1392 1644 1447 1701 δι
1494 1641 1869 1719 deploratum
1909 1639 2202 1718 studium,
2241 1640 2304 1700 in
2343 1639 2510 1716 quod
2541 1639 2784 1700 funestis
2825 1639 2986 1700 hisce
3025 1637 3392 1716 temporibus
3435 1641 3568 1717 ple-

632 1719 797 1797 rique
858 1719 1259 1812 abripiuntur!
1324 1721 1425 1797 qui
1478 1739 1543 1780 se
1594 1721 1879 1781 odoratos
1928 1723 2057 1781 fore
2111 1731 2235 1780 ιιιιιι
2288 1719 2528 1780 demum
2581 1720 2972 1798 arbitrantur,
3027 1721 3164 1780 cum
3215 1718 3362 1780 alios
3415 1724 3458 1780 a
3495 1740 3570 1780 se

632 1798 1127 1876 abalienauerint,
1167 1811 1268 1861 aut
1306 1799 1481 1860 etiam
1522 1800 1797 1861 sordibus
1838 1804 1893 1861 &
1934 1798 2392 1877 inquinamentis
2431 1798 2674 1878 indigne
2713 1799 3300 1861 commaculauerint.
3329 1801 3474 1860 Ab
3455 1821 3566 1860 un-

630 1881 854 1958 probe,
916 1879 1219 1972 inquiebat
1276 1881 1507 1958 Dauid,
1568 1881 1823 1972 prodeat
1880 1879 2262 1958 improbitas.
2331 1899 2380 1939 1.
2430 1881 2590 1940 Sam.
2634 1901 2724 1954 ²4·
2767 1899 2856 1952 14.
2899 1885 2956 1940 δι
2995 1891 3092 1957 ιιι,
3147 1879 3344 1957 miser,
3396 1879 3564 1942 itane

631 1959 877 2020 statuisti
940 1959 1243 2040 desipere,
1306 1971 1369 2021 vt
1428 1959 1873 2039 improbitatem
1912 1978 2193 2038 vomens,
2255 1961 2312 2018 δι
2351 1979 2562 2037 pacem
2601 1975 2954 2038 oppugnans
2997 1965 3052 2020 δι
3095 1961 3564 2021 odoramentum

630 2043 873 2101 fratrum
916 2051 1181 2114 tuorum,
1222 2005 1531 2102 meliorem
1570 2051 1631 2101 te
1669 2043 1797 2102 fore
1836 2037 2096 2102 iudices?
2137 2051 2239 2100 aut
2277 2040 2681 2102 odoratiorem
2723 2042 2872 2118 fore,
2891 2043 3030 2100 cum
3051 2045 3089 2100 a
3107 2041 3274 2102 fonte
3293 2041 3558 2102 odorum

626 2120 971 2198 purissimo,
1026 2125 1063 2182 a
1121 2119 1359 2182 Christo
1417 2122 1499 2182 ita
1558 2117 1929 2182 discesseris?
1971 2139 2092 2182 non
2133 2120 2362 2200 cogitas
2401 2121 2606 2182 sordes
2645 2125 2680 2180 a
2721 2132 2779 2180 te
2813 2120 2874 2180 in
2913 2121 3250 2198 proximum
3291 2123 3562 2182 excreari

628 2220 750 2262 non
796 2220 999 2280 posse,
1040 2200 1183 2278 quin
1220 2201 1383 2278 prior
1425 2198 1701 2264 sordeas?
1744 2212 1847 2262 aut
1886 2201 2100 2294 spargi
2121 2217 2443 2274 venenum,
2487 2200 2632 2292 quin
2669 2211 2994 2262 venenatus
3033 2199 3155 2261 sis?

709 2282 887 2360 Agite
924 2285 1103 2360 ergo,
1142 2280 1183 2341 ὃ
1222 2283 1426 2342 fratres
1470 2281 1831 2344 dilectissimi
1846 2327 1863 2360 ,
1892 2281 2208 2360 participes
2247 2279 2545 2342 vnctionis
2581 2281 2736 2342 illius
2773 2281 3068 2359 pretiosae
3108 2279 3356 2354 Christi,
3397 2287 3456 2342 δι
3497 2284 3554 2342 ιιι

628 2361 1109 2423 communionem
1168 2362 1517 2422 sanctissimi
1568 2362 1722 2422 illius
1780 2361 2050 2441 corporis
2109 2361 2308 2422 vocati
2365 2361 2580 2424 virtute
2619 2361 2896 2440 Spiritus,
2935 2361 3356 2423 amoenitatem
3389 2360 3556 2422 istius

628 2442 1067 2504 communionis
1108 2453 1345 2503 nostrae
1386 2442 1796 2521 recognoscite
1830 2460 2068 2504 mecum
2109 2460 2218 2520 per
2243 2444 2442 2503 Deum
2465 2441 2888 2521 immortalem,
2907 2441 2968 2503 ιιι
2987 2460 3108 2519 qua
3127 2442 3554 2505 communione

628 2525 794 2583 Deus
854 2523 1047 2601 vngit,
1113 2522 1377 2583 Christus
1437 2528 1473 2583 a
1534 2526 1707 2585 Patre
1762 2534 1974 2583 vnctus
2013 2534 2128 2601 est,
2181 2524 2450 2583 membra
2481 2533 2800 2615 vnguntur·
2817 2524 2877 2583 ιιι
2917 2522 3187 2602 Christo,
3227 2528 3286 2584 δι
3325 2522 3554 2584 minimi

626 2602 805 2663 etiam
864 2604 1085 2681 quique
1144 2601 1205 2663 ιιι
1268 2622 1455 2681 regno
1510 2606 1813 2664 caelorum
1866 2614 2172 2680 tamquam
2214 2604 2436 2665 barbae
2478 2602 2660 2680 ipsius
2699 2601 2804 2681 pili
2845 2603 2920 2679 (si
2959 2602 3041 2663 ita
3079 2604 3298 2680 placet)
3337 2604 3550 2665 odora-

630 2693 835 2745 mento
874 2682 1335 2776 perfunduntur,
1376 2682 1537 2774 ipsae
1588 2683 1847 2761 denique
1887 2694 2112 2760 vesteS,
2152 2687 2206 2743 δι
2247 2682 2588 2760 quicunque
2625 2702 2738 2744 nos
2781 2683 3184 2760 circumstant,
3217 2683 3554 2744 afficiuntur

626 2763 831 2824 odoris
870 2762 1035 2823 istius
1076 2761 1475 2823 amoenissimi
1514 2764 1899 2825 conscientia.
1953 2764 2048 2823 Ne
2087 2764 2346 2824 sinamus
2385 2781 2531 2840 ergo
2575 2762 2726 2823 tanti
2763 2763 2916 2825 illius
2930 2808 2948 2840 ,
2997 2781 3124 2825 non
3161 2762 3408 2842 priuati,
3445 2766 3554 2825 sed

623 2842 901 2905 catholici
940 2846 1034 2904 vel
1076 2842 1421 2905 vniuersalis
1461 2844 1609 2905 boni
1648 2862 1883 2905 sensum
1900 2888 1917 2917 ,
1983 2854 2084 2905 am
2123 2860 2292 2904 vsum
2308 2888 2325 2920 ,
2384 2854 2484 2903 aut
2525 2846 2778 2904 fructum
2821 2844 2996 2905 nobis
3035 2843 3416 2905 intercidere:
3475 2864 3554 2905 ne

626 2924 885 2984 sinamus
948 2942 1061 2984 nos
1118 2926 1197 2985 ab
1257 2942 1331 2984 eo
1380 2923 1657 2985 excidere
1706 2922 1769 2983 ιιι
1822 2940 1945 3001 quo
1985 2923 2220 2984 odorati
2261 2938 2494 2984 sumus,
2544 2942 2622 2983 ne
2665 2924 2926 2985 sinamus
2965 2926 3044 2985 ab
3083 2922 3152 2983 iis
3189 2943 3302 2985 nos
3339 2924 3552 3017 deuelli

626 3002 979 3079 quibuscum
1036 3002 1273 3065 odorati
1334 3020 1573 3081 sumuS,
1637 3008 1694 3065 δι
1756 3004 2129 3065 odoratiores
2186 3003 2438 3081 amplius
2477 3003 2796 3096 efficimur,
2857 3023 2982 3083 quo
3021 3004 3275 3081 amplius
3312 3004 3454 3082 ipsis
3493 3004 3552 3063 in

630 3082 867 3145 Christo
904 3083 1324 3145 adhaeremus.
1368 3084 1617 3145 odorem
1658 3084 1779 3145 illic
1820 3083 2182 3163 inuenimus,
2223 3103 2348 3145 non
2388 3083 2714 3145 intulimus.
2753 3104 2934 3163 quem
2973 3084 3022 3144 si
3061 3101 3474 3163 oppugnemus
3493 3085 3552 3145 in

630 3166 783 3238 vllo,
823 3182 947 3224 non
986 3163 1182 3233 illum
1222 3165 1326 3225 sed
1366 3174 1603 3225 nosmet
1644 3165 1803 3243 ipsos
1844 3165 2228 3225 extrudimus.
2263 3184 2342 3227 ne
2359 3164 2620 3226 sinamus
2639 3168 2734 3225 vel
2753 3164 2981 3225 minimi
2999 3164 3348 3243 cuiusquam
3367 3184 3554 3225 mem·

628 3243 723 3305 bri
762 3242 1060 3305 fastidium
1100 3254 1205 3303 aut
1244 3254 1655 3322 contemptum
1696 3246 1756 3305 ιιι
1796 3243 2010 3306 animis
2050 3245 2266 3306 nostris
2305 3245 2697 3306 inualescere.
2751 3264 2828 3307 ne
2867 3244 3127 3307 sinamus
3165 3244 3345 3323 deniq
3347 3262 3424 3305 ue
3459 3247 3554 3305 vel

628 3344 733 3386 eos
774 3323 935 3402 ipsos
974 3323 1076 3401 qui
1108 3323 1252 3385 foris
1294 3335 1462 3403 sunt,
1516 3326 1812 3387 foetorum
1854 3337 2125 3386 nostrum
2165 3325 2382 3386 sentire
2423 3345 2496 3385 ex
2535 3335 2878 3402 contemptu
2911 3325 3036 3385 sui:
3077 3325 3186 3387 sed
3205 3344 3388 3403 quem
3405 3324 3550 3386 odo·

628 3424 755 3465 rem
812 3403 1069 3482 gratiose
1129 3404 1591 3465 communicauit
1631 3404 1945 3466 nobiscum
1989 3404 2286 3483 ChristuS,
2349 3406 2605 3466 eundem
2645 3422 2880 3466 summo
2919 3406 3116 3499 studio
3157 3410 3214 3466 δι
3252 3405 3552 3465 alacritate

630 3501 769 3546 cum
809 3484 921 3545 illis
960 3484 1502 3561 communicemuS,
1552 3485 1602 3546 si
1638 3486 1765 3545 fieri
1806 3496 2036 3565 potest,
2100 3495 2165 3544 vt
2203 3486 2302 3545 ille
2335 3485 2460 3563 ipse
2499 3487 2654 3548 odor
2692 3496 2896 3546 noster
2934 3498 3062 3547 tum
3101 3486 3162 3547 in
3201 3484 3314 3546 illis
3353 3484 3454 3563 qui
3489 3483 3550 3545 ιιι

628 3563 887 3643 peccatis
938 3565 1161 3625 mortui
1220 3585 1290 3625 ac
1352 3568 1643 3627 foetentes
1702 3578 1899 3643 erant,
1960 3577 2090 3625 tum
2153 3564 2214 3625 in
2271 3566 2446 3627 nobis
2487 3566 2590 3643 qui
2627 3570 2664 3625 a
2705 3576 2898 3627 morte
2937 3570 2994 3628 &
3031 3566 3410 3643 corruptione
3447 3583 3552 3643 per

630 3645 929 3705 Christum
970 3644 1249 3705 vindicati
1290 3664 1523 3724 sumus,
1588 3646 1664 3706 sit
1704 3648 1839 3709 Deo
1880 3644 2203 3738 gloriosus,
2246 3646 2550 3707 Ecclesiae
2587 3645 2742 3706 illius
2780 3648 3064 3708 salutaris.
3126 3647 3188 3706 Si
3227 3644 3552 3736 fecerimus,

628 3727 781 3787 bene
823 3736 948 3802 est,
988 3728 1051 3802 (f.
1096 3728 1239 3803 755)
1274 3726 1538 3787 officium
1580 3726 1889 3787 fecerimus
1930 3724 2168 3787 Christo
2205 3730 2261 3787 δι
2303 3726 2606 3788 Ecclesiae
2646 3726 2772 3786 eius
2813 3726 3111 3787 debitum·
3153 3726 3202 3787 si
3243 3745 3400 3803 non,
3439 3724 3548 3785 iam

630 3823 753 3865 non
796 3806 979 3883 odor,
1040 3806 1143 3866 sed
1186 3808 1379 3867 foetor
1418 3810 1645 3867 tuturus
1686 3818 1805 3883 est,
1866 3824 2046 3882 quem
2086 3826 2292 3867 coram
2331 3808 2497 3885 Deo,
2557 3806 2854 3879 Ecclesia,
2917 3810 2972 3867 δι
3009 3806 3288 3867 vniuerso
3329 3806 3550 3865 mundo

628 3886 1053 3946 eructabimus·
1116 3887 1283 3963 quod
1326 3888 1547 3947 malum
1580 3898 1809 3948 auertat
1842 3886 2155 3949 Dominus,
2207 3890 2278 3947 In
2313 3906 2418 3947 eos
2461 3888 2732 3949 homines
2785 3886 3010 3965 optime
3053 3886 3370 3979 quadrabit
3409 3884 3548 3947 illud

628 3963 1063 4027 sanctissimum
1105 3965 1419 4043 Augustini
1462 3966 1686 4028 dictum
1730 3967 1947 4045 EpheS.
1995 3986 2130 4042 227.
2171 3970 2459 4046 Magnum
2501 3965 2622 4029 istis
2663 3966 3006 4029 hominibus
3035 3966 3348 4027 consilium
3372 3964 3548 4027 vindi-

626 4045 803 4106 candi
844 4057 943 4107 est·
972 4046 1159 4108 libido
1200 4045 1520 4125 moriendi,
1558 4067 1681 4109 non
1720 4048 1781 4109 in
1822 4066 2112 4127 corpore,
2155 4048 2259 4110 sed
2299 4048 2360 4109 in
2399 4048 2612 4109 corde:
2655 4048 2756 4109 vbi
2795 4048 2972 4108 funus
3009 4049 3240 4108 occulte
3261 4045 3424 4123 prius
3445 4064 3544 4107 suo

3335 4136 3544 4205 putore
