3923 4875
1239 342 1341 385 DE
1401 342 1818 385 POLITIAE
1881 341 2135 386 Mosls
2196 344 2485 387 OBSER.
3208 346 3321 405 373

391 510 550 587 leges
597 517 731 569 sunt
779 505 1052 585 publicae
1101 504 1240 565 iuris
1289 504 1442 565 illius
1481 502 2156 583 determinationumque
2194 524 2266 565 ex
2308 504 2433 565 iure
2478 503 2731 565 tabulae.
2780 506 2959 563 Thes.
3014 509 3105 566 28.
3168 506 3320 567 Nam

393 592 460 648 de
502 591 621 651 illis
660 590 918 649 omnibus
957 605 1106 663 quae
1145 586 1391 647 subsunt
1423 586 1786 645 ordinationi
1819 588 1966 661 legis
1979 630 1997 657 ,
2036 588 2099 644 in
2136 586 2289 645 hunc
2329 588 2555 645 modum
2599 586 3097 645 determinationes
3126 588 3326 665 fiunt,

391 672 516 730 cnm
562 670 835 730 humanis
873 667 1096 742 legibus
1130 684 1194 725 ea·
1231 668 1516 725 communi
1552 674 1660 725 aut
1695 668 1997 741 singulari
2032 668 2193 739 nere,
2226 668 2388 743 quod
2410 668 2545 727 ant&
2552 668 2975 743 proposuimus
2988 684 3015 739 ,·
3034 676 3153 726 tum
3175 669 3323 745 ipsis

389 751 612 825 legibus
656 751 843 809 Masis
858 764 880 805 .·
931 764 1083 824 quae
1136 744 1658 806 determinationes
1709 745 1834 806 siue
1887 748 2263 805 communiter
2298 757 2421 824 pro
2461 754 2715 804 naturae
2756 747 2923 805 modo
2936 792 2953 821 ,
2996 750 3325 823 earumque

395 848 592 891 rerum
635 846 789 905 quae
827 826 888 887 in
927 838 1135 887 natura
1173 826 1478 902 accidunt3
1518 824 1642 885 siue
1669 828 2132 906 particulariter
2168 844 2243 885 ex
2278 829 2537 885 instituto
2562 827 2805 898 gratiae
2838 835 2978 885 sunt
2991 828 3325 887 mutabiles:

391 908 878 987 quandoquidem
918 907 1138 984 gratiae
1173 916 1382 965 auctor
1423 908 1586 967 Deus
1625 906 1776 966 haec
1809 917 2123 983 perpetua,
2164 906 2521 984 temporaria
2559 904 2807 965 instituit
2845 904 2906 964 in
2948 908 3172 983 populo
3208 925 3319 967 suo

397 992 762 1050 documenta
819 987 1073 1067 gratiae3
1133 988 1210 1045 de
1263 985 1480 1063 quibus
1525 984 1644 1045 iam
1698 986 1936 1065 proprie
1986 985 2199 1046 dicturi
2240 1003 2441 1047 sumus
2463 1030 2481 1053 ..
2523 983 2755 1045 omissis
2796 984 3042 1046 caeteris
3082 986 3326 1045 humani

391 1070 548 1132 illius
589 1068 730 1131 iuris
767 1069 1086 1148 legumque
1123 1063 1738 1128 determinationibus-

1661 1436 1873 1497 CAP.
1934 1439 2067 1501 VI.

1037 1620 1204 1695 Quid
1233 1621 1386 1678 iuris
1423 1620 1735 1677 communis
1773 1619 1855 1678 sit
1887 1620 1950 1707 in
1992 1620 2118 1695 lege
2154 1621 2353 1679 Mosis
2392 1621 2684 1679 rnutabile.

479 1786 569 1843 Ex
617 1784 686 1844 iis
738 1802 894 1860 quae
947 1784 1132 1844 modo
1171 1781 1456 1857 diximuS,
1499 1780 1876 1841 manifestum
1915 1792 2037 1857 est,
2076 1780 2137 1841 in
2176 1783 2307 1858 lege
2350 1782 2538 1843 Mosis
2580 1782 2834 1860 proinde
2875 1796 3054 1859 atque
3098 1784 3156 1841 in
3198 1782 3326 1843 aliis

398 1864 850 1941 quibuscunque
911 1863 1169 1941 legibus,
1229 1862 1528 1940 duplicem
1575 1862 1714 1921 iuris
1753 1861 2043 1922 rationem
2084 1880 2213 1921 esse
2231 1906 2249 1936 ,
2290 1880 2671 1923 communem
2712 1873 2893 1939 atque
2936 1863 3323 1941 singularem:

398 1945 798 2006 Communem
838 1942 978 2003 iuris
1017 1942 1306 2003 rationem
1345 1941 1628 2021 appellari
1668 1960 1828 2019 eam,
1869 1960 2050 2020 quam
2093 1943 2255 2002 Deus
2300 1942 2526 2003 Iudaeis
2566 1962 2674 2019 per
2714 1944 2929 2004 Mosen
2951 1942 3328 2021 praescripsit

397 2024 814 2100 communiter,
855 2026 975 2101 qua
1015 2022 1288 2083 homines
1327 2024 1561 2083 fuerunt
1601 2021 1684 2081 illi
1724 2023 1784 2082 in
1825 2034 2036 2082 natura
2076 2041 2302 2082 rerum:
2347 2020 2711 2099 Singularem
2755 2026 2894 2082 vero
2930 2034 3031 2082 aut
3074 2024 3324 2100 particu-

396 2107 608 2181 larem,
668 2122 848 2181 quam
910 2102 1284 2182 praescripsit
1343 2101 1744 2181 singulariter,
1803 2113 1866 2161 vt
1921 2100 2262 2163 hominibus
2300 2101 2571 2163 admissis
2610 2101 2669 2162 in
2716 2101 3225 2181 participationem
3267 2106 3322 2163 &

395 2183 762 2245 consortium
801 2184 1036 2261 gratiae.
1079 2183 1340 2243 Primum
1379 2183 1577 2259 itaque
1619 2184 1696 2243 de
1735 2183 2043 2243 communi
2085 2182 2441 2244 Iudaeorum
2482 2182 2609 2243 iure
2647 2182 2971 2244 videndum
3013 2198 3121 2243 est.

487 2266 654 2325 Thes.
699 2283 794 2341 29.
834 2265 1032 2323 Masis
1071 2266 1260 2340 Leges
1299 2282 1667 2340 quaecunque
1703 2264 1858 2321 iuris
1897 2265 2210 2322 communis
2251 2272 2413 2339 sunt,
2454 2274 2565 2324 aut
2596 2267 2825 2324 ratzbne
2863 2266 3151 2324 communi
3186 2264 3323 2322 obli-

387 2352 568 2419 gant..
608 2352 719 2404 aut
752 2345 1048 2415 analogia.
1104 2346 1484 2423 Quapropter
1524 2350 1634 2403 aut
1659 2345 1822 2422 ipsas
1859 2344 2013 2418 leges
2052 2344 2295 2403 seruari
2308 2352 2456 2421 opus
2473 2353 2583 2419 est,
2606 2352 2713 2403 aut
2729 2364 2933 2402 earum
2955 2345 3292 2419 analogiam
3307 2388 3324 2418 ,

398 2433 463 2487 vt
521 2426 590 2483 de
645 2426 770 2486 suis
826 2425 1047 2500 legibus
1108 2425 1504 2485 [ureconsulti
1557 2423 1692 2484 olim
1741 2433 2117 2514 praecepere.
2174 2425 2275 2483 Ius
2334 2441 2655 2486 commune
2714 2433 2835 2501 est,
2888 2441 3009 2501 quo
3052 2434 3325 2485 tenentur

401 2523 638 2566 omnes:
679 2504 828 2565 luris
865 2504 1198 2565 communis
1239 2503 1416 2564 index
1457 2515 1545 2564 est
1591 2504 1892 2581 publicus,
1938 2505 2061 2563 lex:
2105 2524 2176 2564 ac
2217 2502 2466 2580 proinde
2506 2522 2626 2582 qua
2668 2504 2897 2564 ratione
2938 2502 3027 2564 ius
3066 2502 3293 2580 obligat
3312 2551 3328 2578 ,

399 2585 612 2644 eadem
675 2602 918 2662 quoque
979 2585 1203 2662 obligat
1267 2587 1394 2661 lex,
1455 2586 1616 2645 velut
1675 2582 1810 2644 iusti
1868 2585 1924 2643 &
1963 2582 2162 2644 iniusti
2222 2583 2515 2661 magistra.
2580 2585 2688 2644 Est
2746 2595 2943 2644 autem
2988 2583 3127 2643 iuris
3166 2603 3329 2643 com-

401 2665 621 2738 munis,
684 2665 1011 2741 eademque
1071 2663 1217 2742 legis
1276 2665 1726 2725 fundamentum
1787 2664 2039 2740 duplex:
2092 2681 2277 2723 vnum
2316 2664 2657 2740 proximum
2698 2667 2751 2726 δε
2793 2683 3025 2742 semper
3064 2683 3325 2724 necessa-

400 2745 582 2822 rium,
637 2745 802 2821 quod
855 2744 1144 2804 rationem
1187 2763 1568 2805 communem
1609 2745 2007 2822 appellamus;
2048 2744 2297 2805 alterum
2339 2743 2619 2804 remotius
2660 2743 2936 2822 quidem,
2982 2744 3087 2803 sed
3129 2756 3327 2802 tamen

399 2844 541 2885 cum
580 2825 810 2885 ratione
849 2825 1156 2885 communi
1194 2845 1268 2886 ex
1307 2823 1654 2886 necessitate
1693 2822 2241 2884 coniunctissimum
2258 2867 2275 2900 ,
2317 2825 2485 2902 quod
2524 2824 2874 2903 analogiam.
2930 2827 3084 2883 Nam
3123 2841 3326 2883 earum

399 2923 596 2966 rerum
655 2923 808 2983 quae
866 2903 991 2964 iure
1050 2908 1106 2966 &
1165 2906 1296 2983 lege
1348 2915 1662 2981 canentur,
1701 2903 1815 2964 alia
1855 2903 2241 2964 fundamenta
2278 2905 2433 2965 adeo
2475 2905 2645 2964 firma
2684 2917 2847 2982 sunt,
2888 2905 2943 2964 δι
2984 2923 3057 2963 ex
3099 2902 3331 2963 ratione

399 2985 706 3046 communi
763 2985 1098 3046 substructa
1155 2983 1588 3064 potentissime,
1646 2995 1711 3044 vt
1769 2982 1908 3044 iuris
1970 2983 2125 3044 illius
2184 2982 2397 3044 veritas
2436 2995 2619 3062 atque
2658 2982 2976 3045 necessitas
3016 2988 3053 3044 a
3091 2982 3327 3043 nemine

397 3067 562 3126 bono
623 3064 684 3124 in
744 3064 990 3125 dubium
1051 3064 1252 3126 vocari
1310 3064 1524 3143 possit:
1588 3063 1724 3124 Alia
1781 3067 1925 3125 vero
1986 3082 2110 3124 non
2166 3061 2293 3142 ipsa
2333 3083 2441 3141 per
2480 3083 2545 3124 se
2586 3065 2973 3124 fundamenta
3011 3074 3180 3141 sunt,
3218 3065 3327 3124 sed

395 3145 688 3206 rationem
737 3142 1102 3205 fundamenti
1159 3145 1382 3206 habent
1437 3147 1476 3204 a
1533 3141 1732 3204 simili:
1794 3145 1934 3221 quia
1994 3144 2055 3204 in
2118 3143 2403 3205 similibus
2444 3143 2635 3204 causis
2676 3143 2973 3205 euidentia
3012 3155 3149 3204 sunt
3188 3143 3329 3204 iuris

397 3226 815 3298 fundamenta,
863 3225 1031 3302 quod
1078 3224 1582 3285 circumscribitur
1623 3222 1869 3302 legibus.
1932 3226 2135 3302 Atque
2174 3225 2329 3284 hanc
2369 3224 2659 3284 rationem
2701 3243 2885 3302 vsque
2924 3225 3079 3285 adeo
3120 3235 3330 3284 natura

398 3307 514 3366 iam
579 3304 724 3364 olim
779 3303 1024 3365 dictauit
1074 3303 1444 3379 hominibus,
1495 3314 1560 3363 vt
1597 3304 1991 3365 Iureconsulti
2031 3303 2093 3364 in
2135 3323 2246 3364 suo
2289 3302 2393 3364 illo
2431 3302 2591 3364 ciuili
2630 3305 2685 3364 δι
2725 3307 2989 3365 humano
3031 3303 3154 3364 iure
3194 3322 3325 3362 eam

396 3384 686 3446 senserint
741 3383 1169 3461 adhibendam,
1227 3386 1285 3445 δι
1345 3383 1615 3446 adhiberi
1674 3386 1997 3445 commode
2050 3383 2478 3461 praeceperint.
2537 3385 2691 3446 Cum
2744 3385 2903 3446 enim
2950 3387 3040 3460 (vt
3092 3383 3328 3445 dicebat

395 3465 656 3526 Iulianus
691 3466 768 3524 L.
819 3483 910 3524 10.
931 3465 1016 3540 ff.
1057 3465 1127 3523 de
1163 3467 1352 3541 legib.)
1391 3481 1586 3542 neque
1624 3465 1786 3556 leges
1825 3481 2021 3542 neque
2059 3465 2579 3526 Senatusconsulta
2622 3464 2701 3526 ita
2742 3464 2921 3525 scribi
2960 3463 3221 3542 possint,
3262 3475 3325 3524 vt

400 3564 613 3605 omnes
666 3563 838 3604 casus
888 3542 992 3622 qui
1044 3545 1408 3621 quandoque
1457 3543 1771 3605 inciderint
1813 3544 2427 3622 comprehendantur:
2471 3545 2577 3605 sed
2617 3545 2869 3605 sufficiat
2909 3564 2979 3605 ea
3015 3563 3170 3621 quae
3212 3546 3328 3621 ple-

401 3642 633 3702 runque
689 3623 1002 3703 accidunt,
1059 3623 1376 3686 contineri:
1427 3624 1554 3684 siue
1607 3623 1845 3699 (Celsus
1883 3625 1960 3685 L.
2004 3643 2061 3698 4.
2090 3625 2177 3700 ff.
2218 3627 2288 3684 de
2324 3625 2523 3701 legib.)
2568 3627 2703 3686 cum
2740 3645 2815 3685 ex
2853 3623 2943 3684 his
2982 3641 3135 3701 quae
3175 3626 3327 3683 forte

397 3723 518 3765 vno
580 3703 782 3781 aliquo
841 3720 984 3764 casu
1035 3703 1309 3765 accidere
1361 3714 1612 3782 possunt
1663 3703 1790 3764 iura
1829 3723 1952 3764 non
1995 3703 2459 3765 constituuntur:
2500 3705 2605 3764 sed
2644 3705 2725 3766 ad
2763 3724 2835 3765 ea
2874 3703 3071 3782 potius
3110 3703 3331 3763 debeat

397 3785 586 3860 aptari
623 3784 745 3861 ius,
783 3801 938 3860 quae
977 3785 1033 3843 &
1072 3786 1410 3861 frequenter
1449 3783 1506 3843 δι
1545 3783 1746 3862 facile,
1786 3787 1969 3862 quam
2010 3802 2163 3860 quae
2204 3788 2443 3861 perraro
2486 3785 2795 3844 eueniunt:
2836 3786 2911 3844 L.
2966 3803 3054 3843 12.
3090 3785 3168 3844 ὁ·
3210 3802 3325 3860 seq.

383 3865 472 3941 ff
513 3866 635 3924 eod.
675 3865 822 3924 Ideo
857 3881 1044 3942 quum
1081 3864 1144 3927 in
1181 3863 1382 3942 aliqua
1417 3881 1598 3924 causa
1635 3863 1925 3924 sententia
1965 3867 2167 3942 legum
2210 3864 2519 3926 manifesta
2558 3875 2675 3940 est,
2714 3863 2764 3924 is
2804 3863 2908 3941 qui
2936 3861 3327 3923 iurisdictioni

396 3954 657 4022 praeest,
717 3943 798 4003 ad
857 3942 1068 4004 similia
1119 3945 1446 4023 procedere
1496 3941 1810 4022 analogica
1860 3943 2374 4021 interpretatione,
2425 3955 2603 4020 atque
2643 3943 2723 4004 ita
2762 3944 2851 4005 ius
2891 3943 3091 4004 dicere
3131 3943 3326 4003 debet.

396 4026 552 4084 Nam
608 4035 672 4083 vt
711 4022 794 4083 ait
831 4023 1084 4084 Paedius
1123 4024 1284 4101 apud
1325 4023 1645 4103 leianum
1663 4069 1678 4097 ,
1719 4022 1952 4101 quoties
1992 4025 2127 4101 lege
2164 4023 2420 4103 aliquid,
2464 4043 2647 4084 vnum
2690 4027 2785 4085 vel
2824 4025 3106 4098 alterum,
3149 4023 3329 4083 intro-

398 4106 646 4165 ductum
711 4115 832 4180 est,
893 4105 1056 4165 bona
1117 4104 1356 4166 occasio
1414 4113 1533 4180 est,
1591 4114 1826 4164 caetera
1886 4120 2043 4180 quae
2104 4105 2355 4164 tendunt
2406 4105 2483 4166 ad
2537 4105 2809 4166 eamdem
2850 4103 3159 4163 vtilitatem
3178 4148 3196 4180 ,
3236 4104 3330 4162 vel

403 4183 890 4261 interpretatione
903 4227 922 4262 ,
983 4185 1077 4244 vel
1137 4187 1300 4245 certe
1359 4182 1762 4246 iurisdictione
1825 4183 2109 4261 suppleri.
2176 4185 2361 4260 Quod
2416 4189 2559 4244 vero
2614 4195 2821 4245 contra
2860 4185 3155 4245 rationem
3194 4181 3333 4242 iuris

402 4277 786 4342 praeceptum
829 4275 952 4340 est,
991 4280 1116 4324 non
1156 4275 1245 4324 est
1285 4263 1736 4341 producendum
1777 4265 1853 4324 ad
1895 4263 2365 4341 consequentias,
2430 4264 2601 4339 Quae
2644 4266 2781 4324 cum
2822 4263 2903 4324 ita
2934 4265 3075 4340 sint,
3107 4263 3331 4340 optime

405 4343 854 4423 concludimus,
912 4346 1164 4404 alterum
1211 4345 1426 4406 horum
1480 4343 1702 4406 seruari
1741 4363 1973 4422 semper
2013 4355 2321 4422 oportere:
2381 4345 2616 4421 Nempe
2655 4344 2812 4423 ipsas
2850 4347 3042 4423 legeS,
3084 4343 3132 4404 si
3171 4353 3331 4432 recta

3104 4434 3330 4483 ratione
