3923 4875
1419 338 1839 382 FRANCISGI
1895 338 2110 393 jur-111
2171 338 2378 382 vl'rA.
3287 345 3350 384 11

429 513 730 583 tamquam
777 504 827 564 si
850 503 1176 596 'prostituta
1212 503 1415 564 fuisset
1454 502 1740 582 pudicitia
1775 503 1950 566 illius.
2031 507 2304 582 Vtroque
2346 503 2469 564 hoc
2507 501 2898 563 incommodo
2932 512 3170 563 sanctae
3204 503 3357 565 illius

426 585 725 646 foeminae
769 583 1001 645 animus
1043 585 1527 662 oppugnabatur,
1560 583 1978 646 obiicientibus
2007 584 2264 662 maligne
2297 601 2476 662 quam
2509 581 2776 674 plurimis
2808 592 2934 643 tum
2975 583 3358 645 Franciscani

422 664 579 725 illius
620 665 1054 742 reuersionem,
1095 676 1222 725 tum
1264 663 1677 742 grauiditatem
1718 668 1804 741 (vt
1840 664 2102 742 aiebant)
2140 663 2502 755 impudicam
2543 661 2762 722 matris

498 746 771 806 Tandem
834 744 1014 806 filium
1076 745 1247 804 enixa
1308 755 1395 805 est
1454 744 1783 806 Februario
1842 763 2081 824 mense,
2144 743 2241 804 cui
2279 760 2502 804 nomen
2543 742 2784 804 Ioannis
2823 741 3199 834 impositum,
3238 762 3358 820 quo

417 835 687 902 tempore
758 826 1091 886 interuentu
1167 824 1436 902 Reginae
1495 824 1649 885 illius
1712 826 2090 885 Nauarrenae
2149 825 2310 902 apud
2370 822 2752 883 Franciscum
2813 821 3072 900 primum
3130 826 3360 916 Regem

420 906 890 982 procurabantur
938 923 1033 966 res
1072 903 1275 982 patris.
1354 905 1667 966 Liberatus
1708 905 1787 964 ab
1827 903 2206 966 accusatione
2239 914 2410 981 pater
2440 902 2789 963 auctoritate
2834 903 3018 981 Regis
3034 949 3050 978 ,
3102 903 3358 980 patrium

420 987 613 1046 solum
674 985 916 1077 repetit,
976 996 1155 1062 atque
1213 984 1513 1062 immigrat
1571 983 1633 1044 in
1672 983 1999 1062 Biturigum
2039 983 2434 1076 metropolin,
2474 981 2576 1042 vbi
2618 1000 2758 1043 cum
2797 983 2972 1043 laude
3013 984 3090 1043 ad
3138 982 3358 1044 exitum

424 1083 609 1142 vsque
667 1064 822 1126 vitae
882 1063 1212 1140 Consiliarij
1252 1063 1424 1143 Regij
1468 1065 1523 1124 δι
1566 1083 1677 1142 pro
1718 1064 1989 1125 Tribuno
2035 1063 2289 1124 militum
2330 1028 2660 1123 honoribus
2699 1067 2736 1122 a
2777 1065 2945 1140 Rege
2988 1062 3220 1124 collatis
3261 1065 3360 1123 de-

421 1148 657 1205 functus
696 1155 815 1206 est:
856 1156 1091 1223 praeter
1130 1144 1245 1206 alia
1287 1145 1613 1205 commoda
1650 1143 2001 1223 honoraria,
2043 1162 2196 1222 quae
2216 1147 2254 1203 a
2274 1143 2506 1220 Re'gina
2527 1161 2731 1204 sorore
2747 1141 2900 1203 illms
2936 1144 2992 1202 &
3027 1142 3352 1222 Biturigum

422 1227 597 1285 Duce
636 1243 782 1286 acce
827 1235 971 1287 erat.

498 1303 613 1364 His
652 1247 994 1382 pare11³1tibus
1034 1305 1297 1397 genitus,
1336 1305 1401 1365 in
1442 1304 1541 1365 illa
1582 1303 1805 1365 celebri
1844 1303 2172 1383 Biturigum
2213 1306 2361 1364 vrbe
2389 1301 2648 1381 primum
2681 1302 2742 1363 in
2772 1305 2928 1364 hanc
2956 1305 3151 1365 lucem
3190 1303 3354 1381 veni,

419 1384 562 1463 ipsis
622 1385 913 1447 Kalendis
972 1384 1179 1464 Maiis,
1238 1387 1351 1446 sub
1412 1386 1622 1445 horam
1674 1383 1989 1462 septimam
2027 1383 2458 1462 vespertinam,
2498 1401 2659 1445 anno
2700 1384 2824 1446 cIo.
2867 1385 3136 1446 10.xr,v.
3179 1403 3357 1462 aegra

422 1475 609 1524 matre
668 1484 845 1544 aeger
902 1475 1131 1544 partuS,
1193 1466 1270 1526 de
1318 1464 1484 1525 cuius
1540 1465 1661 1526 vita
1699 1466 1798 1525 vel
1836 1465 1915 1525 ad
1953 1465 2138 1524 horae
2179 1463 2433 1556 spatium
2473 1483 2610 1555 spes
2649 1465 2812 1523 nulla
2852 1481 2980 1524 esse
3024 1463 3354 1526 videbatur.

420 1547 629 1622 Itaque
688 1545 883 1606 statim
936 1565 1008 1606 ac
1047 1544 1424 1606 tumultuarie
1464 1545 1541 1606 de
1578 1544 1878 1622 baptismo
1918 1543 2157 1604 infantis
2198 1548 2286 1620 (vt
2325 1542 2529 1622 opinio
2571 1547 2720 1620 erat)
2763 1542 3102 1604 moribundi
3135 1553 3356 1607 actum.

420 1627 693 1703 Repente
733 1628 1039 1686 σύνιεκνοι
1082 1628 1255 1702 (quos
1308 1627 1490 1703 vulgo
1532 1625 1737 1687 dicunt
1782 1625 2157 1702 Compatres)
2197 1623 2299 1702 qui
2339 1643 2438 1685 me
2475 1623 2556 1684 ad
2594 1639 2828 1683 sacrum
2861 1623 3157 1701 baptisma
3192 1622 3352 1684 siste-

416 1717 584 1782 rent,
640 1706 1014 1766 aduocantur
1072 1705 1222 1766 duo·
1208 1749 1225 1781 ,
1286 1705 1639 1766 Franciscus
1686 1703 2116 1783 Albaspineus,
2156 1703 2259 1782 qui
2297 1722 2410 1782 pro
2451 1702 2730 1782 singulari
2767 1702 2830 1763 in
2870 1723 3037 1765 meos
3078 1714 3352 1782 parentes

416 1751 675 1845 amicitia
732 1785 795 1845 id
855 1783 971 1845 sibi
1033 1785 1471 1863 depoposcerat
1528 1785 1781 1860 iamdiU,
1843 1785 1899 1843 &
1947 1784 2298 1846 Franciscus
2339 1783 2638 1844 Behaldus
2680 1783 3054 1844 Chantillius:
3097 1801 3351 1862 quorum

415 1867 565 1925 alter
620 1864 804 1924 vitam
865 1881 1034 1925 suam
1090 1865 1353 1926 traduxit
1410 1864 1471 1924 in
1531 1863 1905 1942 amplissimis
1944 1863 2143 1942 Regni
2177 1863 2397 1925 Gallici
2435 1862 2796 1942 honoribuS,
2838 1863 3036 1925 donec
3079 1883 3352 1925 moerore

418 1956 556 2023 post
618 1943 781 2005 illam
840 1943 1121 2006 infamem
1159 1944 1457 2006 lanienam
1498 1945 1639 2006 anni
1676 1947 1923 2008 01210.
1967 1961 2158 2004 Lxxn.
2201 1943 2520 2005 exstinctus
2562 1954 2681 2022 est,
2723 1954 2785 2002 vt
2823 1944 2917 2019 aliJ'
2959 1942 3106 2005 boni
3146 1961 3349 2021 quam-

419 2024 684 2101 plurimi:
729 2026 876 2085 alter
914 2023 975 2085 in
1015 2025 1141 2086 otio
1182 2027 1238 2085 &
1259 2024 1456 2118 quiete
1492 2024 1907 2086 honestissima
1946 2026 2107 2104 apud
2139 2034 2432 2086 nostrates
2460 2023 2641 2085 vitam
2669 2023 2814 2083 vixit
2845 2022 3352 2086 iucundissimam.

417 2105 535 2166 His
574 2124 688 2182 ego
732 2104 979 2166 testibus
1012 2103 1515 2184 sponsoribusque
1547 2105 1680 2166 fui
1662 2125 1725 2165 ιιι
1752 2106 1931 2183 aede,
1966 2122 2146 2183 quam
2178 2105 2240 2166 S.
2271 2102 2546 2166 Medardi
2574 2114 2822 2172 vocant,
2858 2105 3072 2164 eodem
3105 2123 3354 2183 vespere

426 2184 779 2262 baptizatus.

494 2267 927 2327 Prouehentem
966 2285 1063 2326 me
1104 2267 1414 2343 puerulum
1455 2266 1580 2326 vari
1622 2263 1939 2344 plurimum
1978 2263 2334 2326 afflixerunt:
2374 2263 2482 2341 qui
2506 2280 2690 2341 quum
2723 2281 2820 2322 me
2855 2262 3028 2324 tertia
3061 2263 3192 2324 vice
3227 2273 3349 2324 tam

416 2344 673 2424 grauiter
732 2344 1139 2421 infestassent,
1196 2355 1261 2406 vt
1318 2347 1529 2423 perdiu
1578 2365 1694 2407 nec
1734 2362 1939 2421 aureS,
1977 2364 2093 2406 nec
2129 2343 2287 2406 oculi
2327 2343 2590 2405 officium
2628 2345 2919 2421 facerent,
2964 2343 3346 2422 omniumque

418 2442 616 2486 rerum
658 2424 956 2487 fastidium
995 2444 1071 2487 ex
1110 2391 1389 2487 c'liuturno
1429 2427 1647 2487 cubatu
1688 2424 1834 2487 mihi
1873 2424 2233 2505 attulissent,
2276 2435 2406 2485 turn
2456 2422 2868 2501 intempestiue
2904 2434 3346 2516 praeposteram

419 2525 561 2583 erga
603 2525 699 2566 me
737 2508 1208 2598 damnosamque
1247 2506 1713 2568 misericordiam
1754 2517 2145 2567 exercuerunt
2176 2472 2508 2566 ancillulae.
2567 2504 2934 2565 Durantibus
2975 2504 3133 2565 enim
3154 2505 3350 2597 adhuc

422 2586 875 2663 exanthematiS,
940 2606 1037 2648 me
1095 2585 1159 2646 in
1217 2589 1450 2647 caelum
1507 2586 1747 2679 liberius
1806 2596 2220 2664 exportarunt:
2281 2602 2410 2677 quo
2445 2587 2669 2646 factum
2709 2594 2825 2653 est..
2869 2595 2931 2646 vt
2971 2584 3252 2662 repressis
3293 2587 3348 2644 δι

422 2665 779 2744 repercussis
836 2674 973 2728 aere
1032 2666 1435 2745 frigefaciente
1494 2667 1677 2745 variS,
1724 2669 1990 2729 defluxus
2028 2666 2222 2746 gravis
2263 2666 2323 2726 in
2365 2664 2661 2726 sinistrum
2704 2654 2922 2755 pedem
2962 2663 3352 2725 incumberet.

423 2748 517 2806 Ex
564 2764 639 2807 eo
678 2746 913 2807 defluxu
955 2746 1276 2839 malignum
1316 2746 1483 2808 vicus
1523 2757 1761 2808 enatum
1803 2747 2002 2808 media
2040 2747 2186 2808 tibia
2226 2744 2326 2807 vix
2365 2743 2651 2807 semianni
2689 2742 2882 2822 spatio
2923 2756 3188 2805 curatum
3232 2755 3351 2805 est:

422 2830 479 2888 &
538 2827 923 2903 postmodum
980 2826 1210 2905 reliquo
1268 2826 1423 2888 vitae
1488 2827 1813 2906 curriculo,
1876 2828 1926 2887 si
1988 2827 2154 2905 quod
2207 2846 2302 2886 me
2341 2824 2556 2886 inuasit
2594 2827 2843 2902 malum,
2885 2822 2947 2885 id
2989 2823 3050 2885 in
3091 2826 3348 2886 eundem

422 2909 772 2985 plerumque
810 2906 1029 2985 pedem
1068 2905 1409 2968 exundauit.

498 2987 811 3047 Elementa
864 2986 1040 3066 coepi
1100 2986 1359 3066 discere,
1417 2998 1482 3048 vt
1538 2986 1793 3066 primum
1853 2987 2082 3049 excessi
2139 2984 2603 3063 quinquennium
2659 2982 3040 3046 blandissime
3095 2984 3348 3046 docente

424 3077 619 3144 patre,
680 3065 911 3143 quoties
970 3069 1224 3128 vacabat
1280 3084 1520 3128 reuerso
1567 3071 1841 3160 peregre,
1904 3079 1969 3128 vt
2007 3064 2334 3128 infirmitati
2369 3084 2538 3127 meae
2575 3064 2942 3143 consuleret,
3003 3083 3145 3125 nam
3189 3083 3352 3124 eram

423 3146 753 3208 admodum
811 3146 1291 3209 valetudinarius.
1370 3147 1653 3209 Sexennis
1711 3147 1887 3226 coepi
1942 3146 2200 3208 scribere
2284 3134 2350 3205 &z
2411 3143 2820 3206 inclinationes
2877 3154 3123 3207 naturae
3184 3163 3353 3205 meae

423 3226 762 3318 ingeniique
802 3228 1052 3289 modum
1090 3226 1410 3306 plurimum
1451 3229 1786 3290 ostendere.
1862 3230 2063 3289 Inerat
2095 3161 2308 3295 miffila
2340 3238 2552 3287 natura
2583 3223 2912 3286 iucunditas
2941 3224 3152 3286 festiua
3181 3242 3353 3302 quae-

426 3306 595 3387 dam,
635 3305 801 3368 cuius
840 3306 1015 3369 dietis
1052 3325 1202 3386 puer
1240 3317 1669 3386 saepenumero
1704 3310 2049 3370 recreabam
2087 3317 2320 3386 patrem
2360 3308 2439 3367 ab
2482 3304 2977 3384 occupationibus
3007 3304 3171 3367 seriis
3191 3307 3356 3365 ablu·

423 3388 695 3449 dentem:
758 3386 864 3447 sed
924 3388 1079 3449 hanc
1142 3387 1448 3467 educatiO,
1508 3388 1972 3481 occupationum
2013 3389 2225 3450 moles,
2269 3387 2641 3449 conversatio
2682 3387 2739 3445 δι
2779 3386 2972 3447 studia
3008 3385 3354 3447 retuderunt

425 3469 633 3546 plane,
693 3467 845 3528 adee
902 3478 995 3547 vt,
1053 3467 1104 3528 si
1160 3467 1306 3546 quid
1362 3483 1523 3529 nunc
1576 3471 1614 3528 a
1666 3488 1763 3530 me
1800 3468 2078 3531 festiuum
2116 3466 2413 3546 proficisci
2454 3476 2759 3559 oporteat,
2802 3466 2929 3546 ipse
2967 3466 3110 3527 mihi
3149 3465 3352 3527 videar

424 3546 666 3626 indigne
726 3563 1161 3641 repuerascere.
1238 3551 1438 3609 Inerat
1487 3548 1846 3611 incredibilis
1896 3548 2143 3610 honoris
2183 3548 2554 3625 appetentia:
2597 3546 2826 3609 animus
2865 3546 2942 3607 ad
2978 3546 3346 3607 iracundiam

424 3646 735 3706 praeceps:
797 3626 1081 3689 iudicium
1138 3647 1251 3706 pro
1308 3628 1411 3688 illa
1469 3639 1660 3690 aetate
1719 3646 1928 3707 graue·
1913 3674 1930 3707 ,
1990 3630 2155 3707 quod
2201 3628 2498 3689 interdum
2547 3628 2739 3688 ferens
2778 3626 2974 3706 inique
3015 3637 3204 3687 mater
3242 3646 3349 3704 per

424 3708 635 3769 ludum
698 3706 1050 3787 obiiciebat,
1105 3728 1203 3769 me
1246 3708 1572 3787 sapientem
1613 3712 1920 3771 Socratem
1959 3711 2206 3770 alterum
2247 3726 2375 3769 esse
2417 3708 2600 3768 velle:
2639 3709 2930 3769 voracitas
2969 3706 3182 3783 nimia,
3225 3726 3348 3767 cre-

426 3786 589 3849 denti
630 3788 819 3863 (quod
854 3788 1061 3849 famuli
1092 3806 1541 3867 nonnumquam
1578 3790 2037 3882 persuadebant)
2089 3788 2322 3867 ingesto
2367 3786 2508 3848 cibo
2543 3798 2810 3849 curatum
2841 3787 2914 3849 iri
2946 3785 3345 3847 infirmitatem

424 3868 693 3961 corporis
732 3868 880 3929 mei·
917 3870 1117 3961 pudor
1156 3884 1450 3947 summus,
1491 3869 1593 3947 qui
1632 3889 1730 3930 me
1771 3870 1849 3930 ad
1888 3870 2045 3929 hanc
2083 3886 2267 3946 vsque
2306 3878 2558 3929 aetatem
2603 3867 2686 3928 sic
2725 3867 2965 3959 pressit,
3001 3877 3064 3927 vt
3097 3866 3346 3928 rusticus

426 3946 615 4026 magis
652 3947 731 4008 ad
769 3948 1010 4041 omnia,
1064 3952 1243 4026 quam
1282 3952 1541 4011 vrbanus
1603 3949 1813 4012 merite
1852 3948 2059 4011 haberi
2100 3948 2342 4035 possim.
2422 3949 2578 4008 Nam
2621 3950 2676 4008 &
2715 3946 2968 4027 publicis
3008 3948 3062 4006 δι
3105 3946 3347 4025 priuatis

425 4027 486 4089 in
528 4030 735 4107 rebus,
777 4028 954 4089 etiam
994 4028 1063 4090 iis
1102 4049 1217 4107 qae
1256 4029 1406 4091 inter
1437 4030 1771 4092 familiareis
1800 4028 2062 4090 exerceri
2095 4026 2289 4091 solent
2325 4026 2798 4108 familiarissime,
2828 4028 3022 4106 pudor
3053 4026 3151 4087 ille
3181 4045 3348 4089 meus

427 4110 615 4201 aeque
672 4073 817 4169 mihi
875 4120 1052 4187 atque
1098 4108 1226 4171 aliis
1264 4112 1549 4172 molestus
1589 4121 1704 4189 est3
1745 4116 1901 4188 meq.
1942 4112 2023 4170 ab
2060 4108 2270 4171 officiis
2307 4107 2676 4186 praestandis
2713 4128 2837 4169 ιιοιι
2879 4112 3012 4168 rare
3054 4108 3346 4185 deterret,

428 4187 531 4265 qui
574 4190 653 4249 ad
688 4208 759 4250 ea
788 4190 1142 4267 praestanda
1169 4191 1321 4251 solet
1350 4208 1579 4251 acuere.
1642 4156 1784 4251 H’oc
1816 4189 2214 4251 immoderato
2252 4188 2481 4279 pudore
2513 4188 2596 4249 ita
2628 4206 2758 4249 sum
2788 4190 3032 4249 affectus
3065 4206 3244 4266 puer,
3285 4199 3348 4249 vt

429 4285 755 4346 numquam
792 4272 890 4330 vel
918 4289 1059 4349 erga
1098 4280 1347 4332 matrem
1386 4270 1683 4332 familiaris
1700 4290 1829 4332 esse
1860 4270 2157 4349 potuerim
2173 4316 2192 4350 ,
2211 4268 2352 4348 quin
2372 4268 2722 4346 pudentiore
2741 4270 2999 4348 quadarn
3021 4269 3349 4329 reuerentia

433 4367 671 4428 semper
709 4368 845 4411 earn
882 4354 1325 4430 compellarem.
1385 4351 1571 4427 Quod
1608 4350 1912 4433 indignata
1948 4360 2167 4431 mater,
2205 4359 2520 4429 postquam
2559 4348 2790 4430 saepius
2821 4347 3064 4489 prOIasstcis
3101 4350 3344 4407 fratrum

3070 4445 3342 4490 sororum
