3923 4875
628 329 701 404 76
1588 345 1689 385 na
1750 343 1972 386 VERA
2029 344 2566 388 rnnotocu.

626 503 837 566 eadem
894 503 1179 580 sapientia
1235 505 1293 562 δι
1356 501 1622 564 bonitate
1682 503 2096 580 praestitisset:
2160 507 2320 565 certe
2373 524 2553 565 nemo
2606 507 2791 566 homo
2837 507 3065 566 futurus
3103 517 3224 582 est,
3267 507 3369 585 qui
3411 527 3534 568 non

628 594 845 646 statuat
882 583 1132 645 modum
1171 581 1456 661 sapientia
1492 582 1647 646 illius
1688 587 1743 646 &
1788 584 2054 645 bonitate
2094 585 2598 646 communicatum
2631 589 2812 664 longe
2845 585 3182 648 inferiorem
3202 608 3274 648 ac
3293 589 3534 650 minime

630 665 1023 742 adaequatum
1062 661 1332 723 infinitati
1368 661 1521 724 illius
1534 707 1552 742 ‚
1592 663 1769 724 fuisse
1808 666 2214 742 praebendum
2234 665 2407 728 nobis
2427 664 2488 726 in
2507 665 2816 728 vtilitatem
2837 677 3120 728 nostram.
3162 670 3360 744 Atque
3387 670 3536 728 haec

628 763 807 806 causa
858 753 978 822 est,
1026 744 1085 820 δε
1134 759 1240 803 cur
1278 743 1440 804 illam
1480 743 2082 805 communicationem
2123 742 2395 823 sapien(f.
2440 746 2754 821 1401.)tiae
2795 763 2934 808 suae
2976 765 3040 806 re
3081 745 3210 824 ipsa
3249 750 3306 808 δι
3346 749 3532 809 modo

626 825 930 886 constituit
975 822 1175 903 captui
1213 823 1523 885 hominum
1556 825 1998 901 electorumque
2039 841 2280 885 suorum
2293 869 2312 902 ,
2352 826 2409 883 &
2449 825 2751 886 Ecclesiae
2791 843 2930 888 suae
2969 826 3538 890 commodissimam.

530 977 539 984 ,
625 903 865 966 Etenim
925 923 1019 982 re,
1080 920 1470 981 quaecunque
1526 912 1663 963 sunt
1721 920 1872 981 opus
1911 905 2154 982 cognitu
2169 949 2186 982 ,
2225 905 2577 966 declarauit:
2619 924 3010 984 quaecunque
3048 910 3193 968 vere
3211 953 3229 986 ,
3268 917 3370 967 aut
3409 927 3536 980 non

621 1003 773 1064 opus
812 1003 940 1046 esse
981 981 1157 1060 vidit,
1197 994 1298 1043 aut
1337 983 1765 1044 communicari
1804 982 2020 1044 Vtiliter
2059 984 2373 1045 nobiscum
2412 1003 2538 1045 non
2575 1003 2784 1065 posse,
2805 1005 2877 1046 ea
2895 984 3287 1047 dissimulauit
3305 987 3524 1065 sapien·

623 1064 863 1127 tissime.
910 1066 983 1124 In
1037 1063 1222 1124 modo
1272 1066 1412 1124 vere
1464 1062 1753 1124 illustrem
1792 1063 2041 1141 gratiam
2077 1081 2244 1126 suam
2285 1065 2510 1142 effecit,
2551 1084 2736 1143 quum
2777 1085 2868 1127 res
2907 1065 3137 1128 diuinas
3150 1113 3167 1146 ,
3209 1065 3498 1144 spiritales
3514 1113 3533 1147 ,

622 1151 677 1207 &
716 1147 1001 1209 caelestes
1014 1189 1031 1222 ,
1072 1143 1259 1206 modo
1306 1145 1569 1204 humano
1584 1189 1601 1222 ,
1642 1161 1936 1221 corporeo
1950 1189 1968 1222 ,
2009 1147 2065 1204 &
2105 1143 2362 1204 terrestri
2401 1145 2859 1207 circumuestiuit
2899 1148 2984 1222 (vt
3020 1146 3102 1207 ita
3141 1145 3431 1224 dicamus)
3459 1167 3539 1210 ne

632 1224 780 1303 quid
819 1243 931 1286 nos
972 1226 1198 1302 fugeret
1234 1241 1437 1284 earum
1477 1241 1673 1284 rerum
1714 1240 1859 1300 quas
1896 1233 2102 1285 nostra
2143 1223 2294 1284 scire
2332 1223 2613 1287 interfuit.
2653 1229 2726 1286 In
2762 1226 2965 1304 primis
3005 1236 3206 1288 autem
3245 1227 3540 1306 singulare

626 1305 777 1366 illud
836 1314 925 1366 est
979 1305 1041 1364 in
1098 1304 1268 1364 huius
1327 1302 1562 1365 diuinae
1622 1301 2177 1365 communicationis
2225 1305 2408 1365 modo
2424 1349 2443 1384 ,
2497 1307 2662 1383 qued
2702 1305 3073 1384 disciplinam
3113 1305 3274 1367 illam
3314 1307 3538 1385 gratiae

631 1384 896 1446 salutaris
957 1382 1151 1444 ordini
1209 1384 1561 1444 naturalium
1618 1382 2029 1462 scientiarum,-
2087 1383 2643 1463 disciplinarumque
2701 1387 3123 1467 conformauit,
3175 1397 3538 1464 naturaeque

634 1474 874 1526 nostrae
911 1463 1393 1524 accommodauit
1430 1462 1761 1524 doctrinam
1798 1463 2036 1542 gratiae.
2080 1463 2601 1539 Quemadmodum
2641 1465 2798 1526 enim
2835 1467 2912 1526 ad
2952 1465 3395 1544 perceptionem
3431 1471 3538 1528 hu-

642 1547 852 1606 manae
909 1543 1193 1620 cuiusque
1249 1543 1621 1622 disciplinae,
1679 1542 1978 1621 principiis
2038 1561 2189 1622 opus
2236 1555 2353 1636 est,
2401 1544 2848 1606 ratiocinatione
2898 1557 3179 1623 tanquam
3222 1545 3421 1607 medio
3461 1565 3538 1606 ex

640 1623 942 1704 principiis
980 1633 1329 1701 exsurgente
1366 1627 1421 1684 81
1461 1621 1940 1684 conclusionibus
1978 1622 2678 1702 determinationibusque
2715 1625 2796 1686 ad
2831 1625 3044 1686 iustam
3083 1625 3387 1687 scientiam
3419 1627 3534 1688 dis-

640 1703 1019 1796 ciplinarum,
1080 1719 1233 1780 quae
1280 1703 1431 1764 inter
1483 1703 1755 1764 homines
1796 1713 1960 1782 sunt,
1999 1703 2455 1781 pertinentibus:
2513 1707 2605 1766 Ita
2643 1705 2820 1766 etiam
2857 1705 2920 1765 in
2959 1705 3195 1766 caelesti
3231 1705 3330 1765 illa
3371 1705 3539 1767 disci-

639 1786 801 1862 plina
842 1803 980 1844 cum
1021 1783 1283 1843 humano
1323 1801 1539 1860 genere
1582 1783 2106 1862 communicanda,
2146 1783 2409 1861 prouidit
2445 1786 2608 1847 Deus
2641 1787 2784 1865 Opt.
2823 1787 2984 1847 Max.
3023 1785 3103 1846 de
3133 1784 3541 1877 principiis·ex

640 1863 940 1942 superiore
998 1861 1219 1954 gratiae
1273 1861 1428 1922 illius
1480 1860 1701 1924 lumine
1715 1909 1733 1940 ,
1792 1871 2073 1941 tanquam
2125 1863 2363 1926 caelesti
2402 1867 2530 1926 face
2545 1911 2562 1942 ,
2599 1864 2899 1926 institutis:
2941 1885 3015 1926 ex
3055 1867 3271 1943 quibus
3311 1875 3538 1926 mentes

636 1954 867 2003 nostras
904 1941 1355 2004 ratiocinatione
1395 1941 1595 2004 diuina
1633 1943 1925 2005 imbueret
1938 1989 1954 2022 ,
1995 1943 2273 2022 viamque
2311 1945 2564 2023 aperiret
2600 1947 2679 2006 ad
2719 1945 3130 2006 conclusiones
3171 1947 3228 2006 &
3269 1945 3540 2006 determi-

635 2022 902 2083 nationes
963 2022 1203 2083 caelesti
1263 2022 1541 2083 scientiae
1601 2023 2049 2102 conuenienteS,
2110 2026 2165 2085 δι
2215 2044 2326 2104 pro
2381 2024 2722 2086 conditione
2761 2026 3057 2086 Ecclesiae
3097 2028 3321 2085 electae
3358 2024 3540 2103 ipsius

636 2101 986 2179 sapientiam
1041 2101 1201 2162 illam
1250 2104 1567 2164 coelestem
1618 2103 1679 2163 in
1718 2104 1887 2165 terris
1924 2106 2344 2166 adumbrantes
2383 2105 2728 2166 salutariter.
2787 2106 2861 2165 Id
2899 2105 3141 2182 quidem
3180 2121 3384 2165 verum
3423 2114 3541 2184 est,

640 2200 836 2242 rerum
893 2183 1127 2242 illarum
1187 2182 1531 2244 coelestium
1546 2229 1564 2262 ,
1624 2203 1771 2261 quas
1818 2184 2000 2246 docet
2043 2186 2192 2246 haec
2231 2185 2546 2263 sapientia,
2585 2184 3012 2263 perfectionem
3051 2186 3338 2246 infinitam
3376 2204 3502 2246 esse
3521 2229 3540 2263 ‚

638 2278 832 2339 neque
878 2260 1003 2322 fieri
1056 2261 1317 2340 potuisse
1354 2272 1419 2324 vt
1457 2263 1884 2342 perfectionem
1921 2281 2119 2325 rerum
2157 2277 2563 2343 assequeretur
2603 2266 2919 2326 verborum
2932 2310 2951 2344 ‚
2992 2282 3380 2343 quaecunque
3415 2274 3540 2325 tan·

638 2341 777 2402 dem
835 2361 907 2402 ea
966 2340 1114 2420 sint,
1174 2343 1489 2420 perfectio:
1553 2345 1659 2404 sed
1719 2353 1918 2405 tamen
1968 2344 2386 2422 gratiosissime
2429 2342 2974 2424 sapientissimeque
3013 2346 3208 2406 effecit
3245 2347 3435 2424 DeuS,
3475 2353 3542 2405 vt

636 2421 783 2484 nihil
820 2423 1151 2501 perfectum
1192 2423 1359 2500 quod
1399 2423 1641 2502 quidem
1680 2423 1831 2485 scitu
1868 2425 2043 2486 nobis
2081 2444 2233 2503 opus
2271 2445 2430 2504 esse,
2467 2445 2594 2487 non
2614 2425 3032 2505 exprimeretur
3047 2472 3066 2501 ,
3085 2429 3143 2486 81
3163 2425 3308 2486 nihil
3327 2425 3544 2486 inesset

635 2503 1047 2581 imperfectum
1093 2503 1155 2564 in
1193 2504 1557 2583 Tbeologiae
1595 2504 1749 2565 illius
1789 2504 2290 2585 communicatae,
2329 2525 2438 2583 per
2475 2506 2591 2566 Dei
2631 2505 2875 2585 gratiam
2889 2552 2908 2579 ,
2928 2504 3190 2567 veritate.
3231 2504 3542 2566 Perfectio·

640 2602 807 2663 nem,
868 2582 1141 2663 inquam,
1195 2602 1391 2645 rerum
1406 2630 1423 2659 ,
1473 2600 1619 2662 quas
1667 2585 1833 2646 Deus
1872 2584 2242 2663 praeparauit
2279 2584 2622 2647 timentibus
2658 2585 2852 2663 ipsum
2889 2586 3079 2663 (quod
3119 2585 3360 2663 quidem
3401 2584 3540 2646 satis

632 2667 808 2740 esset)
868 2663 1133 2725 exhibuit
1183 2666 1350 2726 Deus
1400 2664 1767 2744 Theologiae
1806 2664 1979 2725 huius
2017 2665 2588 2743 communicatione,
2628 2664 2948 2745 prouidens
2987 2666 3438 2744 sapientissime,
3477 2674 3541 2725 vt

632 2744 719 2805 rei
776 2744 1233 2822 perfectissimae
1288 2743 1517 2825 singula
1554 2743 1749 2823 capita
1790 2746 2120 2807 necessaria
2159 2745 2696 2807 communicatione
2735 2746 3101 2824 Theologiae
3140 2743 3376 2805 diuinae
3414 2765 3541 2823 per-

633 2823 951 2884 fectissima
1006 2825 1383 2885 haberentur.
1442 2825 1935 2887 Perfectissimum
1987 2826 2162 2905 igitur
2219 2826 2548 2887 subiectum
2564 2870 2583 2903 ,
2643 2827 2746 2887 sed
2803 2826 3161 2904 perfectione
3220 2823 3540 2886 infinitum:

635 2902 923 2981 sapientia
978 2903 1429 2984 perfectissima,
1479 2906 1587 2966 sed
1626 2906 1989 2983 perfectione
2028 2905 2218 2966 finita:
2281 2908 2501 2968 Modus
2541 2904 2798 2984 denique
2837 2906 3158 2983 sapientiae
3199 2904 3545 2983 perfectissi-

634 2983 815 3044 simus
830 3030 847 3062 ,
906 2984 1013 3045 sed
1072 2985 1436 3063 perfectione
1494 2987 1747 3064 analoga
1804 3002 1943 3047 cum
2007 2986 2252 3047 veritate
2309 2985 2462 3047 illius
2518 2984 2850 3065 Sapientiae
2864 3031 2882 3066 ,
2923 3002 3104 3063 quam
3143 2984 3539 3062 Theologiam

631 3072 897 3124 nostram
936 3064 1207 3125 absolute
1244 3068 1628 3144 appellamus,

578 3198 585 3207 .
710 3145 913 3220 Atque
970 3144 1119 3205 haec
1171 3144 1421 3222 quidem
1471 3144 1600 3224 ipsa
1650 3144 1865 3223 quibus
1910 3144 2303 3225 Theologiam
2345 3147 2615 3207 absolute
2656 3145 2972 3206 disclusam
3013 3163 3142 3205 esse
3179 3144 3540 3205 demonstra-

633 3220 856 3301 uimus,
898 3224 1223 3285 secundum
1264 3225 1552 3286 rationem
1590 3226 1932 3287 communia
1971 3237 2106 3287 sunt
2144 3242 2350 3287 reuera
2389 3243 2526 3286 cum
2565 3227 2750 3287 altero
2781 3225 2884 3285 illo
2906 3243 3123 3303 genere
3142 3221 3510 3301 Theologiae
3523 3267 3541 3301 ,

632 3318 811 3377 quam
861 3303 1253 3396 Theologiam
1293 3306 1619 3365 secundum
1660 3306 1806 3382 quid
1844 3308 2229 3384 appellamus.
2267 3305 2598 3367 subiectum
2639 3306 2795 3367 enim
2836 3323 3157 3366 commune
3171 3349 3190 3383 ,
3230 3307 3286 3365 &
3325 3302 3538 3363 modus

632 3379 977 3461 sapientiae,
1039 3383 1435 3461 scientiaeque
1482 3384 1662 3464 illius,
1708 3396 1797 3446 est
1835 3385 1897 3445 in
1940 3386 2262 3447 substantia
2301 3386 2490 3447 idem:
2530 3405 2670 3447 nam
2709 3385 3042 3465 Theologia
3082 3385 3214 3463 plus
3253 3401 3371 3443 vna
3409 3401 3536 3443 esse

629 3478 753 3520 non
811 3471 1035 3541 potest,
1090 3464 1418 3524 secundum
1476 3464 1787 3525 essentiam
1825 3463 2035 3544 ipsius,
2077 3468 2133 3526 &
2169 3464 2258 3528 rei
2297 3465 2358 3526 in
2399 3486 2464 3527 se
2502 3465 2828 3527 veritatem.
2887 3466 2994 3526 sed
3033 3465 3171 3542 quia
3207 3461 3538 3539 Theologia

630 3538 731 3613 illa
768 3542 976 3621 altera,
1024 3560 1205 3619 quam
1254 3544 1580 3604 secundum
1620 3544 1763 3621 quid
1802 3547 2198 3638 appellamus,
2235 3547 2436 3607 nescio
2477 3545 2622 3624 quid
2659 3542 3012 3623 permixtum
3051 3548 3108 3606 &
3147 3541 3532 3604 coniunctum

630 3620 841 3699 habet,
880 3622 1062 3699 idque
1103 3622 1177 3699 (si
1214 3622 1454 3702 proprie
1493 3622 1659 3702 loqui
1697 3625 1994 3701 volumus)
2033 3643 2200 3703 quasi
2241 3626 2610 3687 materiatum
2647 3624 2732 3685 in*
2747 3625 3016 3687 subiecto
3056 3642 3164 3685 suo
3179 3668 3197 3701 ,
3217 3630 3531 3699 propterea

629 3699 709 3759 ad
769 3699 1058 3762 rationem
1118 3703 1485 3780 Theologiae
1521 3702 1673 3763 illius
1726 3704 2051 3764 secundum
2092 3704 2236 3782 quid
2275 3707 2605 3784 appellatae
2644 3705 2765 3766 duo
2807 3703 3190 3766 consimiliter
3227 3720 3530 3761 accessere

632 3780 890 3853 termini,
932 3780 1059 3842 sine
1096 3782 1313 3861 quibus
1351 3800 1654 3861 nunquam
1693 3784 2028 3862 Theologia
2067 3784 2390 3845 secundum
2431 3784 2576 3864 quid
2614 3785 2935 3846 commode
2975 3783 3129 3846 tradi
3167 3790 3390 3861 potest,
3430 3790 3532 3841 aut

632 3858 855 3938 percipi
891 3862 1234 3923 salutariter.
1291 3863 1447 3923 Nam
1485 3864 1585 3924 illa
1623 3862 1956 3943 Theologia
1995 3863 2266 3925 absolute
2305 3864 2464 3924 dicta
2477 3910 2495 3943 ,
2542 3866 2680 3926 vere
2717 3866 2910 3924 forma
2950 3860 3271 3925 essentialis
3301 3869 3420 3938 est,
3451 3859 3530 3919 ad

628 3936 743 3997 Dei
800 3940 1129 4003 Ecclesiam
1184 3941 1485 4020 pertinens
1536 3942 2079 4004 communicatione
2141 3941 2368 4005 diuina:
2419 3945 2568 4005 haec
2617 3949 2760 4005 vere
2801 3943 3128 4005 secundum
3167 3940 3313 4020 quid
3345 3938 3532 4000 veluti

628 4017 929 4080 materiale
968 4032 1088 4099 est,
1128 4022 1224 4082 cui
1262 4024 1455 4083 forma
1494 4022 1594 4083 illa
1629 4042 1756 4085 non
1794 4032 1992 4101 potest
2031 4022 2157 4085 sine
2197 4024 2612 4085 obseruatione
2641 4023 3031 4085 terminorum
3049 4020 3297 4081 istorum
3319 4020 3532 4081 adhae-

628 4114 875 4157 rescere.
930 4099 1097 4161 Prior
1135 4102 1419 4165 terminus
1458 4112 1547 4163 est
1586 4102 1867 4185 subiecti,
1916 4104 1979 4164 in
2019 4122 2141 4181 quo
2181 4104 2330 4163 haec
2371 4102 2703 4182 Theologia
2741 4104 2956 4165 residet
2995 4098 3531 4162 communicatione

627 4173 857 4265 diuina:
898 4180 1191 4254 posterior
1230 4191 1318 4243 est
1356 4182 1519 4244 modi
1535 4228 1553 4261 ,
1595 4182 1760 4244 cuius
1802 4182 2264 4263 agglutinatione
2303 4181 2506 4245 diuina
2543 4182 2878 4262 Theologia
2895 4183 3165 4243 absolute
3185 4178 3372 4257 dicta,
3393 4195 3530 4238 cum

628 4256 898 4316 subiecto
938 4258 1057 4318 hoc
1094 4261 1365 4337 quamuis
1402 4261 1767 4339 ineptissimo
1806 4283 1915 4341 per
1952 4282 2047 4341 se,
2089 4260 2503 4341 compingitur.
2563 4263 2906 4324 Subiectum
2943 4269 3030 4320 est
3070 4265 3168 4337 (ne
3198 4258 3303 4320 diu
3334 4260 3531 4319 haere-

626 4337 816 4411 amus)
874 4337 1059 4397 homo
1075 4382 1094 4418 ,
1134 4342 1351 4401 animal
1390 4340 1566 4402 donis
1604 4342 1846 4417 quidem
1887 4353 2128 4405 naturae
2161 4351 2435 4403 ornatum
2483 4340 2853 4420 amplissimis
2907 4340 3200 4402 beneficio
3236 4338 3384 4415 Dei,
3425 4336 3532 4475 sctit}

3241 4434 3458 4493 corrup
