3923 4875
575 357 692 432 234
1513 351 1844 411 *nasas
1901 353 2557 412 rnnonocrean.

576 534 816 611 λατρεία
877 529 1067 590 minus
1127 527 1272 606 quid
1332 529 1512 604 quam
1576 529 1814 586 δουλεία
1886 525 2169 587 videatur.
2223 531 2431 606 λάτρης
2488 527 2645 588 enim
2694 527 2878 602 (vnde
2922 531 3185 608 λατρεία)
3228 531 3261 589 o‘
3299 531 3497 608 μισθῷ

569 613 873 672 δουλεύων.
936 607 1224 684 Pontificij
1285 612 1428 669 vero
1469 607 1824 685 imaginibus
1865 605 2195 682 seruitium,
2238 609 2373 666 Deo
2422 607 2842 668 mercenariam
2884 627 3127 686 operam
3166 621 3493 687 praestant:

571 691 739 767 quod
777 688 1060 752 conuenit
1097 707 1237 748 cum
1278 686 1544 765 ipsorum
1585 685 1828 748 meritis.

659 790 748 832 12.
827 773 898 830 In
939 779 1162 832 rectam
1204 767 1440 829 Orantis
1481 766 1931 845 dispositionem
1972 765 2134 826 circa
2174 767 2357 826 verba
2371 811 2389 844 ,
2428 767 2495 842 (ί.
2547 770 2742 842 1704.)
2784 767 3045 829 Primum
3072 780 3325 845 peccant
3344 771 3492 828 Pon-

570 849 730 926 tificij
795 849 1031 928 publice
1091 848 1482 926 priuatimque
1497 893 1513 918 ,
1575 845 1716 924 quia
1766 845 1958 906 aliena
2000 845 2195 924 lingua
2236 847 2290 905 ἃ
2330 845 2701 908 audientibus
2742 846 3072 925 incognita,
3111 867 3323 924 preces
3360 865 3497 908 suas

571 929 1044 1009 demurmurant3
1105 929 1160 988 δι
1223 929 1462 989 inanem
1521 926 1720 1005 potius
1779 943 2025 1002 sonum,
2086 927 2265 1002 quam
2320 925 2560 986 anxium
2613 926 2849 1005 indigae
2890 927 3099 988 mentis
3136 939 3493 1005 conceptum

572 1028 776 1071 coram
833 1013 966 1072 Deo
1007 1009 1344 1070 effundunt:
1416 1028 1464 1068 1.
1511 1010 1641 1069 Cor.
1691 1026 1780 1080 14.
1833 1007 1924 1066 16.
1988 1004 2219 1065 Deinde
2261 1025 2383 1066 non
2426 1005 2621 1067 minus
2658 1007 2857 1084 inepte
2898 1007 3325 1084 Anabaptistae
3366 1027 3493 1086 pre·

569 1088 866 1168 cationes,
905 1107 1058 1168 quae
1098 1091 1218 1151 alta
1257 1108 1408 1150 voce
1448 1092 1503 1149 δι
1543 1097 1837 1163 concepta
1875 1084 2386 1164 pronuntiatione,
2428 1097 2529 1148 aut
2568 1087 2631 1146 in
2670 1086 2914 1164 publico
2946 1087 3251 1148 Ecclesiae
3284 1099 3491 1164 coetu,

566 1179 666 1229 aut
705 1170 856 1230 intra
895 1171 1157 1248 priuatos
1197 1169 1448 1247 parietes
1487 1166 1928 1244 concipiuntur,
1972 1166 2279 1226 damnant:
2325 1169 2381 1226 δι
2420 1166 2757 1227 interiorem
2796 1167 3173 1230 affectionem
3204 1171 3259 1228 δι
3282 1167 3494 1228 mentis

567 1260 924 1328 conceptum
977 1251 1250 1310 sufficere
1298 1248 1672 1310 arbitrantur.
1735 1248 1861 1307 Nos
1917 1248 2113 1306 Deum
2169 1257 2297 1306 tum
2352 1245 2411 1305 in
2456 1249 2630 1308 rebus
2668 1245 2797 1306 aliis
2834 1257 2961 1308 turn
3004 1249 3099 1310 vel
3138 1247 3393 1308 maxime
3432 1247 3491 1307 in

565 1329 832 1390 oratione
885 1329 1202 1432 glorificari
1251 1329 1555 1392 statuimus
1608 1337 1884 1404 oportere
1933 1343 2191 1404 corpore
2246 1337 2450 1386 nostro
2506 1329 2561 1388 &
2615 1327 2823 1406 spiritu
2880 1339 3109 1405 nostre,
3164 1345 3317 1405 quae
3358 1337 3495 1388 sunt

571 1409 712 1488 Dei,
761 1431 810 1471 1.
859 1409 994 1472 Cor.
1038 1413 1094 1471 6.
1139 1429 1234 1472 20.

1847 1627 2227 1643 μ

1027 1847 1215 1908 XLII.
1297 1849 1434 1906 DE
1494 1847 2277 1908 INVOCATIONE
2336 1845 3023 1907 SANCTORUM.

1811 2025 2142 2086 Tussis
2199 2026 2247 2084 Ι.

653 2203 1049 2264 Rsuciosau
1090 2202 1299 2263 Crucis
1314 2247 1334 2282 ,
1371 2202 1705 2281 Imaginum
1724 2247 1740 2275 ‚
1781 2203 1838 2261 &
1879 2201 2293 2279 Reliquiarum
2332 2199 2773 2262 venerationem
2812 2200 2925 2262 alia
2966 2199 3364 2278 disputatione
3402 2219 3496 2260 ex·

566 2283 797 2360 plosam
856 2281 1210 2344 audiuimus.
1272 2282 1464 2360 Magis
1519 2283 1716 2342 adhuc
1755 2281 2033 2342 sollicitat
2071 2281 2480 2360 imperitorum
2524 2291 2750 2343 mentes
2787 2279 3085 2342 inuocatio
3126 2291 3496 2359 sanctorum,

561 2379 715 2440 quae
758 2362 935 2455 vulgo
977 2360 1224 2441 dicitur,
1265 2361 1406 2440 quia
1443 2363 1500 2422 δι
1540 2372 1780 2424 sanctos
1817 2363 1932 2422 hac
1974 2363 2093 2422 vita
2132 2363 2371 2423 functos
2404 2362 2603 2424 viuere
2638 2360 2917 2437 creditur,
2950 2363 3004 2421 &
3026 2358 3211 2422 nostri
3230 2371 3495 2420 amantes

566 2461 722 2519 esse,
761 2446 817 2503 δι
857 2444 991 2504 illos
1031 2442 1208 2503 nobis
1249 2442 1523 2521 opitulari
1565 2444 1812 2521 debere,
1853 2444 1908 2503 δι
1948 2444 2100 2503 velle
2141 2444 2198 2502 &
2238 2462 2433 2519 posse.
2472 2444 2723 2503 Sanctos
2752 2442 3125 2519 appellamus
3144 2460 3249 2501 eos
3268 2437 3495 2503 omneis

564 2521 668 2601 qui
706 2521 767 2583 in
810 2522 1028 2583 vnitate
1063 2519 1314 2602 Spiritus
1353 2522 1840 2584 communionem
1884 2524 2105 2583 habent
2146 2540 2285 2584 cum
2328 2520 2567 2583 Christo
2584 2567 2602 2600 ,
2644 2522 2963 2583 sanctitatis
3003 2521 3059 2580 δι
3100 2520 3301 2581 salutis
3340 2518 3495 2599 prin-

565 2603 700 2681 cipe
713 2648 729 2677 ,
775 2604 830 2663 &
869 2602 930 2663 in
973 2620 1048 2663 eo
1090 2602 1468 2680 perfectionis
1507 2604 1948 2679 sanctitatisque
1992 2622 2163 2663 verae
2205 2618 2355 2680 quae
2396 2620 2603 2663 coram
2641 2604 2778 2663 Deo
2819 2612 2905 2662 est
2944 2612 3253 2663 consortes
3294 2598 3491 2661 effecti

565 2692 702 2743 sunt
741 2681 840 2743 hic
883 2682 962 2741 ad
1003 2682 1183 2743 vitam
1224 2693 1544 2761 aeternam,
1581 2680 1700 2743 illic
1741 2682 1801 2742 in
1845 2681 1963 2742 vita
2002 2692 2243 2742 aeterna
2281 2684 2338 2741 δι
2378 2682 2619 2744 coelesti
2655 2681 2863 2761 gloria.

648 2782 703 2823 2.
785 2762 1098 2824 Inuocatio
1160 2762 1516 2825 Sanctorum
1575 2763 1798 2841 duplex
1849 2773 1967 2840 est,
2021 2762 2279 2823 humana
2318 2760 2445 2823 siue
2481 2761 2788 2838 naturalis,
2830 2764 2886 2822 δι
2927 2759 3383 2839 supernaturalis
3422 2780 3495 2820 ac

569 2840 864 2929 religiosa.
924 2843 1208 2903 Humana
1269 2854 1388 2915 est,
1433 2860 1553 2919 qua
1592 2842 1778 2904 homo
1819 2842 2126 2903 hominem
2146 2887 2163 2921 ,
2203 2845 2258 2904 &
2298 2852 2535 2903 sanctus
2572 2852 2843 2902 sanctum
2882 2841 3158 2917 inuocat,
3198 2846 3493 2919 opemque

564 2920 718 2981 illius
779 2920 1058 3000 implorat
1117 2922 1440 3000 praesentis
1501 2922 1628 2983 siue
1685 2922 1975 2998 absentiS,
2036 2922 2341 2983 communi
2400 2934 2643 2983 naturae
2684 2921 2873 2983 modo
2910 2920 3237 2981 secundum
3277 2921 3492 2980 Deum.

559 3000 863 3079 Religiosa
905 3013 1025 3081 est,
1064 3021 1184 3079 qua
1223 3003 1410 3080 homo
1450 3002 1754 3064 hominem
1793 3001 2037 3065 inuocat
2074 3003 2381 3063 absentem
2396 3045 2414 3078 ,
2454 3004 2511 3063 δι
2550 3002 2671 3063 vita
2709 3001 2825 3063 hac
2865 3001 3163 3079 functum,
3196 3006 3492 3079 opemque

559 3078 714 3141 illius
761 3080 1038 3159 implorat
1077 3099 1256 3160 supra
1297 3099 1681 3145 communem
1722 3093 1967 3143 naturae
2008 3082 2287 3161 modum,
2328 3082 2501 3159 quasi
2540 3083 2737 3143 Deum
2753 3126 2771 3160 ,
2811 3092 2913 3141 aut
2953 3079 3131 3141 etiam
3166 3082 3493 3141 secundum

565 3160 782 3221 Deum.
823 3164 1171 3223 Humanam
1213 3161 1462 3223 omnino
1503 3163 1865 3242 probamuS,
1905 3180 2085 3240 quam
2128 3162 2515 3223 inhumanum
2556 3162 2725 3224 fuerit
2763 3162 2998 3222 tollere:
3040 3170 3315 3221 naturam
3334 3158 3494 3220 enim

565 3240 752 3319 tollit,
791 3240 898 3319 qui
935 3260 1070 3303 eam
1109 3242 1423 3303 sustulerit.
1466 3245 1556 3303 De
1598 3244 1784 3302 altera
1823 3241 2013 3303 acturi
2052 3258 2274 3304 sumus.

641 3340 702 3398 3.
783 3320 1149 3399 Religiosam
1205 3340 1350 3401 ergo
1411 3324 1764 3383 Sanctorum
1825 3324 2243 3385 defunctorum
2305 3321 2741 3383 inuooetionem
2796 3320 3203 3399 improbamus
3257 3320 3491 3381 duobus

563 3401 959 3479 argumentis,
999 3412 1245 3463 naturae
1289 3402 1509 3480 mode,
1549 3406 1606 3465 &
1647 3401 2043 3464 inuocationis
2082 3403 2227 3464 iure.
2268 3404 2527 3462 Naturae
2565 3402 2781 3462 modus
2802 3412 2917 3481 est,
2949 3412 3014 3461 vt
3033 3418 3311 3478 praesens
3330 3418 3493 3478 prae·

560 3492 789 3542 sentem
833 3490 1010 3542 vocet
1025 3527 1041 3558 ,
1083 3492 1184 3543 aut
1223 3482 1394 3559 quasi
1433 3494 1798 3560 praesentem
1813 3526 1831 3560 ,
1873 3481 2083 3558 medijs
2122 3482 2371 3543 naturali
2410 3480 2605 3543 ordini
2638 3480 3145 3543 conuenientibus.
3190 3478 3313 3557 Qui
3332 3478 3489 3540 enim

561 3563 778 3623 absens
832 3562 1142 3623 absentem
1191 3574 1370 3622 vocat
1422 3562 1545 3623 sine
1588 3573 1832 3624 naturae
1873 3561 2111 3641 ordine,
2152 3572 2253 3623 aut
2292 3564 2504 3623 frustra
2546 3571 2755 3639 vocat,
2793 3563 2850 3622 δι
2888 3560 3037 3621 ludit
3076 3579 3319 3638 operam
3336 3607 3353 3639 ,
3392 3569 3493 3620 aut

563 3660 637 3701 ex
696 3640 967 3702 instituto
1031 3640 1210 3702 saciat
1269 3661 1510 3703 necesse
1561 3654 1651 3703 est
1703 3660 1880 3720 supra
1919 3653 2209 3703 naturam.
2269 3643 2464 3703 Omne
2506 3650 2702 3702 autem
2742 3639 3070 3701 institutum
3110 3640 3277 3719 quod
3316 3658 3491 3730 supra

563 3731 830 3783 naturam
871 3732 994 3798 est,
1037 3720 1098 3781 id
1135 3732 1237 3782 aut
1277 3720 1543 3783 diuinum
1587 3742 1713 3783 esse
1757 3741 1830 3782 ex
1873 3723 2234 3785 reuelatione
2272 3732 2461 3799 certa,
2492 3733 2593 3783 aut
2626 3721 3077 3783 daemoniacum
3096 3731 3333 3798 oportet
3353 3718 3488 3779 dici.

559 3801 696 3862 Non
759 3812 850 3863 est
909 3816 1110 3863 autem
1169 3804 1207 3862 a
1255 3801 1616 3863 reuelatione
1672 3800 1874 3863 diuina
1912 3804 2267 3864 Sanctorum
2308 3802 2720 3871 destructorum
2759 3799 3080 3863 inuocati0.
3140 3798 3305 3876 Quid
3344 3818 3489 3877 ergo

557 3880 926 3943 desideretur
967 3881 1028 3943 in
1072 3892 1318 3941 naturae
1361 3882 1546 3943 modo
1564 3926 1581 3959 ,
1623 3882 1944 3945 videamus.

637 3982 692 4035 4.
775 3962 1034 4023 Naturae
1077 3961 1262 4023 modo
1285 3961 1344 4021 in
1375 3964 1726 4023 Sanctorum
1747 3960 2127 4025 inuocatione
2151 3961 2559 4023 desiderantur
2586 3960 2724 4041 ista,
2743 3972 2808 4021 vt
2826 3978 3103 4039 praesens
3120 3968 3487 4038 praesentem

555 4040 771 4102 habeat
787 4086 806 4119 ,
867 4043 1196 4119 adloquens
1260 4041 1598 4103 audientem
1659 4043 1898 4104 inuocet
1911 4088 1931 4123 ,
1992 4042 2267 4103 conscius
2326 4041 2631 4103 conscium
2691 4040 2895 4119 faciat,
2955 4043 3011 4101 δι
3060 4040 3309 4119 cupiens
3357 4038 3489 4116 opis

553 4122 814 4199 appellet
855 4123 1010 4183 bene
1049 4121 1385 4199 cupientem
1425 4122 1542 4183 sibi
1580 4123 1640 4183 in
1682 4140 1758 4183 eo
1798 4122 1930 4201 ipso
1973 4122 2139 4184 cuius
2180 4132 2268 4183 est
2305 4122 2612 4200 conscius,
2654 4125 2709 4183 δι
2730 4140 2911 4201 egens
2934 4120 3213 4181 inclamet
3229 4136 3367 4179 eum
3386 4118 3487 4195 qui

552 4204 743 4261 valeat
786 4200 896 4261 sibi
929 4202 1275 4263 adiumento
1318 4221 1464 4263 esse.
1517 4204 1665 4263 haec
1709 4203 1910 4264 omnia
1951 4203 2011 4263 in
2054 4204 2405 4263 Sanctorum
2448 4200 2857 4281 inuocatione,
2896 4212 2959 4263 vt
2998 4202 3326 4263 frustranea
3363 4216 3483 4257 non

553 4282 666 4355 sit,
707 4292 948 4359 oportet
991 4281 1164 4342 simul
1205 4300 1579 4343 concurrere.

635 4378 690 4438 5.
782 4363 1083 4421 Praesens
1123 4362 1269 4419 alter
1309 4374 1396 4421 est
1438 4363 1628 4439 alteri,
1668 4374 1768 4423 aut
1807 4382 2087 4442 corpore,
2128 4376 2228 4425 aut
2266 4362 2801 4440 repraesentatione
2828 4361 3025 4439 aliqua
3040 4371 3487 4497 naturaezqssuae

3310 4460 3345 4499 v
3406 4456 3487 4515 go
