3923 4875
459 0 742 101 instituit
793 27 848 84 δι
889 0 1237 115 gestorem
1266 0 1351 82 rei
1371 0 1682 82 alienae?
1744 0 1834 82 sin
1894 0 2092 82 autem
2115 0 2278 82 non
2339 0 2587 82 offendit
2652 32 2742 94 te,
2805 0 2912 81 cur
2929 0 3307 83 offendis?
3286 24 3377 84 sin

458 115 801 182 vtrumque,
865 122 971 163 cur
1029 103 1110 163 ita
1151 103 1304 182 agiS,
1361 113 1424 162 vt
1464 104 1659 178 palam
1710 111 1988 162 testatum
2038 101 2218 162 facias
2269 112 2327 161 te
2381 121 2502 162 non
2545 102 2826 180 salutem,
2869 101 2977 162 sed
3014 102 3378 196 perniciem,

460 204 585 245 non
625 185 950 262 honorem,
991 185 1099 245 sed
1138 183 1560 275 ignominiam,
1600 182 1664 242 id
1705 192 1823 260 est,
1864 201 1990 242 non
2031 201 2104 242 ex
2145 181 2460 260 charitate,
2503 183 2611 242 sed
2643 183 3178 275 experturbatione
3198 203 3379 244 ammi

460 268 496 324 a
556 264 840 324 charitate
900 264 1252 356 alienissima
1313 262 1679 323 euersionem
1723 262 1877 322 illius
1916 258 2222 339 expetere?
2259 264 2491 323 Interea
2529 266 2703 343 vero,
2746 274 2809 323 vt
2848 264 2926 323 de
2966 263 3140 324 tertio
3182 264 3378 342 capite

462 343 737 404 adiiciam
778 345 1054 422 paucula,
1098 343 1230 423 quis
1250 346 1397 404 ferat
1427 342 1571 402 dum
1592 346 1849 420 populus
1867 341 1948 402 ita
1967 344 2323 433 appellatur,
2363 342 2535 402 silere
2555 345 2783 421 bonos,
2821 360 2924 420 qui
2941 343 3092 403 iusta
3112 343 3376 422 scientia,

458 423 865 516 inperturbato
906 425 1141 502 animo,
1184 426 1476 501 donisque
1516 421 2016 483 conuenientibus
2055 421 2354 501 instructi,
2395 435 2496 482 aut
2522 422 2804 483 iudicesa
2824 426 2958 483 Deo
2979 434 3117 483 sunt
3137 423 3378 485 istarum

460 522 658 565 rerum
718 503 989 584 instituti,
1052 516 1152 564 aut
1212 508 1249 564 a
1287 516 1346 564 te
1385 502 1652 564 adhiberi
1694 512 1961 581 possunt.
2016 505 2190 563 Haec
2230 503 2332 562 illa
2370 515 2457 564 est
2496 503 2830 564 Christiana
2868 502 3039 576 rati0,
3079 503 3158 563 ad
3199 521 3379 581 quam

459 604 573 645 nos
632 604 843 645 omnes
906 595 1143 663 oportet
1202 585 1378 645 remis
1439 585 1702 660 velisque
1763 582 1954 660 (quod
2015 581 2202 657 aiunt)
2263 583 2656 662 contendere,
2709 603 2832 645 non
2873 595 3072 644 autem
3111 585 3382 645 ordinem

462 664 728 726 diuinum
771 666 826 723 &
865 666 1192 726 humanum
1232 667 1441 726 eadem
1484 683 1667 741 opera
1707 663 2087 724 conturbare.
2129 665 2251 724 Aut
2290 663 2589 723 ordinaria
2609 663 2930 726 insistenda
2950 663 3077 743 via,
3098 676 3199 725 aut
3221 675 3385 726 extra

461 744 734 806 ordinem
774 745 1079 806 arbitraria
1119 746 1430 822 degenda3
1475 763 1599 804 non
1638 764 1748 821 pro
1768 741 2021 820 imperio
2042 743 2504 822 praescribenda
2522 746 2559 803 a
2592 744 3042 821 contendenti(f.
3090 762 3161 822 73
3168 747 3380 827 5)bus

461 826 628 902 quod
666 837 756 886 est
791 824 1242 903 iniquissimum.

539 907 739 983 Atque
775 907 932 967 hanc
972 906 1214 983 quidem
1255 906 1498 972 ἀταξίαν
1537 923 1612 965 eo
1651 903 2052 995 indigniorem
2093 922 2220 964 esse
2253 904 2414 981 apud
2454 923 2664 965 omnes
2698 915 2957 986 constat,
2998 922 3122 984 quo
3162 905 3380 985 scripta

461 1002 669 1047 reuera
726 985 961 1078 longius
1019 989 1056 1045 a
1113 987 1355 1065 pietate,
1414 984 1693 1062 veritate,
1744 984 1800 1044 δι
1861 982 2152 1044 charitate
2208 985 2442 1045 absunt.
2484 985 2601 1046 Sed
2644 997 2841 1046 tamen
2882 1006 2958 1047 ne
2998 1005 3101 1046 eos
3139 986 3380 1064 quidem

460 1063 620 1156 ipsos
680 1066 784 1143 qui
836 1076 1074 1126 tuentur
1135 1066 1472 1144 veritatem,
1526 1085 1775 1144 peccare
1833 1065 2009 1124 velim
2064 1064 2279 1124 fiducia
2318 1084 2529 1125 causae
2567 1084 2733 1145 suae,
2794 1068 2849 1126 δι
2885 1067 2973 1126 sic
3013 1086 3144 1126 eam
3186 1085 3382 1144 agere,

463 1155 524 1204 vt
580 1145 638 1205 in
696 1145 906 1207 eadem
967 1158 1210 1224 peccata
1267 1147 1675 1237 imprudenter
1733 1156 1907 1205 ruant
1964 1162 2118 1222 quae
2175 1144 2235 1204 in
2296 1145 2423 1205 aliis
2475 1147 2938 1224 reprehendunt.
2989 1147 3182 1206 Multa
3223 1148 3380 1207 enim

460 1224 753 1286 interdum
796 1228 876 1287 ad
914 1227 1319 1287 defensionem
1359 1225 1620 1286 veritatis
1659 1225 1997 1285 humanitus
2034 1235 2282 1302 possunt
2320 1225 2497 1286 nobis
2537 1227 2829 1307 excidere,
2871 1244 3024 1306 quae
3065 1237 3385 1304 praestaret

459 1304 729 1397 inhiberi.
773 1309 963 1384 Saepe
1001 1309 1098 1380 fit,
1140 1318 1205 1367 ut
1243 1326 1337 1367 res
1358 1318 1592 1384 praeter
1616 1305 1949 1382 veritatem,
1995 1316 2228 1381 praeter
2248 1306 2682 1379 necessitatem,
2723 1318 2958 1385 praeter
2997 1306 3262 1369 officium
3301 1309 3381 1369 ab

463 1384 530 1446 iis
586 1388 958 1447 effundantur
1016 1386 1120 1466 qui
1181 1397 1558 1466 propugnant
1597 1385 1924 1446 veritatem.
1978 1388 2257 1462 Ignoscat
2296 1387 2472 1447 nobis
2515 1387 2770 1479 gratiose
2807 1387 3100 1448 Dominus
3121 1433 3137 1465 ,
3179 1387 3282 1467 qui
3321 1389 3383 1450 in

458 1465 654 1526 multis
714 1466 1069 1528 offendimus
1130 1486 1374 1529 omnes:
1438 1467 1641 1527 Iacob.
1707 1485 1761 1542 3.
1830 1486 1882 1525 2.
1925 1467 2032 1525 sed
2075 1477 2275 1526 tamen
2317 1467 2707 1529 certissimum
2748 1468 2896 1529 illud
2938 1479 3060 1547 est,
3094 1469 3220 1527 fieri
3257 1486 3384 1528 non

463 1550 596 1607 raro
656 1558 720 1607 vt
779 1550 914 1626 plus
973 1560 1260 1608 noceatur
1313 1546 1583 1626 veritate,
1637 1548 1776 1618 etim
1814 1545 1923 1606 ista
1963 1544 2104 1606 vitia
2144 1546 2204 1606 in
2246 1564 2425 1608 causa
2461 1548 2585 1608 eius
2623 1551 2661 1607 a
2700 1548 2876 1609 nobis
2916 1550 3380 1628 adsperguntur,

461 1630 642 1704 quam
706 1629 955 1688 accedat
1015 1627 1364 1690 adiumenti·
1429 1647 1550 1687 non
1593 1628 1759 1706 qued
1799 1647 1892 1686 res
1932 1627 2062 1718 ipsa
2101 1626 2395 1687 interdum
2437 1629 2584 1689 tanti
2625 1629 2698 1689 sit
2738 1630 3055 1708 momenti,
3096 1630 3200 1689 sed
3239 1629 3380 1722 quia

461 1707 606 1767 tanti
644 1717 733 1768 est
775 1708 983 1786 quanti
1023 1712 1287 1802 legentes
1327 1728 1454 1769 esse
1498 1707 1824 1768 voluerint:
1872 1706 1977 1784 qui
2017 1726 2141 1766 rem
2182 1707 2523 1785 leuiculam,
2563 1709 2612 1769 si
2642 1711 2793 1769 forte
2812 1711 3158 1788 perturbato
3178 1710 3380 1770 animo

458 1786 880 1869 iudicauerint,
920 1789 981 1848 in
1018 1789 1425 1867 grauissimam
1465 1790 1986 1848 transformabunt.
2027 1787 2410 1867 Quapropter
2431 1807 2638 1850 omnes
2661 1789 2918 1851 veritatis
2937 1789 3169 1851 diuinae
3191 1809 3380 1850 sacer-

459 1867 659 1946 doteS,
721 1880 900 1947 atque
940 1868 1321 1930 administros
1364 1867 1729 1930 Christianae
1768 1867 1935 1959 pacis
1977 1886 2087 1927 oro
2132 1871 2188 1928 δι
2229 1871 2497 1929 obtestor
2537 1889 2643 1947 per
2683 1869 3116 1931 sanctissimum
3157 1889 3380 1932 nomen

458 1951 592 2009 Iesu
652 1949 897 2029 Christi,
963 1949 1062 2009 cui
1120 1949 1437 2027 seruimus,
1498 1953 1565 2008 vt
1622 1959 1745 2008 tum
1787 1947 1899 2024 ipsi
1938 1948 2016 2007 de
2055 1966 2118 2007 se
2157 1947 2275 2008 suis
2314 1949 2688 2010 sermonibus
2728 1950 3078 2029 scriptisque
3117 1950 3382 2029 cogitent

460 2032 642 2105 quam
702 1994 1176 2122 diligentissime,
1238 2050 1314 2090 ne
1358 2031 1510 2089 sorte
1551 2048 1689 2089 cum
1734 2027 2008 2106 veritate,
2048 2038 2150 2086 aut
2191 2029 2502 2109 charitate,
2544 2032 2639 2090 vel
2679 2029 2740 2090 in
2780 2030 3040 2108 speciem
3081 2041 3379 2110 pugnent·

457 2118 585 2168 tum
645 2115 789 2169 vere
852 2121 916 2170 vt
971 2109 1033 2170 in
1093 2110 1398 2188 vtriusque
1458 2110 1674 2187 modo,
1734 2125 2073 2168 sermonum
2118 2107 2362 2186 inquam
2404 2110 2459 2169 δι
2501 2111 2890 2190 scriptorum,
2931 2111 3227 2171 cancellos
3268 2111 3382 2172 sibi

458 2187 829 2249 circumdent
870 2193 1049 2282 quam
1089 2187 1574 2268 prudentissime,
1619 2199 1783 2248 extra
1822 2205 1975 2278 quos
2015 2206 2138 2246 non
2180 2189 2476 2266 patiantur
2515 2209 2579 2252 se
2616 2193 2713 2251 vel
2730 2193 2915 2250 latum
2935 2192 3149 2269 pedem
3171 2190 3381 2269 abripi,

459 2268 730 2344 quamuis
772 2270 1163 2331 clamantibus
1204 2274 1260 2332 δι
1298 2269 1763 2362 prouocantibus
1805 2267 2022 2329 multis,
2062 2270 2218 2328 Nam
2256 2288 2462 2330 seruos
2508 2271 2619 2332 Dei
2649 2282 2909 2331 armatos
2949 2289 3077 2331 esse
3097 2270 3380 2331 conuenit

457 2347 680 2409 inuicta
718 2348 820 2408 illa
857 2350 1168 2429 patientia,
1210 2352 1287 2412 de
1328 2368 1447 2443 qua
1487 2349 1724 2410 dicebat
1763 2349 1925 2425 apud
1965 2350 2351 2409 Salomonem
2393 2352 2587 2430 Deus,
2641 2351 2858 2411 Melior
2897 2360 2986 2411 est
3024 2351 3379 2428 longanimis

457 2431 743 2508 robusto,
802 2432 859 2491 δι
896 2430 999 2509 qui
1041 2431 1380 2493 dominatur
1419 2430 1481 2491 in
1520 2429 1781 2490 animum
1824 2446 1997 2489 suum
2036 2449 2111 2489 eo
2155 2429 2258 2507 qui
2299 2431 2458 2510 capit
2477 2431 2795 2493 ciuitatem.
2818 2432 3103 2493 Prouerb.
3158 2434 3249 2492 16.
3271 2452 3368 2509 32.

538 2509 702 2586 Quid
726 2476 927 2588 ergo?
966 2531 1042 2571 an
1083 2532 1207 2574 non
1241 2510 1712 2591 propugnabitur
1750 2509 1966 2569 veritas
2006 2513 2042 2569 a
2082 2510 2268 2571 seruis
2286 2508 2451 2573 suis?
2492 2516 2685 2591 certe,
2725 2512 3091 2591 propugnari
3111 2522 3380 2589 oportet,

457 2609 529 2650 ac
570 2608 694 2651 non
734 2592 924 2653 deseri
967 2593 1310 2655 veritatem:
1351 2594 1459 2654 sed
1501 2590 1875 2685 propugnari
1902 2591 2044 2651 volo
2085 2593 2439 2672 commode3
2478 2612 2601 2654 non
2639 2604 2837 2653 autem
2876 2593 3282 2686 imprudenter
3320 2596 3375 2653 δι

455 2669 582 2731 sine
620 2674 811 2732 fructu
852 2672 1019 2752 quasi
1040 2673 1283 2734 lacinias
1306 2672 1562 2735 veritatis
1583 2669 1840 2748 discerpi
1860 2670 2305 2748 importunitate
2327 2637 2665 2753 hominum,
2710 2674 2810 2752 qui
2831 2673 3060 2735 veritati
3079 2673 3372 2734 seruiunt.

456 2752 817 2830 propugnari
858 2772 989 2813 eam
1033 2756 1071 2812 a
1110 2754 1292 2815 seruis
1335 2755 1505 2829 v010,
1546 2755 1665 2829 qua
1705 2750 2047 2829 loquendo,
2097 2755 2217 2843 qua
2257 2755 2548 2832 tacendo,
2590 2755 2646 2815 δι
2688 2772 2930 2814 ιιι3ιιιιιιι
2969 2751 3216 2814 Domini
3255 2752 3382 2845 (qui

456 2833 620 2891 Deus
678 2831 935 2893 veritatis
994 2837 1108 2911 est)
1168 2835 1559 2925 expectando.
1621 2835 1828 2909 Itaque
1871 2832 2009 2890 curn
2053 2830 2270 2894 veritas
2311 2833 2438 2927 ipsa
2480 2835 2800 2896 commode
2839 2833 2979 2894 velit
3021 2833 3172 2913 dici,
3213 2834 3379 2894 cuius

455 2912 897 2973 commoditatis
939 2914 1087 2975 ratio
1128 2913 1418 2975 eiusmodi
1459 2924 1575 2991 est,
1606 2925 1669 2972 vt
1709 2931 1782 2971 ex
1821 2923 2033 2972 natura
2074 2911 2201 2991 ipsa
2237 2934 2310 2974 ac
2349 2914 2474 2975 sine
2513 2914 2771 2974 veritatis
2811 2915 2867 2975 δι
2908 2915 3093 2974 modo
3135 2879 3375 2975 dicendi

454 2990 900 3070 scribendtque,
945 2995 1000 3054 δι
1040 2995 1308 3072 personis
1349 2999 1404 3056 &
1445 2958 1894 3055 circumstantiis
1938 2994 2224 3070 temporis
2264 3014 2338 3053 ac
2380 2994 2530 3073 loci,
2575 2994 2828 3056 maxime
2870 2996 3247 3056 obseruanda
3266 2994 3372 3056 sit.

454 3089 531 3213 {aii
585 3072 790 3164 omnia
850 3072 900 3133 si
961 3074 1375 3155 obseruemuS,
1418 3076 1570 3136 bene
1613 3082 1730 3152 est3
1779 3070 1828 3131 si
1867 3090 2025 3152 non,
2080 3074 2143 3134 in
2181 3040 2559 3135 difficultates
2597 3085 2699 3136 aut
2736 3073 2848 3154 ipsi
2887 3074 3233 3152 incidimus,
3271 3086 3373 3136 aut

534 3170 603 3211 os
645 3150 955 3215 iniicimus.

534 3233 629 3290 Ac
680 3232 768 3310 pri
776 3235 935 3312 mum
996 3233 1242 3311 quidem
1281 3235 1588 3297 veritatem
1629 3252 1740 3312 pro
1783 3232 2212 3295 commoditate
2251 3244 2494 3296 naturae
2513 3233 2694 3314 ipsius
2734 3233 2854 3296 dici
2892 3234 3194 3314 existim0,
3236 3237 3373 3296 cum

456 3309 667 3371 dicitur
711 3311 771 3372 id
815 3304 982 3391 quod
1023 3325 1141 3394 est3
1180 3318 1237 3377 δι
1279 3316 1341 3377 id
1381 3317 1547 3409 quod
1591 3333 1715 3375 non
1754 3323 1869 3391 est,
1929 3323 2179 3391 negatur
2217 3314 2336 3374 fide
2375 3316 2434 3375 &
2473 3315 2846 3393 simplicitate
2885 3331 3150 3406 summa,
3193 3332 3372 3392 quam

454 3392 573 3451 suis
632 3394 925 3454 Dominus
985 3397 1149 3455 Deus
1195 3395 1453 3459 veritatis
1508 3413 1743 3472 semper
1775 3393 2134 3485 imperauit:
2198 3396 2704 3471 quemdamodum
2745 3394 3006 3457 ostendit
3045 3397 3374 3473 Apostolus

453 3470 690 3548 dicens,
750 3475 1039 3553 Deposito
1103 3477 1417 3538 mendacio
1479 3473 1791 3553 loquimini
1833 3472 2139 3534 veritatem
2181 3474 2429 3552 quisque
2469 3476 2740 3567 proicimo
2782 3493 2929 3536 3ιιο;
2973 3477 3128 3537 Ν3ιιι
3169 3492 3373 3537 sumus

452 3550 547 3626 alij
610 3553 862 3615 aliorum
925 3558 1210 3619 membra.
1277 3557 1592 3618 inimuero
1655 3554 1877 3616 labium
1939 3553 2197 3614 veritatis
2256 3554 2545 3615 stabilitur
2583 3556 2643 3615 in
2684 3567 3028 3616 aeternum.
3073 3567 3134 3616 at
3175 3557 3370 3617 donec

455 3645 824 3696 momentum
885 3637 1239 3716 transigam,
1293 3640 1494 3718 lingua
1534 3638 1696 3696 salsa.
1738 3637 1915 3695 Prou.
1966 3653 2056 3693 12.
2106 3654 2198 3711 19.
2237 3634 2445 3694 Finem
2487 3640 2629 3696 vero
2669 3635 2841 3696 huius
2881 3636 3143 3697 veritatis
3183 3636 3370 3697 chari-

453 3721 633 3773 tatem
695 3736 825 3777 esse
884 3728 1008 3777 tota
1069 3718 1360 3798 scriptura
1426 3718 1590 3781 testis
1650 3726 1757 3778 est.
1819 3717 1973 3773 Nam
2035 3733 2111 3774 ex
2150 3714 2434 3776 charitate
2475 3715 2680 3777 docuit
2719 3736 2833 3778 nos
2872 3716 3371 3855 veritatemDhanc

3225 3815 3328 3856 eus
