3923 4875
622 115 867 192 quidem
924 111 1210 174 similibus
1272 113 1613 190 illustrauit,
1681 115 1896 173 deinde
1960 121 2100 175 vero
2142 115 2482 174 necessaria
2523 109 3029 178 dermnstratione
3067 111 3488 174 confirmauit.
3537 113 3594 172 E

626 193 841 272 quibus
892 191 1104 254 similia
1152 210 1325 255 versu
1380 193 1645 255 secundo
1698 197 1755 254 δι
1794 203 1960 272 parte
2001 195 2154 272 tertij
2171 241 2187 272 ,
2239 193 2674 256 demonstratio
2713 197 2858 255 vero
2896 192 3130 270 reliquo
3169 211 3350 254 versu
3389 192 3590 254 tertio

668 293 737 335 ro
822 283 1057 334 nuntur.

624 295 667 353 p
706 293 859 415 Cliiom
914 365 1113 415 autem
1168 353 1595 433 propositionis
1648 353 1800 416 illius
1840 355 1966 417 duo
2005 357 2276 417 membra
2313 357 2643 416 habeantur
2678 355 2757 415 ad
2799 353 3286 416 communionem
3327 363 3588 414 sancto-

624 452 755 496 rum
794 435 1147 514 spectantia:
1214 451 1471 514 quorum
1514 451 1695 495 vnum
1736 445 1829 496 est
1864 436 2352 496 communionem
2384 435 2544 495 illam
2583 437 2807 496 bonam
2849 453 3011 512 esse,
3051 436 3324 508 alterum,
3379 433 3580 494 etiam

626 515 947 576 iucundam
986 535 1151 577 esse:
1202 515 1393 577 visum
1434 525 1523 576 est
1564 516 1897 594 Prophetae
1938 526 2254 593 vtrumque
2291 517 2626 576 membrum
2669 533 2809 576 suae
2829 514 3251 594 propositionis
3269 515 3582 574 illustrare

624 595 1025 658 similitudine.
1066 599 1275 672 Itaque
1316 595 1437 656 duo
1480 595 1693 656 similia
1733 607 1899 658 certo
1940 595 2192 658 consilio
2231 598 2349 657 huc
2389 599 2625 657 suerunt
2663 598 2876 657 allata:
2915 613 3100 656 vnum
3115 641 3134 674 ,
3175 613 3302 673 quo
3321 598 3572 656 bonnm

624 676 1063 738 communionis
1102 675 1287 755 illius,
1326 678 1575 736 alterum
1615 691 1737 754 quo
1776 676 2108 738 iucunditas
2149 679 2206 738 δι
2243 677 2500 736 suauitas
2541 675 2804 737 eiusdem
2845 674 3234 752 subijceretur
3267 676 3578 752 quodam·

626 756 809 817 modo
848 757 909 816 in
950 755 1141 817 oculis
1182 755 1471 816 omnium.
1512 758 1672 833 Ve(s.
1720 760 2216 836 751)rumtamen,
2256 756 2422 836 quod
2461 756 2523 816 in
2557 775 2730 817 more
2768 755 2926 834 apud
2961 757 3277 818 Hebraeos
3297 755 3578 833 positum

626 847 744 914 est,
766 839 821 896 &
864 835 1240 898 vetustissimi
1278 835 1501 914 quique
1540 847 1817 898 auctores
1836 836 2290 916 grauissimsque
2309 838 2388 897 ad
2407 835 2897 898 commoditatem
2917 837 3215 897 iuuandae
3237 835 3580 895 memoriae

624 920 1049 995 obseruarunt,
1090 917 1346 978 duarum
1386 915 1643 994 partium
1682 916 1915 978 illarum
1955 917 2390 998 expositionem
2430 917 2678 978 adhibet
2715 917 3001 978 similibus
3025 917 3239 996 ὕςερον
3257 914 3574 994 πρότερον.

622 996 879 1076 primum
918 999 995 1058 de
1034 997 1391 1058 amoenitate
1430 998 1489 1056 δι
1528 997 1813 1060 suauitate
1854 998 2294 1059 communionis
2335 997 2594 1058 dicendo
2634 1017 2742 1076 per
2779 997 3224 1058 similitudinem
3265 997 3422 1056 illius
3441 997 3576 1053 olei

624 1077 751 1138 siue
790 1078 1073 1155 vnguenti
1114 1077 1409 1140 vnctionis
1448 1077 1541 1158 (vt
1580 1077 1641 1137 in
1682 1078 1815 1157 lege
1852 1081 2208 1158 appellatur)
2249 1078 2416 1139 cuius
2461 1079 2870 1139 confecturam
2909 1080 3112 1138 Moses
3145 1095 3220 1136 ex
3239 1084 3578 1154 praecepto

627 1159 739 1218 Dei
793 1159 1047 1236 priscam
1097 1157 1425 1218 Ecclesiam
1476 1157 1763 1218 docuerat
1816 1159 2014 1220 Exodi
2067 1177 2166 1236 30.
2222 1159 2456 1218 Deinde
2509 1162 2652 1220 vero
2693 1159 2770 1219 de
2809 1157 3078 1219 bonitate
3117 1154 3578 1216 communionis

628 1238 783 1298 illius
798 1283 817 1316 ,
858 1247 1159 1315 assumpta
1198 1237 1435 1315 pluuiae
1477 1237 1536 1295 δι
1576 1238 1725 1298 roris
1766 1239 2038 1300 caelestis
2075 1238 2474 1300 similitudine.
2991 1299 3008 1311 ‚

706 1321 986 1380 Potuerat
1024 1317 1279 1395 'quidem
1332 1315 1577 1395 Spiritus
1618 1318 1733 1380 Dei
1770 1321 1849 1379 ad
1888 1321 2008 1380 hoc
2047 1329 2462 1398 argumentum
2501 1319 2646 1379 alias
2665 1317 3051 1396 probationes
3069 1315 3574 1377 &illustrationes

629 1415 869 1475 quoque
909 1398 1224 1478 adhibere3
1264 1398 1390 1458 siue
1430 1397 1715 1475 exemplis
1754 1398 1998 1460 aliunde
2035 1399 2260 1478 petitiS,
2301 1400 2426 1460 siue
2465 1398 2795 1460 rationibus
2835 1419 2908 1460 ex
2945 1409 3155 1460 natura
3191 1397 3386 1456 ductis
3407 1413 3576 1472 quae

628 1480 789 1555 apud
847 1489 1120 1540 auctores
1182 1480 1369 1539 ferme
1428 1478 1771 1540 innumeros
1832 1481 1911 1542 de
1973 1482 2140 1541 bono
2179 1478 2345 1558 pacis
2383 1481 2790 1556 frequentatae
2827 1489 2982 1540 sunt.
3025 1479 3334 1538 Praeterea
3373 1495 3452 1535 ex
3493 1475 3574 1534 iis

626 1557 803 1618 bonis
856 1575 1008 1634 quae
1066 1559 1143 1619 de
1202 1560 1459 1618 humana
1516 1577 1667 1637 pace
1727 1561 2170 1638 praedicantur,
2213 1569 2448 1638 poterat
2486 1561 2816 1620 secundum
2853 1561 3156 1637 quandam
3197 1555 3570 1632 analogiam,

628 1656 783 1714 quae
842 1641 879 1698 a
938 1638 1365 1716 temporalibus
1426 1639 1506 1698 ad
1566 1649 1805 1700 aeterna
1851 1643 2204 1702 obseruatur
2259 1639 2603 1720 plurimum,
2657 1639 3067 1700 excellentiam
3127 1641 3422 1698 fructuum
3487 1655 3570 1695 ex

634 1717 835 1778 diuina
848 1719 945 1778 illa
988 1718 1291 1780 Ecclesiae
1330 1737 1482 1797 pace
1520 1719 1892 1786 nascentium
1928 1721 2261 1782 ostendere.
2305 1721 2424 1780 Sed
2463 1721 2842 1781 commodius
2883 1720 3077 1781 visum
3119 1729 3208 1778 est
3229 1718 3570 1794 Prophetae

630 1817 703 1858 ex
766 1817 833 1858 re
873 1807 1179 1876 praesente
1221 1804 1309 1874 (vt
1350 1799 1431 1860 ita
1466 1799 1761 1876 dicamus)
1800 1800 2210 1862 similitudines
2253 1817 2551 1861 assumere
2591 1801 2668 1862 ad
2711 1800 3043 1879 argumenti
3081 1799 3256 1859 huius
3297 1799 3566 1858 declara-

629 1877 853 1938 tionem
868 1923 888 1958 ,
938 1883 1121 1956 quam
1174 1882 1353 1958 longe
1414 1899 1513 1940 eas
1560 1899 1895 1942 arcessere:
1936 1884 1994 1942 &
2035 1891 2212 1959 prout
2271 1880 2331 1942 in
2373 1881 2565 1960 prisca
2607 1881 2876 1941 Ecclesia
2917 1881 3274 1940 Iudaeorum
3313 1878 3566 1956 agebat,

626 1958 710 2018 ita
766 1961 943 2020 rebus
1001 1977 1155 2036 quae
1218 1970 1357 2020 ante
1418 1961 1627 2022 oculos
1690 1964 1785 2022 vel
1844 1959 2074 2022 minimi
2134 1961 2422 2039 cuiusque
2459 1965 2845 2023 versabantur
2887 1960 2947 2020 in
2991 1959 3264 2020 Ecclesia
3303 1958 3402 2018 illa
3415 2003 3434 2034 ,
3477 1957 3564 2016 vti

626 2039 1112 2100 commodissime
1170 2039 1249 2100 ad
1312 2039 1757 2102 illustrationem
1816 2041 2118 2103 bonorum
2177 2059 2328 2118 quae
2389 2044 2552 2102 Deus
2611 2042 2671 2102 in
2713 2040 3039 2102 Ecclesiam
3083 2041 3316 2100 confert
3357 2038 3562 2098 colen·

626 2127 749 2178 tem
867 2117 969 2181 cis.

706 2138 945 2260 Htiifiim
981 2209 1179 2262 autem
1218 2199 1499 2262 similium
1538 2201 1661 2262 duo
1702 2211 1841 2262 sunt
1877 2221 2132 2281 genera:
2175 2201 2336 2281 prius
2377 2201 2534 2263 enim
2571 2201 2878 2264 Ecclesiae
2913 2200 3070 2261 illius
3111 2199 3401 2278 singulare
3435 2207 3530 2257 est
3545 2242 3562 2274 ,
3793 2192 3795 2254 l

625 2290 925 2357 sumptum
984 2281 1063 2340 ab
1122 2278 1389 2342 instituto
1444 2279 1681 2343 diuinae
1712 2281 1970 2364 gratiae3
2011 2283 2306 2362 posterius
2343 2300 2665 2344 commune
2697 2293 2817 2360 est,
2853 2285 2892 2341 a
2929 2291 3175 2342 naturae
3215 2279 3454 2340 ordine:
3499 2289 3564 2337 vt

625 2359 737 2419 hac
797 2360 1025 2422 ratione
1084 2379 1293 2422 omnes
1350 2361 1431 2440 pij
1492 2363 1775 2441 sentiant,
1836 2365 1891 2422 δι
1952 2362 2194 2424 videant
2255 2364 2434 2425 etiarn
2475 2363 2820 2443 ignorantes
2861 2362 3005 2442 Dei,
3047 2379 3202 2441 quae
3242 2361 3404 2422 bona
3443 2358 3565 2418 sint

624 2442 992 2519 expectanda
1043 2444 1081 2501 ὲ,
1132 2440 1432 2520 Domino,
1487 2442 1535 2503 si
1595 2442 1869 2505 homines
1909 2464 2120 2523 pacem
2161 2446 2486 2505 coluerint:
2529 2448 2668 2505 cnm
2711 2446 2768 2503 δι
2805 2462 2913 2523 per
2951 2443 3202 2522 gratiam
3244 2443 3408 2501 Deus
3445 2451 3564 2499 tes·

624 2532 805 2581 tatam
865 2520 1069 2583 fecerit
1129 2522 1495 2583 voluntatem
1556 2540 1725 2584 suam
1786 2526 2088 2586 Ecclesiae
2147 2543 2288 2586 suae
2306 2571 2324 2603 ,
2388 2527 2444 2585 δι
2485 2544 2594 2603 per
2631 2535 2905 2585 naturam
2945 2524 3204 2601 aliquem
3244 2518 3564 2582 voluntatis

623 2619 863 2663 sensum
902 2601 1181 2665 omnibus
1220 2602 1294 2663 sit
1332 2602 1681 2681 impertitus.
1722 2605 1888 2666 Prius
1928 2604 2120 2666 simile
2166 2608 2244 2667 ab
2283 2606 2554 2667 instituto
2593 2604 2710 2665 Dei
2751 2608 2810 2665 &
2849 2603 3266 2665 obseruatione
3311 2599 3560 2662 eeclesi-

624 2682 804 2743 astica
842 2694 1145 2761 sumptum
1160 2726 1179 2761 ,
1220 2682 1560 2745 continetur
1596 2685 1863 2745 secundo
1904 2702 2116 2777 versu,
2157 2684 2218 2745 in
2261 2704 2384 2763 quo
2427 2686 2726 2777 Propheta
2766 2684 3183 2745 amoenitatem
3225 2681 3379 2743 illius
3397 2700 3565 2740 com·

625 2761 923 2823 munionis
983 2772 1325 2825 sanctorum
1384 2775 1694 2843 comparat
1754 2776 2058 2845 vnguento
2099 2765 2184 2827 uli
2243 2764 2746 2845 praestantissimo
2805 2774 2984 2843 atque
3019 2761 3398 2837 suauissimO,
3437 2778 3564 2837 quo

621 2858 887 2903 summus
922 2843 1199 2905 sacerdos
1240 2843 1385 2905 olim
1428 2864 1502 2905 ex
1540 2846 1673 2923 lege
1714 2845 2013 2908 delibutus
2054 2857 2172 2907 est:
2215 2847 2506 2923 posterius
2547 2846 2608 2906 in
2652 2856 2820 2923 parte
2857 2845 3042 2925 priori
3083 2866 3142 2904 v.
3182 2864 3241 2921 3.

700 2924 773 2982 In
812 2922 1011 3000 priore
1051 2934 1251 2985 autem
1290 2922 1465 2985 simili
1506 2923 1606 2984 hic
1650 2924 1802 2985 ordo
1838 2926 2130 2987 tenendus
2169 2938 2288 3005 est,
2331 2936 2396 2986 vt
2435 2925 2695 3005 primum
2738 2926 3134 3005 intelligamus
3171 2932 3368 3003 partes
3391 2920 3563 2996 illius,

618 3000 836 3063 deinde
876 3008 1019 3063 vero
1060 3003 1685 3065 accommodationem
1726 3004 1963 3067 illarum
2005 3007 2262 3085 partium
2305 3006 2384 3067 ad
2424 3009 2545 3067 hoc
2582 3018 2996 3085 argumentum
3029 3006 3198 3083 quod
3238 3002 3446 3081 agitur.
3489 3002 3563 3059 In

620 3081 797 3142 simili
852 3081 961 3143 tria
1016 3082 1291 3145 distincte
1340 3084 1770 3145 obseruantur:
1824 3086 2108 3165 primum,
2157 3086 2304 3163 quid
2341 3086 2418 3147 sit
2457 3087 2624 3164 quod
2664 3088 2848 3147 habet
2887 3104 3026 3147 cum
3065 3087 3168 3146 illa
3207 3082 3568 3144 amoenitate

624 3161 867 3240 spiritali
908 3162 1351 3225 similitudinem
1391 3164 1738 3243 analogice:
1796 3167 2078 3227 Secundo
2093 3212 2110 3241 ‚
2152 3166 2284 3245 quis
2323 3166 2402 3227 sit
2439 3168 2516 3227 ad
2559 3185 2737 3244 quem
2779 3184 2874 3227 res
2913 3167 3014 3227 illa
3053 3162 3438 3243 perueniebat
3475 3159 3564 3221 in·

619 3243 822 3303 stituto
862 3242 1015 3304 Dei:
1082 3243 1317 3320 Tertio,
1359 3244 1462 3321 qui
1504 3262 1641 3305 vsus
1682 3249 1739 3307 81
1779 3248 1994 3308 modus
2037 3247 2281 3308 istarum
2320 3266 2520 3309 rerum
2551 3266 2627 3307 ex
2663 3246 3030 3325 praescripto
3075 3245 3210 3305 Dei.
3262 3242 3422 3320 Quid
3465 3240 3562 3317 sit,

619 3322 921 3399 Propheta
959 3322 1213 3401 explicat
1252 3324 1458 3384 dicens
1500 3324 1579 3385 de
1617 3334 1907 3401 vnguento
1950 3330 2045 3389 vel
2085 3330 2208 3387 oleo
2251 3331 2465 3409 optimo
2479 3372 2498 3406 ,
2539 3327 3203 3405 praestantissimoque:
3257 3324 3336 3385 ad
3377 3339 3558 3399 quem

620 3403 932 3481 pertineat,
993 3403 1236 3481 exponit
1295 3403 1512 3466 iniecto
1576 3407 1887 3467 Aharonis
1950 3407 2192 3469 nomine
2257 3411 2314 3469 &
2355 3408 2611 3487 partium
2649 3406 2822 3467 illius.
2871 3405 2993 3482 Qui
3032 3424 3170 3467 vsus
3211 3407 3268 3465 &
3309 3402 3522 3463 modus
3543 3444 3562 3479 ,

618 3482 1020 3562 demonstrat,
1060 3486 1199 3543 cum
1242 3484 1589 3563 superfundi
1631 3495 1831 3547 narrat
1873 3496 2051 3565 atque
2093 3490 2452 3550 descendere.

702 3566 796 3623 De
845 3574 1147 3643 vnguento
1201 3583 1327 3625 non
1380 3576 1471 3625 est
1512 3583 1619 3625 cur
1673 3567 1938 3629 dicamus
1987 3567 2220 3629 multis:
2275 3578 2404 3629 tum
2453 3567 2591 3646 quia
2645 3566 2786 3629 satis
2841 3566 3124 3645 expressit
3163 3568 3364 3625 Moses
3405 3578 3560 3639 quae

622 3643 794 3704 suerit
838 3644 991 3705 illius
1032 3645 1182 3705 ratio
1224 3646 1421 3708 Exod.
1463 3665 1561 3723 30.
1608 3666 1700 3708 22.
1741 3650 1855 3709 διο.
1892 3660 2022 3709 tum
2061 3648 2200 3726 quia
2241 3649 2460 3710 nostris
2503 3648 2870 3726 temporibus
2887 3694 2904 3727 ,
2957 3650 3052 3708 vel
3095 3646 3289 3725 potius
3328 3655 3558 3719 tempo·

620 3740 753 3862 {lum
812 3724 1159 3816 plenitudini
1220 3744 1347 3786 non
1408 3726 1679 3806 expedit,
1736 3740 1799 3788 vt
1854 3728 1933 3789 de
1991 3748 2064 3789 ea
2119 3748 2184 3789 re
2225 3747 2590 3809 magnopere
2631 3730 3010 3790 laboremus:
3053 3744 3250 3804 neque
3289 3728 3431 3786 vero
3469 3732 3560 3781 est

664 3820 793 3863 unus
832 3815 1098 3866 instituti.

700 3886 793 3943 De
831 3903 1084 3961 persona
1120 3884 1219 3945 cui
1256 3886 1377 3947 hoc
1417 3896 1781 3964 vnguentum
1822 3888 2248 3971 adhibebatur,
2287 3908 2362 3951 ex
2401 3888 2598 3951 verbis
2638 3892 2972 3969 Prophetae
2991 3898 3263 3949 constat:
3307 3884 3554 3965 quinon

618 3962 887 4025 Leuitam
928 3982 1267 4043 quenquam
1308 3965 1651 4044 simpliciter
1670 4012 1688 4047 ,
1738 3987 1861 4029 non
1902 3970 2272 4033 sacerdotem
2285 4013 2304 4049 ,
2345 3971 2450 4031 sed
2493 3973 2837 4031 Aharonem
2877 3968 3022 4029 dicit
3059 3968 3449 4043 nominatim:
3491 3963 3556 4023 id

3437 4054 3532 4106 est
3549 4086 3572 4128 ,
