3923 4875
547 288 656 361 158
1442 301 1765 349 ’11111505
1826 301 2494 348 111100001040.

542 459 821 521 stratione
862 459 1146 538 indigebit
1186 461 1563 524 Prouidentia
1602 462 1818 523 Diuina
1831 509 1848 539 ,
1888 482 2009 540 qua
2043 466 2172 524 tum
2211 462 2554 524 Chr'utianis
2591 459 2930 522 hominibus
2971 480 3044 522 ex
3069 463 3275 522 Verbo
3296 464 3410 524 Dei
3429 509 3448 543 ,

546 541 706 599 Eccl.
751 557 805 616 5.
850 557 901 617 5.
945 541 1088 620 Sap.
1131 544 1188 600 8.
1230 544 1335 600 Es.
1388 563 1474 602 ιο.
1524 559 1612 620 15.
1652 545 1811 605 Mat.
1852 545 1907 602 6.
1949 561 2046 619 30.
2091 562 2186 618 31.
2231 561 2332 619 3²·
2377 544 2454 602 ὁ*
2501 562 2594 602 10.
2641 561 2710 616 19
2755 541 3014 601 Lucae.
3063 561 3153 601 11.
3193 563 3284 602 12.
3315 555 3442 604 tum

546 617 840 695 Ethnicis‚
890 620 1143 698 ipsisque
1193 621 1475 682 creaturis
1529 622 1703 685 mutis
1742 643 1815 684 ex
1854 623 2102 683 naturali
2140 621 2382 682 rationis
2421 623 2583 699 luce,
2623 623 2795 680 Rom.
2845 639 2895 680 1.
2944 640 3032 680 10.
3079 623 3203 682 Iob.
3251 643 3342 682 12.
3389 641 3446 698 7.

546 699 673 758 &a
714 702 855 759 Psa.
908 719 996 774 19.
1046 720 1095 759 1.
1138 703 1193 762 &
1232 701 1731 779 praestantissima
1763 719 1959 764 rerum
1999 701 2266 763 omnium
2306 699 2718 778 dispositione,
2757 698 2996 777 ordine,
3014 712 3190 778 atque
3209 720 3443 763 conser-

544 778 811 854 uatione,
850 779 996 838 nihil
1036 780 1218 857 magis
1258 800 1601 858 persuasum
1642 792 1759 856 est,
1800 782 1893 841 vel
1931 802 2060 844 esse
2099 782 2300 842 debet.
2340 782 2540 856 Quare
2579 779 2798 840 omissa
2837 779 3182 857 quaestione
3213 783 3441 859 Amsit,

542 856 914 924 transibimus
952 859 1031 918 ad
1070 860 1473 950 quaestionem
1524 863 1691 938 Quid
1720 863 1830 922 sit:
1874 860 2194 942 praemissa
2227 872 2426 920 tamen
2463 857 2811 936 quaestione
2837 862 2986 935 quid
3010 880 3117 920 vox
3135 857 3442 936 significet.

546 937 956 996 Prouidentiae
1006 958 1163 1000 emm
1214 940 1531 1018 appellatio
1570 959 1730 1000 011110
1770 941 1973 1017 latiuS,
2013 959 2173 1000 nunc
2214 938 2468 1000 strictius
2507 938 2698 1016 accipi
2739 940 2910 998 solet.
2973 938 3173 998 latius
3211 950 3448 1018 sumpta

542 1029 841 1076 aeternum
891 1017 1218 1078 Creationis
1232 1065 1249 1095 ,
1289 1019 1775 1098 Gubernationis,
1815 1019 2332 1096 ordinationisque
2373 1019 2676 1080 decretum
2693 1061 2710 1094 ,
2753 1019 2808 1077 &
2848 1018 3256 1078 executionem
3285 1019 3438 1079 illius

543 1096 979 1173 complectitur:
1026 1097 1279 1158 strictius
1320 1098 1397 1159 ad
1436 1103 1621 1160 solam
1663 1117 1859 1158 rerum
1898 1110 2222 1158 creatarum
2264 1100 2510 1158 refertur
2549 1098 2982 1159 oeconomiam.

624 1196 676 1235 2.
758 1180 953 1252 Atque
994 1178 1109 1238 hoc
1150 1177 1473 1255 posteriore
1512 1197 1684 1240 sensu
1725 1196 1942 1238 vocum
1989 1177 2408 1239 Prouidentiae.
2435 1177 2496 1237 in
2515 1177 2806 1255 praesenti
2823 1175 3176 1254 accipimuS,
3198 1197 3444 1254 eamque

546 1255 856 1317 definimus
895 1276 1023 1316 esse
1064 1259 1281 1316 Actum
1322 1259 1535 1318 summi
1575 1263 1628 1320 81
1672 1257 2012 1320 vnitiersalis
2050 1257 2356 1349 Principij,
2397 1277 2610 1335 nempe
2656 1257 2800 1330 Dei,
2841 1275 2962 1333 quo
2995 1257 3196 1316 omnia
3215 1257 3444 1334 singula

544 1335 767 1412 optime
818 1339 1251 1414 gubernantur,
1290 1341 1345 1398 81
1383 1341 1463 1399 ad
1502 1357 1673 1398 suum
1711 1337 1985 1398 ordinem
2024 1355 2295 1415 quamuis
2333 1337 2855 1411 inordinatissima,
2897 1337 3194 1414 finemque
3233 1337 3444 1414 perdu-

542 1429 783 1484 cuntur,
844 1417 921 1476 ad
980 1415 1225 1494 gloriam
1287 1416 1418 1477 Dei.
1474 1417 1573 1478 hic
1632 1417 1833 1478 omnia
1894 1435 2204 1478 causarum
2256 1435 2472 1494 genera
2523 1436 2650 1477 sese
2703 1416 2984 1490 offerunt,
3027 1434 3182 1492 quae
3219 1417 3280 1475 in
3325 1417 3444 1476 hoc

540 1494 784 1572 negotio
830 1494 1110 1572 assignari
1150 1507 1415 1572 possunt.
1478 1499 1703 1560 Caussa
1752 1497 2018 1574 efficiens
2058 1495 2471 1556 Prouidentiae
2511 1498 2672 1556 nulla
2711 1495 2838 1554 dari
2877 1506 3101 1572 potest,
3145 1495 3252 1554 nisi
3292 1496 3444 1554 forte

543 1572 602 1631 in
645 1573 773 1650 ipso
814 1575 1081 1634 subiecto
1104 1589 1337 1653 ¹nempe
1376 1578 1543 1654 De0,
1583 1579 1945 1638 voluntatem
1986 1575 2165 1653 ipsius
2207 1576 2564 1636 liberrimam
2599 1595 2706 1652 pro
2743 1573 3060 1652 efficiente,
3105 1585 3448 1634 statuamus·

544 1655 845 1712 Formalis
898 1671 1104 1714 caussa
1154 1669 1243 1714 est
1256 1701 1272 1722 ,
1313 1658 1499 1716 Αο1115
1536 1656 1635 1717 ille
1676 1667 1993 1734 perpetuus
2032 1654 2402 1732 gubernandi
2441 1653 2870 1731 ordinandique
2911 1653 3128 1714 omnia.
3189 1657 3446 1717 Materia

544 1732 701 1792 circa
762 1752 969 1810 quam,
1030 1745 1116 1793 est
1174 1735 1475 1795 vniuersus
1538 1737 1823 1814 mundus,
1884 1739 1939 1796 81
1980 1735 2209 1812 singula
2246 1753 2398 1812 quae
2445 1734 2506 1794 in
2559 1755 2634 1795 οο
2675 1736 2940 1806 fuerunt,
2983 1745 3120 1792 sunt
3159 1737 3215 1794 &
3253 1742 3445 1792 erunt.

546 1814 776 1871 Finalis
834 1811 1089 1887 denique
1142 1831 1347 1874 caussa
1388 1826 1475 1875 est
1514 1825 1577 1874 vt
1618 1817 1819 1875 omnia
1852 1827 2238 1891 assequantur
2276 1833 2416 1874 suos
2455 1815 2630 1892 fines,
2668 1831 2954 1889 suamque
2995 1812 3415 1890 perfectionem
3429 1853 3448 1890 ,

548 1895 601 1950 &
640 1893 855 1950 cedant
895 1891 971 1949 ad
1013 1893 1259 1970 gloriam
1303 1895 1447 1964 Dei,
1489 1912 1641 1972 quae
1684 1894 1919 1957 Vltimus
1958 1913 2154 1954 rerum
2195 1893 2344 1954 finis.

628 1989 685 2046 3.
772 1969 991 2049 Huius,
1034 1975 1235 2048 (quam
1276 1973 1641 2051 definimus,)
1682 1973 2094 2036 Prouidentiae
2134 1975 2286 2034 duae
2325 1983 2460 2033 sunt
2479 1972 2658 2032 veluti
2667 1981 2878 2051 partes
2895 1991 2916 2028 .·
2939 1991 3054 2030 vna
3077 1970 3448 2030 vniuersalis:

553 2053 649 2109 Ps.
701 2069 834 2122 104.
878 2068 969 2124 27.
1010 2053 1196 2116 Pnou.
1248 2070 1339 2130 15.
1382 2071 1439 2129 3.
1480 2053 1625 2133 Sap.
1666 2057 1723 2116 8.
1772 2075 1819 2115 1.
1864 2059 1941 2118 &⁹
1993 2074 2082 2125 14.
2122 2073 2180 2129 3.
2221 2055 2394 2112 Rom.
2439 2072 2532 2112 11.
2572 2054 2671 2129 36.
2703 2053 2828 2112 &a
2849 2053 3031 2110 altera
3051 2049 3444 2128 particularis:

550 2131 725 2189 Dent.
768 2149 865 2204 32·
918 2151 1002 2188 ιο.
1052 2151 1102 2190 1.
1146 2135 1291 2207 Reg.
1341 2150 1433 2208 17.
1476 2155 1532 2206 4.
1576 2135 1719 2194 Psa.
1762 2153 1856 2211 ²3-
1906 2157 1931 2193 1
1981 2136 2066 2193 ἐφ’.
2094 2153 2192 2210 34.
2235 2136 2292 2192 8.
2341 2134 2433 2191 16.
2474 2133 2551 2191 ὁ*
2596 2151 2724 2208 119.
2773 2132 2926 2190 Esa.
2966 2149 3064 2206 43.
3114 2149 3163 2188 1.
3202 2133 3348 2191 Mat.
3387 2131 3450 2188 6.

548 2228 644 2285 33.
691 2229 743 2268 2.
792 2229 880 2268 10.
924 2229 1019 2285 30.
1062 2212 1139 2269 ἐν
1186 2214 1275 2272 16.
1324 2233 1415 2288 19.
1452 2216 1581 2273 Act.
1623 2234 1681 2291 9.
1722 2234 1781 2287 4.
1820 2215 1996 2274 ch..
2028 2233 2077 2272 1.
2127 2233 2217 2285 14.
2265 2231 2312 2270 1.
2345 2213 2473 2272 Pet.
2514 2226 2568 2287 5.
2609 2229 2664 2284 7.
2694 2230 2784 2268 12.
2825 2207 3448 2269 501100011511111510015.

548 2291 652 2347 Illa
692 2299 811 2368 est,
851 2306 979 2366 qua.
1008 2290 1265 2366 positum
1304 2296 1341 2352 a
1380 2313 1442 2352 se
1482 2305 1722 2354 naturae
1764 2305 1883 2354 tam
1923 2291 2238 2369 superioris
2257 2294 2434 2368 quam
2455 2289 2742 2352 inferioris
2760 2288 3031 2351 ordinem
3057 2291 3217 2348 Deus
3237 2300 3450 2363 tuetur,

548 2371 601 2428 &
644 2369 819 2446 vulgo
862 2370 1233 2433 conseruatio
1275 2371 1479 2434 mundi
1522 2373 1860 2434 vniuersalis
1898 2371 2140 2432 dicitur:
2185 2374 2332 2430 haec
2373 2373 2512 2428 vero
2553 2381 2669 2445 est,
2719 2386 2849 2447 qua.
2877 2368 3234 2446 peculiarem
3254 2366 3445 2426 vuius·

546 2448 787 2525 cuisque
826 2452 1142 2510 Creaturae
1179 2469 1382 2511 curam
1421 2453 1600 2530 gerit,
1642 2453 1954 2531 praecipue
1995 2464 2192 2511 autem
2235 2449 2476 2510 humani
2513 2450 2776 2527 generis,
2808 2450 2865 2507 81
2884 2449 3135 2509 maxime
3158 2448 3450 2523 fidelium,

545 2547 697 2604 quos
738 2531 1015 2607 propiore
1055 2529 1264 2592 intuitu
1305 2530 1610 2610 dignatur,
1652 2536 1706 2593 &
1746 2550 2000 2609 quorum
2038 2534 2202 2592 bono
2245 2529 2466 2607 reliqua
2507 2529 2744 2589 creauit.
2785 2530 2928 2587 Hoc
2960 2532 3102 2589 vero
3127 2528 3238 2587 Dei
3266 2545 3446 2604 opuS,

547 2610 712 2686 quod
773 2608 830 2667 in
891 2612 1067 2669 rebus
1124 2610 1335 2671 creatis
1392 2612 1717 2671 secundum
1776 2611 2073 2690 duplicem
2131 2628 2298 2670 suam
2340 2607 2770 2686 prouidentiam
2823 2610 2986 2667 Deus
3023 2607 3234 2683 efficit,
3275 2606 3446 2666 etiam

546 2690 763 2766 duplex
816 2700 933 2766 est,
984 2690 1239 2751 Naturae
1279 2707 1430 2768 opus
1471 2694 1526 2751 &
1564 2692 1802 2769 gratiae.
1863 2693 2122 2752 Naturae
2161 2706 2312 2767 opus
2349 2688 2738 2767 appellamus,
2780 2687 2944 2763 quod
2983 2696 3108 2746 tum
3149 2686 3209 2746 in
3247 2695 3450 2746 natura

547 2780 666 2827 tam
728 2767 1027 2846 superiore
1090 2772 1268 2846 quam
1306 2768 1613 2848 inferiore,
1653 2783 1779 2831 tum
1824 2768 1884 2830 in
1925 2772 2104 2830 rebus
2143 2780 2385 2829 naturae
2425 2766 2666 2845 singulis
2705 2765 2885 2826 efficit
2923 2767 3248 2825 secundum
3287 2764 3450 2823 illum

548 2859 789 2908 naturae
830 2848 1104 2926 modum,
1142 2866 1320 2925 quem
1363 2848 1423 2911 in
1465 2860 1673 2909 natura
1712 2868 1907 2911 rerum
1948 2861 2232 2926 tanquam
2273 2846 2332 2907 in
2361 2845 2771 2923 limpidissimo
2789 2856 3028 2905 naturae
3049 2863 3189 2905 suae
3208 2844 3447 2921 speculo

550 2926 851 3005 expressit.
892 2926 1133 2988 Gratiae
1172 2945 1322 3005 opus
1360 2930 1723 3007 appellamus
1762 2929 1907 2989 illud
1943 2929 2108 3006 quod
2147 2927 2470 2988 secundum
2514 2924 2946 3003 beneplacitum
2980 2924 3294 2983 voluntatis
3313 2941 3452 2983 suae

546 3006 725 3066 efficit
764 3006 822 3067 in
864 3007 1083 3076 electis.
1124 3010 1381 3069 Naturae
1421 3026 1571 3087 opus
1609 3009 1787 3069 efficit
1822 3008 2149 3069 secundum
2191 3027 2321 3067 eam
2363 3005 2648 3066 rationem
2691 3022 2810 3083 qua
2843 3002 3197 3082 principium
3217 3002 3452 3063 uniuer-

548 3088 669 3145 sale
710 3096 798 3145 est
836 3086 893 3146 in
937 3088 1001 3162 (s.
1052 3090 1245 3163 1639.)
1284 3100 1492 3147 natura
1532 3108 1752 3148 rerum:
1796 3087 2016 3167 gratiae
2055 3091 2197 3148 vero
2239 3103 2388 3163 opus
2429 3084 2795 3163 singulariter
2832 3082 3043 3159 efficit,
3082 3086 3201 3159 qua
3241 3080 3452 3161 princi-

550 3166 713 3243 pium
753 3176 843 3224 est
881 3166 1117 3226 vnicum
1135 3213 1151 3237 ,
1192 3170 1245 3227 &
1286 3167 1695 3227 immediatum
1735 3167 1976 3245 gratiae.
2175 3172 2180 3179 “

628 3265 683 3318 4.
766 3247 892 3303 Iam
935 3258 1132 3306 autem
1170 3245 1342 3307 huius
1382 3247 1631 3324 duplicis
1671 3246 1786 3307 Dei
1825 3246 2022 3323 operis
2060 3246 2251 3307 varius
2293 3244 2574 3322 assignari
2605 3254 2800 3322 potest
2823 3242 3067 3302 modus:
3109 3242 3263 3301 Nam
3289 3260 3339 3300 1.
3365 3250 3455 3301 est

550 3323 911 3384 ordinarium
953 3326 1045 3385 vel
1085 3325 1631 3387 extraordinarium.
1674 3325 2050 3387 Ordinarium
2089 3344 2276 3403 voc0,
2316 3325 2480 3402 quod
2519 3340 2900 3383 communem
2929 3332 3171 3381 naturae
3207 3330 3305 3379 aut
3325 3340 3452 3397 gra-

550 3403 663 3464 tiae
705 3403 973 3465 ordinem
1012 3407 1306 3468 obseruat.
1365 3405 1911 3483 eqraordinarium
1952 3406 2118 3482 quod
2157 3416 2390 3482 praeter
2427 3422 2806 3467 communem
2845 3401 3114 3463 ordinem
3147 3398 3366 3461 existit:
3391 3410 3460 3458 vt.

548 3502 685 3542 cum
726 3486 891 3543 Deus
931 3483 1219 3543 Israelitas
1259 3488 1482 3545 Manna
1526 3487 1702 3546 Dent.
1745 3489 1802 3545 8.
1843 3505 1899 3561 3.
1942 3488 2000 3547 &
2037 3482 2508 3547 conturnicibus:
2551 3484 2702 3543 Exo.
2755 3501 2846 3557 19.
2893 3500 2983 3555 13.
3025 3479 3218 3540 Eliam
3263 3497 3448 3539 coruo

550 3562 738 3641 pauit,
788 3583 839 3623 1.
883 3566 1033 3639 ch.
1080 3582 1171 3623 20.
1226 3584 1247 3622 1
1268 3584 1313 3623 1.
1356 3566 1569 3641 quibus
1611 3563 1983 3631 documentis
2019 3576 2324 3641 paternam
2364 3582 2503 3641 erga
2543 3562 2745 3622 fideles
2765 3580 2968 3621 curam
2989 3578 3155 3621 suam
3174 3558 3452 3648 ostendit.

549 3646 699 3703 Item
740 3645 875 3703 cum
916 3646 1104 3703 solem
1145 3644 1455 3703 subsistere
1496 3644 1556 3702 in
1596 3662 1707 3703 suo
1746 3644 1933 3722 gradu
1975 3644 2049 3703 ad
2090 3662 2296 3721 preces
2337 3645 2544 3717 Iosue,
2586 3644 2642 3701 &
2670 3640 2730 3701 in
2751 3640 2937 3719 gratia
2959 3638 3142 3719 Regis
3162 3638 3454 3700 Ezechiae

550 3725 819 3781 vmbram
860 3723 982 3783 eius
1024 3724 1398 3783 retrocedere
1436 3723 1573 3782 fecit
1612 3744 1717 3801 per
1758 3724 1964 3783 decem
2005 3724 2252 3801 gradus,
2293 3724 2416 3784 Ios.
2465 3741 2554 3781 10.
2603 3740 2692 3797 13.
2733 3744 2786 3779 2.
2825 3722 2978 3795 Reg.
3005 3739 3097 3778 20.
3129 3716 3455 3793 11.quibus

552 3802 755 3879 paucis
796 3802 1088 3862 miraculis
1127 3814 1370 3863 testatus
1409 3812 1497 3862 est
1536 3805 1726 3880 Deus,
1766 3803 2036 3879 quamuis
2077 3800 2413 3863 naturaliter
2432 3799 2671 3878 singulis
2693 3799 2865 3859 insita
2881 3797 2956 3858 sit
2973 3816 3079 3858 sua
3099 3796 3456 3875 proprietas,

555 3882 673 3940 vim
735 3892 931 3942 tamen
984 3900 1149 3941 suam
1190 3902 1311 3942 non
1355 3901 1660 3959 exercere,
1700 3881 1810 3942 nisi
1850 3893 2137 3959 quatenus
2174 3880 2468 3960 praesenti
2507 3878 2620 3939 Dei
2661 3898 2837 3939 manu
2880 3876 3232 3955 dirigantur,
3269 3892 3453 3953 quum

556 3960 699 4019 nihil
740 3959 898 4020 aliud
937 3960 1051 4021 sint
1091 3966 1269 4037 quam
1312 3960 1727 4034 instrumenta,
1766 3962 1980 4038 quibus
2019 3963 2181 4021 Deus
2221 3960 2368 4020 indit
2409 3959 2640 4019 assidue
2678 3969 2965 4035 quantum
2985 3958 3109 4017 vult
3127 3956 3456 4031 efficaciae,

557 4042 611 4099 81
652 4058 759 4116 pro
801 4059 909 4100 suo
950 4040 1192 4101 arbitrio
1232 4041 1309 4100 ad
1347 4042 1503 4105 hanc
1543 4044 1636 4102 vel
1676 4042 1833 4101 illam
1875 4040 2167 4103 actionem
2205 4037 2415 4101 flectit:
2457 4048 2634 4117 prout
2651 4040 2744 4098 vel
2765 4037 2891 4115 ipsa
2908 4038 3274 4113 Temporum
3293 4034 3457 4095 vicis·

557 4118 752 4177 situdo
795 4120 1178 4180 demonstrat.

640 4214 695 4275 5.
778 4200 918 4257 Hoc
960 4218 1109 4275 opus
1150 4210 1235 4260 est
1275 4198 1595 4261 mediatum
1637 4201 1727 4259 vel
1770 4198 2191 4260 immediatum.
2231 4198 2644 4263 Immediatum
2681 4206 2770 4255 051
2803 4195 2966 4272 quod
3007 4206 3131 4254 tum
3161 4194 3219 4254 in
3253 4204 3460 4255 natura

560 4275 839 4353 vniuersi,
880 4288 1005 4337 tum
1045 4277 1103 4337 in
1145 4278 1405 4356 singulis,
1426 4279 1686 4356 partibus
1726 4278 1903 4356 ipsius
1944 4278 2068 4341 siue
2107 4279 2316 4339 mediis
2347 4293 2449 4337 seu
2470 4274 2662 4337 causis
2678 4273 3063 4353 secundis,&
3083 4275 3460 4363 praetem-vel

3282 4362 3458 4412 etiam
