3923 4875
1427 366 1833 411 tunnulct
1892 366 2106 410 PARS
2166 364 2208 411 1.
2889 398 2898 405 -
3154 368 3268 424 401

359 542 487 586 oese
544 522 859 585 videretur.
910 526 1113 585 Vnum
1152 534 1272 604 est3
1328 524 1497 602 quod
1534 526 1695 603 apud
1740 527 2052 587 Hebraeos
2091 526 2202 585 hae
2241 524 2652 603 inscriptiones
2695 525 2966 586 absolute
2979 568 3000 601 ,
3039 544 3112 587 ae
3145 545 3269 589 non

358 608 697 681 comparate
736 604 1121 684 accipiuntur,
1161 616 1443 682 tanquam
1482 604 1533 666 si
1571 604 1785 667 dixeris
1827 606 2141 667 Canticum
2183 624 2426 666 omnem
2466 604 2528 664 in
2569 622 2632 665 se
2671 604 3080 665 excellentiam
3125 625 3270 667 con-

357 683 579 744 tinens:
640 702 793 762 quae
844 703 939 745 res
998 684 1147 746 citra
1202 684 1453 745 aliorum
1510 684 1878 746 canticorum
1940 684 2450 761 comparationem
2511 685 2592 745 ita
2631 684 3024 762 praedicatur,
3066 697 3131 745 vt
3176 686 3268 747 his

358 763 603 824 Psalmis
640 780 746 823 sua
783 766 1131 826 excellentia
1168 766 1491 843 adseratur,
1530 764 1609 826 de
1641 766 1769 827 aliis
1808 770 1951 826 vero
1994 764 2140 825 nihil
2177 763 2494 843 derogetur
2533 766 2726 841 plane.
2763 766 3032 825 Alterum
3047 809 3066 841 ,
3104 766 3272 842 quod

356 843 533 903 etiam
575 854 741 904 certo
792 846 1057 921 quodam
1108 855 1379 923 respectu
1419 845 1725 923 singularis
1767 854 1853 907 est
1893 844 1985 905 his
2037 843 2282 905 Psalmis
2321 842 2696 922 excellentia,
2738 862 2918 920 quam
2955 863 3098 922 prae
3138 844 3268 907 aliis

357 923 660 1002 obtinent,
699 925 755 984 &
786 923 901 985 Dei
918 924 1154 1002 spiritus
1174 925 1517 987 testificatus
1538 935 1643 985 est.
1668 927 1775 986 Est
1792 936 1992 986 autem
2009 923 2354 985 excellentia
2373 941 2608 985 summa
2625 925 2681 984 81
2701 923 2828 983 aliis
2849 924 3268 1002 anteponenda

360 1002 420 1061 in
460 1002 551 1063 his
590 1003 835 1064 Psalmis
875 1016 978 1064 aut
1014 1014 1286 1083 respectu
1342 1004 1600 1066 auctoris
1660 1004 1749 1066 sui
1808 1004 1935 1066 siue
1992 1004 2263 1082 principij
2281 1048 2299 1081 ,
2360 1014 2462 1064 aut
2507 1002 2623 1081 rei,
2663 1015 2764 1063 aut
2808 1003 2972 1064 modi
3013 1004 3093 1063 ad
3133 1022 3266 1065 eam

358 1082 719 1160 pertinentis.
758 1086 815 1142 N
816 1102 898 1144 on
936 1097 1135 1145 autem
1173 1084 1455 1145 auctoris:
1496 1103 1637 1146 nam
1680 1102 1877 1145 rerum
1907 1084 2530 1147 excellentissimarum
2561 1086 2616 1144 δι
2635 1082 2974 1144 vniuersam
2997 1094 3264 1143 naturam

358 1180 539 1239 quam
596 1162 935 1242 longissime
998 1164 1397 1243 superantium
1438 1164 1705 1226 omnium
1726 1212 1744 1241 ,
1785 1167 1841 1226 δι
1880 1164 2271 1243 singularum,
2312 1174 2524 1225 auctor
2563 1180 2712 1223 vnus
2753 1174 2844 1223 est
2885 1164 3049 1223 Deus
3091 1165 3268 1225 Pater

354 1239 417 1301 in
456 1241 608 1303 Filio
648 1262 755 1320 per
797 1242 1095 1321 Spiritum.
1136 1248 1343 1306 Restat
1378 1245 1571 1325 igitur,
1603 1256 1668 1305 vt
1686 1245 1953 1306 dicamus
1992 1245 2398 1305 excellentiam
2431 1244 2619 1304 inesse
2651 1242 2740 1303 his
2761 1243 3004 1303 Psalmis
3025 1254 3268 1321 propter

356 1340 483 1382 rem
523 1333 624 1382 aut
664 1322 911 1384 modum
950 1323 1243 1403 ipsorum:
1286 1326 1457 1401 Quae
1500 1326 1623 1387 duo
1662 1325 1992 1387 secundum
2032 1324 2322 1386 rationem
2361 1327 2416 1385 ὅτ
2455 1334 2792 1401 respectum
2832 1323 3133 1401 quendam
3161 1325 3266 1385 du-

358 1399 548 1462 cimus
586 1402 1025 1482 coniungenda.

435 1480 597 1542 Nihil
648 1481 745 1542 hic
799 1482 1051 1543 dicimus
1102 1483 1179 1545 de
1215 1486 1429 1545 horum
1468 1486 1835 1547 Psalmorum
1880 1483 2326 1563 comparatione
2373 1500 2512 1543 eum
2567 1480 2782 1543 exteris
2823 1480 2948 1541 siue
2994 1480 3268 1543 humanis

356 1561 731 1623 cantionibus
770 1564 1095 1623 secundum
1133 1580 1311 1641 quam
1353 1583 1563 1625 omnes
1602 1566 1817 1625 Psalmi
1856 1568 1911 1626 &
1950 1565 2280 1641 spirituales
2319 1560 2470 1623 odae
2509 1565 2546 1621 a
2589 1564 2724 1621 Deo
2765 1562 3162 1622 sanctificatae
3201 1562 3262 1621 in

357 1640 657 1719 scripturis
716 1659 1099 1703 communem
1158 1645 1385 1705 habent
1444 1646 1885 1723 excellentiam,
1948 1644 2274 1722 Principio,
2333 1644 2426 1702 Re
2443 1686 2460 1719 ‚
2511 1643 2567 1702 &
2609 1642 2800 1703 Modo
2843 1640 3014 1701 simul
3066 1641 3268 1701 omnia

356 1722 749 1783 humanarum
788 1722 1131 1783 cantionum
1171 1742 1391 1801 genera
1430 1725 1711 1785 omnibus
1750 1723 1947 1785 modis
1990 1734 2393 1802 superantem:
2439 1722 2566 1782 Etsi
2605 1722 2718 1781 hac
2738 1738 2978 1799 quoque
2998 1738 3264 1781 commu·

359 1818 499 1861 nem
549 1803 957 1863 excellentiam
996 1802 1089 1863 his
1128 1804 1373 1864 Psalmis
1410 1803 1669 1865 adscribi
1708 1823 1949 1865 necesse
1990 1816 2108 1881 est,
2138 1806 2236 1864 vel
2257 1822 2329 1863 eo
2352 1802 2482 1880 ipso
2504 1802 2668 1879 qu0d
2687 1812 2824 1861 sunt
2843 1800 2902 1860 in
2923 1800 3268 1861 cantionum

357 1880 693 1941 diuinarum
752 1885 809 1943 δι
866 1882 1251 1960 spiritualium
1304 1903 1540 1976 genere.
1602 1885 1723 1946 Sed
1780 1886 2010 1945 tantum
2069 1886 2189 1945 hoc
2247 1884 2386 1943 loco
2431 1881 2656 1960 agimus
2696 1882 2773 1943 de
2811 1880 3266 1957 comparatione

355 1963 569 2022 horum
610 1964 979 2023 Psalmorum
1036 1980 1176 2023 cum
1226 1964 1357 2025 aliis
1410 1964 1675 2026 eiusdem
1726 1966 1992 2043 generiS,
2045 1962 2148 2042 qui
2189 1982 2396 2024 omnes
2436 1960 2734 2053 Principio
2751 2008 2768 2038 ,
2809 1962 2930 2038 Re,
2971 1962 3027 2021 8ῑ
3068 1961 3260 2051 Modo

353 2040 637 2118 spirituali
694 2041 1157 2103 communicant.
1200 2044 1285 2104 Hi
1325 2045 1484 2105 enim
1526 2056 1691 2107 certo
1730 2044 1997 2123 quodam
2035 2056 2310 2121 respectu
2347 2042 2758 2103 excellentiam
2799 2039 2932 2101 sibi·
2951 2040 3259 2100 vindicant

354 2121 701 2181 auctoritate
760 2124 817 2182 δι
876 2123 1215 2183 testimonio
1277 2124 1552 2204 Spiritus,
1605 2143 1732 2185 non
1780 2126 1840 2185 in
1882 2144 1947 2185 se
1987 2134 2088 2183 aut
2129 2132 2398 2201 respectu
2439 2120 2559 2199 sui,
2601 2122 2707 2181 sed
2747 2120 2807 2179 in
2847 2120 3023 2179 nobis
3063 2119 3260 2197 potius

354 2202 411 2261 δι
462 2212 733 2279 respectu
794 2202 1011 2263 nostri:
1066 2204 1205 2280 quia
1242 2204 1291 2265 si
1332 2205 1410 2266 ad
1448 2206 1603 2267 Rem
1644 2222 1797 2283 quae
1838 2205 2174 2266 continetur
2211 2202 2326 2263 illis
2367 2200 2695 2279 respexeris
2713 2244 2731 2273 ‚
2771 2198 3260 2277 simplicissimam

351 2280 573 2341 habent
620 2281 705 2342 rei
758 2300 913 2359 quae
950 2284 1142 2361 agitur
1181 2283 1638 2361 applicationem
1683 2288 1861 2363 supra
1900 2288 2084 2361 quam
2124 2284 2219 2359 alij
2263 2282 2482 2342 Psalmi
2521 2292 2622 2341 aut
2663 2279 2909 2341 Cantica
2951 2279 3262 2356 Scripturis

357 2361 415 2422 S.
456 2362 911 2440 comprehensa:
955 2362 1017 2423 Si
1054 2365 1133 2424 ad
1172 2365 1451 2436 Modum,
1494 2366 1745 2426 eandem
1784 2364 2006 2425 habent
2045 2361 2482 2441 breuissimam,
2525 2380 2596 2421 ac
2634 2358 2884 2440 proinde
2922 2358 3002 2419 ad
3043 2378 3264 2419 memo-

356 2441 504 2502 riam
564 2441 875 2504 hominum
924 2444 1489 2506 commodissimam.
1532 2446 1649 2506 Sed
1688 2446 1829 2524 quia
1868 2444 1945 2506 de
1985 2444 2078 2504 his
2117 2444 2296 2504 rebus
2338 2439 2654 2520 perspicuo
2696 2440 2906 2502 ordine
2943 2437 3262 2500 dicendum

354 2530 443 2582 est
477 2522 804 2583 secundum
864 2541 964 2582 eas
1004 2535 1199 2600 partes
1238 2541 1385 2603 quas
1430 2530 1566 2586 ante
1614 2525 2000 2603 inscriptione
2039 2524 2299 2603 proponi
2339 2521 2652 2584 docuimus
2667 2566 2685 2600 ,
2725 2529 2984 2598 praestat
3025 2519 3142 2579 iam
3183 2520 3262 2580 ad

356 2601 737 2662 excutiendas
777 2613 974 2681 partes
1014 2604 1271 2682 singulas
1311 2605 1637 2666 veniamus.

436 2683 531 2742 De
586 2681 935 2742 excellentia
984 2681 1183 2760 itaque
1236 2682 1451 2745 dicturi
1502 2684 1857 2764 principium
1909 2683 2054 2745 illud
2101 2687 2140 2744 a
2180 2693 2392 2744 natura
2429 2679 2836 2759 ingeneratum
2849 2723 2867 2756 ,
2930 2678 3096 2756 quod
3135 2680 3271 2739 ante

355 2759 702 2822 dicebamus
716 2807 734 2840 ,
794 2762 905 2822 toti
942 2762 1081 2823 huic
1118 2775 1469 2842 argumento
1507 2765 1966 2844 praestruimus:
2029 2765 2315 2825 Naturam
2359 2777 2656 2840 quamque
2695 2762 2926 2822 bonum
2956 2769 3268 2850 appetere.

354 2839 517 2902 Huic
552 2851 751 2902 autem
784 2840 1075 2920 principio
1094 2845 1343 2904 alterum
1366 2862 1607 2923 quoque
1621 2843 1863 2923 adiungi
1892 2863 2134 2905 necesse
2155 2855 2244 2904 est
2257 2889 2276 2922 ,
2299 2843 2585 2902 Naturam
2607 2857 2903 2918 quamque
2925 2857 3010 2899 sic
3041 2841 3266 2898 bonum

355 2929 663 2997 appetere,
726 2931 790 2980 vt
828 2932 1069 3000 appetat
1110 2923 1319 2985 melius
1338 2969 1356 2995 ,
1416 2923 1465 2984 si
1516 2935 1713 3002 potest
1758 2924 2146 3002 contingere:
2209 2943 2280 2984 ac
2318 2920 2572 3000 proinde
2611 2921 2716 2981 ubi
2753 2921 2833 2980 ad
2872 2920 3100 2979 bonum
3140 2935 3264 2994 quo

353 2999 563 3060 melius
600 2999 745 3060 nihil
784 3011 899 3078 est,
960 3001 1039 3062 ad
1078 3003 1307 3065 bonum
1346 3005 1637 3082 (inquam)
1676 3022 1973 3065 summum
2027 3001 2359 3080 peruenerit
2379 3046 2398 3081 ,
2457 3000 2518 3060 in
2570 3019 2646 3060 eo
2685 2998 3141 3077 conquiescere,
3189 3006 3268 3086 ‚vt

356 3096 477 3156 quo
518 3079 663 3140 nihil
706 3081 933 3142 melius.
1010 3083 1247 3142 Bonum
1299 3094 1499 3144 autem
1551 3083 1900 3162 particulare
1955 3081 2294 3160 communi,
2356 3082 2412 3141 &
2459 3081 2786 3140 humanum
2826 3078 3030 3139 diuino
3071 3077 3268 3153 cedit,

355 3160 619 3220 naturale
656 3161 1119 3238 supernaturali:
1178 3162 1318 3240 quia
1378 3181 1700 3225 commune
1760 3165 2202 3240 supernaturale
2216 3206 2231 3235 ‚
2295 3163 2350 3222 δι
2403 3159 2668 3221 diuinum
2722 3170 2812 3219 est
2863 3155 3262 3219 excellentius.

354 3240 527 3299 Haec
554 3241 716 3300 bona
746 3239 1047 3320 homines,
1088 3251 1269 3319 prout
1300 3253 1435 3303 sunt
1463 3242 1923 3322 disciplinabiles
1936 3289 1953 3322 ,
1989 3261 2054 3304 re
2085 3243 2170 3303 sic
2204 3243 2596 3318 assequuntur
2611 3285 2628 3316 ,
2667 3249 2733 3300 vt
2765 3236 2928 3298 certa
2962 3233 3270 3297 doctrinae

352 3316 451 3378 via
506 3329 685 3396 atque
755 3319 983 3382 ratione
1032 3321 1113 3382 ad
1150 3320 1591 3402 inuestiganda,
1652 3323 1958 3384 noscenda
1975 3368 1992 3398 ,
2031 3321 2484 3400 consequenda,
2525 3319 2901 3410 tenendaque
2939 3335 3012 3376 ea
3051 3315 3266 3406 perdu-

354 3403 579 3458 cantur.
647 3399 1025 3480 Quapropter
1080 3411 1145 3462 vt
1204 3403 1431 3464 bonum
1494 3420 1673 3462 vnum
1723 3402 2027 3480 praecellit
2077 3401 2281 3479 alteri,
2343 3400 2428 3460 sic
2469 3417 2586 3459 vna
2626 3400 2900 3459 doctrina
2943 3398 3109 3457 alten
3151 3413 3262 3474 pro

354 3477 703 3539 conditione
745 3479 965 3541 obiecti
1022 3481 1176 3541 illius
1230 3481 1389 3542 eirca
1428 3483 1593 3560 quod
1636 3487 1723 3559 (vt
1768 3485 2116 3559 loquuntur)
2165 3480 2440 3542 doctrina
2495 3495 2766 3556 quaeque
2817 3489 3174 3566 occupatur,
3215 3475 3271 3534 81

352 3556 595 3618 rationis
636 3561 724 3636 (vt
764 3561 1005 3637 vocant)
1045 3562 1307 3622 formalis
1344 3563 1425 3622 ad
1467 3561 1769 3623 obiectum
1854 3561 2156 3622 ertinentis
2195 3563 2262 3639 (s.
2291 3562 2457 3634 682).
2519 3556 2640 3618 Hic
2678 3567 2876 3618 autem
2922 3573 3054 3633 quis
3093 3563 3272 3632 neget

353 3635 703 3714 ipsissimam
742 3639 1151 3701 excellentiam
1190 3640 1252 3701 in
1290 3642 1381 3702 his
1420 3641 1615 3703 verbis
1656 3581 1853 3702 tradi?
1905 3641 1970 3702 in
2007 3641 2222 3718 quibus
2263 3659 2387 3701 non
2428 3637 2686 3716 quoduis
2725 3636 3109 3716 particulare,
3164 3632 3271 3694 sed

355 3733 711 3778 commune:
770 3737 896 3780 non
954 3722 1251 3799 naturale,
1310 3721 1416 3782 sed
1470 3722 1947 3800 supernaturale:
2013 3739 2136 3782 non
2185 3721 2512 3780 humanum
2533 3763 2552 3796 ,
2611 3717 2718 3778 sed
2766 3717 3034 3777 diuinum
3095 3715 3271 3793 plane

353 3795 585 3858 bonum
623 3797 961 3860 hominibus
1000 3797 1347 3877 exponitur?
1407 3803 1531 3862 Res
1590 3801 1767 3880 igitur
1817 3812 1907 3862 est
1958 3799 2484 3876 excellentissima,
2545 3795 2818 3858 doctrina
2857 3797 2942 3856 rei
2982 3795 3271 3855 excellen-

354 3875 611 3938 tissimae
650 3876 743 3938 his
780 3877 1026 3940 Psalmis
1066 3880 1451 3972 consignata:
1490 3900 1563 3941 ac
1604 3879 1855 3958 proinde
1896 3881 1945 3942 si
1985 3881 2064 3940 ad
2103 3900 2198 3942 res
2243 3888 2504 3940 caeteras
2539 3875 2864 3954 respexeris
2877 3922 2894 3954 ,
2937 3872 3274 3964 communis

354 3965 445 4016 est
492 3953 553 4016 in
610 3955 702 4017 his
759 3957 1047 4036 impressa
1106 3964 1196 4036 (vt
1248 3979 1308 4019 m
1364 3960 1610 4021 caeteris
1650 3977 1893 4038 quoque
1933 3959 2260 4039 scripturis)
2301 3977 2480 4036 supra
2519 3976 2612 4018 res
2657 3974 2868 4016 omnes
2907 3954 3274 4044 excellentia.

355 4035 541 4110 Quod
592 4035 643 4097 si
695 4038 1103 4100 excellentiam
1150 4039 1483 4118 appetimus
1497 4085 1516 4119 ,
1576 4041 1738 4118 Ergo
1780 4041 1837 4100 δι
1876 4041 2092 4102 horum
2132 4041 2504 4102 Psalmorum
2541 4035 2874 4097 doctrinam
2913 4043 3091 4113 (quae
3129 4031 3275 4092 nihil

354 4114 465 4176 nisi
503 4117 849 4180 excellentia
892 4123 1005 4196 est)
1044 4131 1393 4198 appetamus
1434 4138 1677 4182 necesse
1717 4130 1823 4180 est.
2971 4193 3007 4206 ..

432 4195 669 4257 Deinde
720 4201 862 4259 vero
917 4201 1057 4260 cum
1106 4197 1167 4258 in
1216 4201 1395 4260 rebus
1449 4199 1591 4278 ipsis
1632 4199 2171 4277 supernaturalibus
2215 4201 2271 4261 δι
2309 4197 2522 4258 diuinis
2562 4193 2676 4256 alia
2711 4196 2876 4257 bona
2911 4196 3040 4254 alus
3079 4209 3274 4269 praes·

352 4274 608 4336 tantiora
645 4275 793 4356 sint,
832 4276 897 4338 id
934 4279 1111 4338 etiam
1153 4278 1329 4340 nobis
1370 4279 1693 4341 videndum
1735 4289 1825 4339 est
1844 4324 1861 4356 ,
1917 4289 1982 4339 vt
2023 4279 2381 4359 singularem
2419 4278 2634 4338 horum
2676 4277 3046 4336 Psalmorum
3087 4273 3278 4332 excel-

354 4353 597 4416 lentiam
654 4361 857 4418 sancte
916 4375 1421 4438 recognoscamus
1439 4403 1458 4440 ,
1520 4361 1579 4421 δι
1632 4359 1713 4419 ad
1760 4375 1895 4515 εει-3
1950 4361 2142 4438 probe
2197 4357 2500 4437 cognitam
2553 4353 3276 4512 religiosiggffissgztgag
