3923 4875
562 292 671 368 196
1482 303 1806 347 ‘tunsus
1869 301 2531 349 rnuotoorcau.

549 467 657 528 sed
714 467 852 544 quia
908 466 1209 526 voluntate
1262 465 1453 525 factus
1500 483 1641 525 caro
1684 484 1759 526 ex
1798 465 2041 526 muliere
2077 467 2189 527 sub
2227 467 2359 543 lege
2375 511 2393 542 ,
2435 485 2540 542 per
2579 464 2830 526 eandem
2873 466 3240 525 voluntatem
3279 463 3476 524 exina-

550 547 697 607 niuit
754 566 849 622 se,
902 549 961 606 δι
1017 544 1193 606 cessit
1251 545 1408 606 Patri
1464 561 1631 606 vsum
1684 544 2144 622 exercitiumque
2185 545 2336 606 illius
2377 543 2846 622 omnipotentiae
2883 543 3121 604 diuinae
3163 543 3224 602 in
3265 562 3475 605 caussa

550 625 919 688 mediationis
958 627 1184 687 solum:
1226 644 1333 705 per
1372 624 1870 704 dispensationem
1904 625 2294 689 voluntariam
2322 625 2500 686 etiam
2533 624 2594 684 in
2625 641 2832 685 caussa
2853 622 3228 685 mediationis
3249 623 3474 702 recepit

548 711 589 768 a
646 709 819 768 Patre
878 707 1038 767 dona
1100 723 1237 767 vsus
1297 709 1355 767 δι
1392 703 1651 781 exercitii
1694 705 1964 766 salutaris
2005 705 2158 766 illius
2197 707 2276 766 de
2314 707 2619 766 voluntate
2658 704 2845 765 Patris
2859 750 2878 783 ,
2917 722 3100 781 quem
3141 719 3312 764 vsum
3353 723 3479 764 ces-

554 797 708 847 serat
744 789 1049 848 voluntate
1086 803 1192 847 sua
1208 833 1227 866 ,
1267 801 1453 863 quum
1494 805 1559 846 se
1596 785 1723 864 ipse
1761 788 1955 846 forma
1997 787 2150 847 serui
2191 797 2439 863 accepta
2459 784 2893 846 exinaniuisset.
2913 785 3134 864 Philtsp.
3161 804 3218 844 2.
3257 785 3477 846 Secun-

556 869 701 928 dum
758 866 1184 928 humanitatem
1242 869 1384 928 vero
1400 911 1419 944 ,
1474 883 1629 944 quae
1678 886 1752 927 ex
1790 876 2002 926 natura
2043 882 2148 926 sua
2187 885 2300 926 nec
2339 866 2772 944 possessionem
2811 883 2924 925 nec
2963 882 3134 925 vsum
3173 864 3476 925 donorum

551 949 787 1009 illorum
850 949 1069 1008 habere
1128 947 1446 1026 potuisset,
1505 947 1669 1008 dona
1726 945 1961 1024 spiritus
2022 944 2280 1024 accepit,
2341 959 2470 1006 tum
2517 945 2578 1006 in
2631 963 2695 1005 se
2738 961 3151 1022 quaecumque
3187 947 3226 1004 a
3263 955 3476 1004 natura

554 1038 753 1088 creata
790 1027 923 1104 capi
962 1036 1309 1106 potuerunt,
1359 1037 1487 1087 tum
1523 1028 1585 1088 in
1624 1045 1879 1105 persona
1918 1045 2026 1104 per
2065 1026 2310 1104 gratiam
2351 1025 2618 1103 vnionis,
2659 1041 3071 1104 quaecumque
3109 1024 3189 1084 ad
3209 1024 3478 1085 diuinum

554 1107 699 1247 {clad
750 1106 1139 1248 mediationliss
1158 1105 1501 1185 mysterium
1542 1109 1775 1168 fuerunt
1812 1123 1983 1186 opus.
2047 1105 2432 1185 Quapropter
2469 1103 2631 1167 idem
2670 1108 2707 1165 a
2740 1103 3011 1166 Patribus
3053 1115 3218 1166 recte
3251 1123 3479 1183 vngens

654 1197 867 1248 vnctus
906 1207 943 1247 a
1024 1206 1059 1247 e
1138 1196 1253 1251 tur.

637 1284 691 1343 7.
774 1265 873 1328 Sic
914 1207 1211 1329 dloliiorum
1252 1265 1617 1347 plenitudine
1655 1266 1970 1328 instructus
2010 1265 2277 1327 Christus
2317 1265 2429 1327 sibi
2467 1263 2578 1344 ipsi
2617 1265 2778 1324 hunc
2819 1265 3114 1324 honorem
3135 1262 3480 1324 mediatoris

556 1366 681 1408 non
720 1347 994 1426 sumpsit,
1036 1347 1143 1408 sed
1178 1350 1216 1408 a
1254 1347 1389 1409 Deo
1428 1357 1595 1425 patre
1637 1357 1885 1408 vocatus
1922 1357 2013 1408 est
2057 1345 2588 1424 auctoritatemque
2629 1343 2861 1422 accepit
2897 1343 3244 1422 perficiendi
3262 1353 3480 1422 myste-

556 1427 709 1488 rium
762 1426 1134 1489 mediationis
1172 1426 1325 1488 inter
1362 1429 1561 1489 Deum
1601 1431 1657 1488 δι
1696 1447 1836 1505 nos,
1875 1445 1950 1488 ex
1991 1427 2233 1488 decreto
2271 1426 2428 1488 eius:
2469 1443 2592 1504 quo
2607 1471 2624 1502 ,
2665 1443 2818 1502 quae
2857 1423 3083 1502 officia,
3121 1425 3286 1502 apud
3323 1441 3480 1502 quos

558 1511 807 1586 faceret,
846 1507 953 1568 fuit
991 1506 1429 1586 praestitutum,
1476 1509 1616 1569 Gal.
1657 1527 1715 1585 3.
1754 1509 1911 1568 Nam
1950 1509 2090 1567 cum
2129 1506 2420 1568 mediator
2458 1525 2584 1566 non
2623 1505 2698 1566 sit
2736 1505 2906 1566 vuius
2919 1551 2938 1584 ,
2978 1508 3144 1566 Deus
3183 1515 3384 1566 autem
3401 1503 3481 1566 sit

560 1605 711 1648 vnus
754 1591 810 1648 δι
848 1586 1260 1665 immutabiliS,
1300 1588 1547 1650 omnino
1585 1588 1976 1649 mediatorem
2013 1597 2284 1648 nostrum
2324 1588 2490 1648 illum
2531 1585 2823 1663 vtrimque
2863 1603 3070 1646 curare
3109 1584 3400 1663 oportuit,
3422 1587 3482 1646 δι

562 1677 859 1745 praestare
914 1667 1200 1745 quicquid
1258 1685 1410 1746 opus
1461 1669 1571 1728 fuit
1622 1669 1683 1728 in
1738 1679 2046 1744 vtramque
2083 1677 2339 1746 partem,
2379 1669 2587 1745 (quam
2627 1685 2755 1726 rem
2795 1683 2974 1726 nemo
3014 1664 3116 1743 qui
3157 1683 3281 1725 non
3321 1675 3478 1726 esset

563 1751 727 1809 Deus
766 1758 1060 1826 praestare
1098 1747 1290 1824 potuit
1328 1748 1489 1826 apud
1525 1750 1752 1828 Deum,
1794 1749 1851 1808 δι
1889 1747 1994 1825 qui
2031 1766 2156 1808 non
2195 1757 2350 1808 esset
2387 1747 2572 1808 homo
2585 1791 2603 1824 ,
2643 1764 2755 1824 pro
2795 1745 2970 1806 nobis
3009 1755 3186 1824 atque
3215 1744 3276 1805 in
3304 1743 3482 1806 nobis

564 1829 872 1906 perficere)
931 1830 986 1888 δι
1046 1827 1243 1888 officia
1297 1828 1598 1908 perfungi,
1660 1847 1811 1906 quae
1864 1828 1940 1888 ad
2001 1825 2208 1888 vitium
2261 1825 2638 1889 eximendum
2653 1871 2670 1904 ,
2723 1827 2780 1885 δι
2821 1827 3051 1886 bonum
3089 1825 3244 1886 inter
3281 1833 3482 1902 partes

562 1905 979 1968 stabiliendum
1018 1917 1154 1968 sunt
1192 1907 1541 1968 necessaria.
2197 1923 2218 1940 ·

644 1991 703 2049 8.
783 1989 855 2046 In
914 1988 1082 2066 Deo,
1138 1987 1241 2066 qui
1292 2007 1524 2066 semper
1572 2004 1723 2049 vnus
1770 1989 1827 2047 &
1864 1988 2027 2050 idem
2065 1997 2187 2064 est,
2229 1986 2435 2048 vitium
2473 1988 2719 2047 nullum.
2761 1986 2917 2047 Cum
2957 1985 3157 2064 itaque
3197 1983 3406 2045 vitium
3441 1988 3482 2047 ὲ.

564 2065 739 2128 nobis
778 2071 835 2126 δι
872 2066 934 2127 in
974 2065 1149 2129 nobis
1190 2077 1372 2147 esset,
1413 2087 1536 2146 quo
1576 2069 1643 2145 (f.
1690 2071 1884 2144 1672.)
1922 2067 2121 2128 miseri
2159 2071 2197 2128 a
2238 2066 2353 2128 Dei
2389 2067 2577 2146 gratia
2603 2065 2956 2143 excidimus,
2975 2085 3088 2144 pro
3107 2064 3336 2126 ratione
3355 2063 3478 2140 vitij

565 2146 719 2208 illius
760 2147 1169 2225 expungendi,
1208 2150 1265 2209 δε
1304 2147 1691 2226 comparandi
1730 2146 2182 2224 stabiliendsque
2221 2145 2366 2208 boni
2403 2145 2606 2208 diuina
2645 2147 2856 2208 virtute
2895 2151 3061 2222 (nam
3101 2148 3358 2207 humana
3383 2153 3486 2204 aut

568 2228 685 2287 vlla
726 2237 923 2287 creata
960 2226 1303 2304 simpliciter
1338 2245 1642 2307 nunquam
1682 2227 1744 2288 id
1784 2244 1933 2306 opus
1977 2226 2390 2305 ministrasset,
2429 2225 2570 2306 quia
2607 2227 2830 2304 gratiae
2857 2225 3123 2286 salutaris
3157 2236 3275 2300 est,
3321 2227 3486 2284 Deus

568 2317 765 2368 autem
826 2308 985 2369 solus
1042 2307 1263 2386 gratiae
1322 2309 1535 2370 author
1588 2319 1676 2368 est
1691 2353 1708 2386 ,
1746 2327 1858 2368 nos
1896 2311 1934 2367 a
1974 2306 2160 2398 gratia
2201 2308 2428 2369 exsules
2466 2317 2707 2384 natura,
2747 2311 2804 2368 δι
2843 2305 3066 2385 gratiae
3105 2303 3485 2384 egentissimi)

568 2387 985 2450 authoritatem
1046 2387 1379 2450 officiorum
1428 2392 1465 2450 a
1514 2390 1685 2451 Patre
1728 2386 2004 2467 imperari
2017 2433 2036 2467 ,
2077 2389 2134 2449 δε
2171 2391 2211 2449 a
2249 2387 2572 2449 mediatore
2612 2386 2828 2467 suscipi
2869 2405 3111 2449 necesse
3149 2385 3258 2447 fuit
3271 2431 3287 2459 ,
3329 2401 3484 2463 quae

570 2467 715 2529 vitio
754 2480 961 2529 nostro
999 2470 1268 2531 curando
1288 2514 1306 2549 ,
1349 2473 1406 2531 δι
1446 2471 1615 2531 bono
1652 2468 1921 2549 parando
1934 2514 1954 2547 ,
1997 2468 2292 2546 vtn'mque
2331 2466 2738 2530 conuenirent.

651 2570 709 2626 9,
788 2548 930 2609 Tria
967 2560 1105 2610 sunt
1143 2559 1341 2610 autem
1378 2568 1531 2627 quae
1568 2550 1630 2610 in
1672 2549 1837 2611 omni
1874 2560 2016 2611 actu
2053 2548 2354 2611 rationalis
2391 2547 2692 2641 potentiae
2733 2556 2970 2639 oportet
3008 2563 3361 2607 concurrere
3375 2590 3394 2623 ,
3424 2547 3482 2605 δι

571 2628 697 2689 sine
752 2628 965 2705 quibus
1024 2628 1170 2691 nihil
1222 2627 1334 2691 nisi
1384 2629 1661 2691 vitiosum
1706 2630 1786 2690 ab
1826 2628 2072 2690 homine
2111 2628 2409 2707 proficisci
2447 2638 2671 2707 potest,
2712 2647 2864 2689 scire
2879 2674 2896 2706 ,
2938 2628 3090 2688 velle
3103 2672 3124 2699 ,
3163 2644 3366 2705 posse:
3409 2644 3484 2685 ex

570 2708 785 2785 quibus
821 2708 978 2769 vitiis
1015 2710 1290 2771 omnibus
1330 2710 1515 2771 homo
1555 2708 1694 2771 inde
1731 2712 1769 2769 a
1808 2708 2004 2787 primo
2044 2720 2356 2789 parentum
2393 2719 2736 2770 nostrorum
2774 2710 2942 2786 lapsu
2961 2704 3306 2784 grauissime
3325 2714 3488 2766 totus

571 2788 863 2849 laborauit
902 2808 1153 2866 semper.
1193 2791 1348 2850 Nam
1384 2789 1595 2851 vitium
1634 2807 1834 2851 suum:
1876 2790 1933 2849 &
1972 2790 2088 2851 Dei
2129 2791 2492 2851 voluntatem
2529 2787 2736 2850 vitium
2778 2787 3121 2848 detestantis
3154 2790 3210 2847 &
3237 2784 3488 2864 gratiam

573 2867 871 2929 offerentis
910 2870 1096 2929 homo
1136 2886 1331 2947 neque
1368 2868 1569 2946 sciuit,
1609 2888 1804 2947 neque
1844 2869 2032 2930 voluit
2071 2870 2222 2930 scire
2261 2879 2362 2930 aut
2399 2888 2606 2929 curare
2620 2914 2638 2945 ,
2679 2884 2872 2945 neque
2911 2872 3000 2944 (vt
3027 2867 3226 2943 sciret)
3261 2864 3487 2943 potuit,

570 2966 763 3025 neque
804 2948 1058 3028 curauit,
1098 2948 1207 3010 nisi
1248 2949 1603 3011 medicantia
1642 2949 1986 3011 mediatoris
2025 2949 2224 3010 officia
2260 2952 2299 3010 a
2333 2960 2504 3041 patre
2543 2950 2784 3010 fuissent
2823 2947 3086 3009 instituta
3099 2991 3119 3024 ,
3152 2946 3486 3024 Prophetae

571 3027 695 3089 siue
748 3027 1030 3090 Doctoris
1044 3074 1062 3105 ,
1115 3031 1172 3088 &
1228 3029 1552 3091 sacerdotis
1566 3076 1585 3108 ,
1625 3031 1682 3092 δι
1719 3028 1901 3109 Regis
1940 3027 2068 3091 siue
2105 3028 2378 3091 Domini:
2421 3045 2544 3108 quo
2583 3038 2856 3109 respectu
2895 3030 3066 3089 Pater
3107 3044 3243 3088 eum
3283 3024 3492 3087 secisse

570 3106 897 3169 Dominum
940 3112 997 3169 δε
1035 3109 1337 3171 Christum
1376 3112 1415 3170 a
1453 3112 1630 3172 Petro
1672 3110 1904 3171 dicitur.
1946 3110 2080 3171 Act.
2123 3130 2176 3170 2.

659 3209 749 3247 10.
830 3188 1110 3249 Officium
1164 3190 1493 3267 Prophetae
1534 3200 1621 3251 est
1660 3208 1783 3268 quo
1830 3190 2098 3253 Christus
2135 3193 2172 3250 a
2210 3199 2376 3267 patre
2417 3188 2693 3265 mittitur,
2732 3188 2908 3249 nobis
2947 3188 3136 3248 factus
3175 3186 3492 3265 sapientia:

573 3270 629 3327 δι
683 3267 925 3329 veniens
963 3288 1075 3329 nos
1114 3270 1294 3331 docet
1335 3280 1522 3331 totam
1560 3269 1935 3332 vitiositatem
1948 3315 1967 3350 ,
2009 3268 2420 3332 necessitatem
2434 3314 2452 3345 ,
2491 3270 2550 3330 &
2589 3268 2811 3329 malum
2851 3278 3148 3344 nostrum,
3188 3269 3245 3327 δι
3287 3269 3493 3326 volun-

574 3358 756 3409 tatem
794 3348 910 3410 Dei
946 3347 1101 3409 vitiis
1139 3350 1455 3425 infensam,
1496 3349 1938 3412 necessitatibus
1978 3348 2440 3429 prospicientem
2453 3394 2471 3427 ,
2512 3352 2567 3410 δι
2589 3350 2746 3409 mala
2765 3350 3024 3427 perfecte
3043 3348 3306 3439 perfecto
3325 3347 3494 3406 bono

574 3437 1071 3489 commutauit-am
1111 3448 1219 3508 per
1254 3430 1505 3508 gratiam
1542 3447 1729 3493 suam.
1768 3432 1912 3491 Hoc
1952 3430 2218 3491 officium
2259 3428 2526 3490 Christus
2563 3428 2704 3490 inde
2739 3431 2778 3489 a
2811 3428 3130 3506 principio,
3150 3424 3492 3501 tolerantia,

580 3508 983 3569 misericordia
1022 3509 1077 3568 &
1120 3510 1239 3570 fide
1258 3510 1567 3590 maxima,
1607 3520 1822 3587 potens
1860 3509 2036 3571 dictis
2073 3511 2129 3570 δι
2169 3509 2363 3587 factis,
2401 3508 2679 3571 diuinitus
2719 3507 3034 3587 praestitit:
3075 3518 3203 3568 tum
3235 3505 3492 3567 mediate

581 3608 686 3667 per
746 3590 1073 3667 Prophetas
1094 3636 1111 3668 ,
1171 3592 1533 3669 ApostoloS,
1595 3593 1652 3651 &
1710 3588 1983 3651 homines
2041 3606 2312 3668 quosque
2359 3588 2474 3650 Dei
2521 3589 2603 3649 ad
2639 3587 3028 3649 ministerium
3067 3604 3302 3647 sacrum
3338 3585 3495 3646 illius

582 3668 761 3745 officij
802 3688 915 3746 pro
954 3688 1065 3729 suo
1105 3670 1352 3731 modulo
1390 3672 1737 3733 obeundum
1777 3680 2024 3733 vocatos
2065 3671 2143 3731 ab
2187 3668 2318 3749 ipso
2336 3715 2354 3748 ,
2398 3670 2556 3729 velut
2595 3668 2862 3729 Domino
2895 3671 2952 3729 δι
2983 3666 3175 3745 capite
3193 3664 3498 3727 Ecclesiae

580 3766 751 3809 suae:
793 3759 919 3809 tum
960 3748 1327 3828 immediate,
1368 3752 1551 3811 semel
1591 3751 1833 3828 quidem
1864 3750 1926 3810 in
1969 3770 2144 3811 came
2160 3797 2178 3827 ,
2221 3768 2406 3827 quum
2445 3750 2638 3810 factus
2677 3758 2768 3810 est
2809 3749 2870 3809 in
2911 3766 3090 3809 came
3111 3746 3500 3824 conspicuuS,

579 3847 812 3907 semper
853 3833 995 3890 vero
1040 3848 1149 3908 per
1188 3829 1470 3907 Spiritum
1510 3843 1814 3893 aeternum
1851 3848 2024 3890 suum
2042 3875 2059 3909 ,
2099 3847 2220 3907 quo
2259 3832 2317 3890 &
2357 3831 2555 3890 Deum
2595 3832 2799 3907 (quem
2833 3846 3012 3889 nemo
3046 3826 3194 3889 vidit
3213 3829 3500 3902 vnquam)

578 3909 907 3986 vnigenitus
955 3910 1053 3971 ille
1104 3908 1257 3971 filius
1296 3909 1399 3987 qui
1438 3922 1525 3971 est
1563 3910 1625 3971 in
1666 3910 1797 3971 sinu
1836 3910 2023 3971 Patris
2062 3908 2236 3971 nobis
2277 3908 2548 3987 exponit,
2587 3911 2644 3969 δι
2683 3928 2796 3970 nos
2835 3906 3000 3986 ipsos
3039 3907 3226 3968 nostri
3266 3904 3500 3967 nescios

574 3987 751 4049 nobis
788 3987 927 4066 ipsis
967 3988 1155 4068 aperit
1192 3990 1430 4051 salutari
1466 3989 1893 4051 illuminatione
1929 3990 2084 4050 illius
2097 4035 2115 4067 ,
2154 3989 2332 4049 etiam
2373 4006 2496 4067 quo
2527 4000 2798 4081 tempore
2819 3987 3018 4049 medio
3040 3984 3498 4066 praedicationis

578 4077 855 4129 externae
894 4068 1319 4132 informamurt
1349 4073 1406 4131 δε
1445 4070 1678 4132 rediens
1716 4071 1796 4132 ad
1834 4080 2066 4149 patrem
2105 4068 2396 4131 rationem
2435 4067 2693 4131 reddid1t
2734 4066 3044 4148 legationis
3081 4082 3245 4127 suae.

668 4166 758 4206 11.
840 4149 1118 4211 Officium
1177 4150 1513 4211 Sacerdotis
1568 4161 1691 4230 est,
1752 4168 1875 4229 quo
1926 4149 2195 4210 Christus
2243 4154 2282 4209 a
2320 4159 2486 4228 patre
2528 4148 2774 4210 mittitur
2814 4148 3077 4225 dicente,
3115 4155 3252 4224 pete
3289 4148 3327 4205 a
3365 4164 3496 4219 me,

581 4226 759 4304 item,
808 4236 873 4288 tu
914 4247 978 4289 es
1018 4230 1309 4290 Sacerdos
1348 4230 1409 4290 in
1450 4242 1779 4291 aeternum:
1822 4232 1990 4291 Psal.
2039 4250 2063 4289 1
2081 4248 2170 4291 10.
2211 4232 2267 4290 δι
2305 4240 2485 4308 prout
2521 4230 2732 4291 missus
2771 4239 2888 4308 est,
2928 4230 3132 4306 plenas
3171 4223 3495 4287 sacerdotis

588 4316 785 4386 partes
836 4314 906 4366 τά
953 4308 1092 4388 πρὸς
1132 4310 1282 4368 θεὸν
1322 4314 1421 4368 καὶ
1464 4312 1535 4368 τά
1576 4310 1718 4389 πρὸς
1759 4310 1905 4383 ἡμᾶς
1944 4301 2190 4388 permit.
2229 4310 2386 4371 Nam
2426 4308 2476 4370 si
2516 4310 2595 4370 ad
2636 4311 2834 4369 Deum
2873 4318 3104 4386 patrem
3143 4304 3493 4445 respexegis,

3217 4402 3384 4447 sacer
3426 4402 3498 4445 os
