3923 4875
513 227 626 288 262
1445 246 1770 292 ‘rursus
1832 245 2483 294 τπιοιοοισΑι.

509 405 698 466 modo
731 403 887 496 absit
924 402 1244 464 necessitas
1282 409 1338 468 δι
1377 404 1732 486 superstitio.
1772 409 1948 486 Quae
1986 407 2147 470 enim
2190 409 2308 469 fine
2343 427 2455 472 suo
2474 409 2899 488 destituuntur,
2932 411 2989 470 &
3010 411 3091 471 ad
3108 423 3421 490 peccatum

507 504 734 564 pronos
774 483 1056 544 inclinant
1094 485 1149 543 81
1188 485 1396 548 fouent
1435 490 1599 566 (cum
1639 487 1757 550 sint
1793 489 2119 570 ἀδιάφορα)
2156 488 2392 551 excindi
2432 489 2655 552 debent
2694 490 2879 552 instar
2920 491 3091 552 aenei
3120 495 3427 572 serpentis.

602 585 688 624 11.
771 567 1043 656 Materia
1085 564 1386 644 bispartita
1423 578 1542 648 est,
1583 567 1644 629 in
1684 577 1987 632 externam
2016 573 2075 632 δι
2092 569 2403 631 internam.
2450 571 2727 632 Externa
2744 580 2835 632 est
2854 569 3141 650 quioquid
3158 572 3431 636 sensibus

507 643 845 725 subiicitur,
883 661 1010 705 siue
1049 647 1392 738 symbolum
1430 648 1506 712 sit
1519 692 1538 727 ,
1577 647 1704 712 siue
1741 647 1900 710 actio
1915 691 1934 725 ,
1969 647 2095 712 siue
2119 651 2389 713 verbum.
2408 650 2764 728 Symbolum
2782 663 2873 714 est
2892 651 3037 712 illud
3058 654 3423 717 elementum

504 731 673 811 quod
733 745 914 792 manu
955 723 1204 788 ministri
1243 727 1717 790 communicatur
1755 726 2099 806 accipienti3
2140 731 2315 808 quale
2354 740 2445 792 est
2481 747 2641 809 aqua
2677 729 2739 792 in
2782 731 3118 810 Baptismo,
3158 733 3215 794 δι
3258 734 3429 812 panis

503 811 826 888 vinumque
883 806 946 867 in
984 805 1224 868 Coena:
1263 809 1432 887 quod
1471 809 1666 870 solum
1703 813 1743 870 a
1784 809 2047 886 pluribus
2088 807 2339 870 Materia
2379 809 2498 870 dici
2538 811 2707 872 solet.
2772 811 2955 872 Actio
2996 821 3087 874 est
3126 811 3227 874 illa
3268 833 3428 876 cere·

508 891 710 954 monia
769 885 1020 950 ministri
1080 886 1136 946 δι
1195 887 1460 950 fidelium
1497 888 1560 950 in
1601 887 1967 951 sacramenti
2007 888 2486 968 participatione,
2524 907 2680 969 quae
2718 902 3009 970 quatenus
3060 903 3305 954 externa
3342 905 3431 956 ωε

509 971 790 1034 materiae
827 967 1118 1029 rationem
1157 965 1366 1030 induit.
1406 970 1680 1030 Verbum
1719 979 1917 1030 autem
1959 979 2049 1030 est
2094 969 2342 1048 duplex,
2383 968 2762 1032 institutionis
2780 972 2839 1032 δι
2858 969 3289 1049 promissionis.
3330 975 3431 1035 Ad

510 1049 768 1130 primum
807 1047 1137 1108 referuntur
1176 1048 1318 1125 ista,
1357 1051 1478 1122 Ite,
1518 1049 1766 1127 docete,
1805 1047 2201 1129 baptizantes,
2242 1051 2353 1113 ὅτε.
2393 1051 2733 1112 Maskas.
2762 1071 2851 1128 19.
2890 1053 3097 1113 Marc.
3124 1056 3217 1115 16.
3244 1057 3431 1132 15.&,

513 1129 764 1210 Accepit
813 1146 1062 1208 panem,
1115 1127 1229 1190 διο.
1287 1130 1512 1192 Matth.
1564 1132 1658 1191 26.
1713 1131 1804 1190 26.
1869 1133 2051 1190 Marc.
2110 1147 2201 1206 14.
2254 1149 2346 1190 22.
2406 1132 2553 1190 Luc.
2608 1149 2703 1193 υ.
2762 1149 2851 1208 17.
2920 1149 2971 1192 1.
3014 1133 3151 1197 oor.
3200 1153 3292 1194 11.
3336 1154 3432 1208 24.

513 1211 614 1273 Ad
655 1209 984 1273 secundum
1023 1205 1165 1285 ista,
1203 1211 1274 1270 In
1312 1209 1558 1272 nomine
1595 1207 1810 1286 Patris,
1847 1212 1906 1271 &
1943 1209 2109 1286 Filij,
2148 1212 2207 1272 δι
2246 1207 2497 1289 Spiritus
2534 1209 2761 1272 Sancti:
2811 1213 2868 1273 δι
2910 1211 2971 1272 in
3010 1211 3250 1291 Coena,
3289 1215 3434 1276 Hoc

511 1301 602 1355 est
659 1305 879 1368 corpus
939 1303 1162 1350 meum.
1221 1289 1287 1366 (f.
1335 1293 1512 1366 ¹7²3)
1571 1289 1738 1369 quod
1798 1299 2043 1350 eatenus
2082 1301 2313 1352 tannim
2350 1309 2463 1368 pro
2502 1289 2747 1352 materia
2784 1293 3105 1370 habemus,
3144 1303 3433 1371 quatenus

511 1371 713 1434 auditu
771 1366 1120 1448 percipitur,
1180 1369 1238 1429 δι
1284 1368 1574 1432 sensibile
1630 1369 1914 1432 redditur.
1978 1368 2039 1429 Si
2096 1368 2257 1432 enim
2308 1387 2547 1432 sensum
2592 1368 2971 1450 respiciamus
2985 1417 3005 1450 ,
3041 1371 3153 1435 erit
3194 1373 3437 1436 materia

513 1452 772 1514 interna:
813 1447 866 1510 si
905 1447 1186 1512 vnionem
1225 1466 1364 1510 cum
1404 1448 1714 1512 elementis
1751 1451 1810 1510 δι
1847 1449 2200 1512 ceremoniis
2214 1496 2232 1528 ,
2272 1461 2401 1512 tum
2440 1451 2689 1512 formale
2728 1448 3051 1514 dicendum
3090 1462 3195 1513 est.

601 1552 692 1592 η.
774 1531 1126 1607 Symbolum
1177 1539 1410 1608 autem,
1449 1529 1782 1592 secundum
1821 1527 2200 1592 institutionis
2240 1547 2477 1592 sensum
2492 1575 2511 1608 ,
2548 1530 2689 1591 loco
2728 1532 2785 1592 δι
2825 1531 3079 1610 tempori
3117 1550 3435 1594 commune

514 1612 946 1692 approbamus,
1003 1609 1289 1686 quodque
1329 1610 1540 1688 vulgus
1581 1607 1949 1671 ordinarium
1989 1609 2174 1672 habet
2212 1609 2272 1670 in
2310 1629 2517 1672 mensa
2556 1609 2881 1670 ordinaria:
2922 1611 3064 1674 ideo
3105 1629 3212 1674 eos
3252 1610 3433 1674 reiici-

515 1709 678 1768 mus,
737 1701 1022 1767 tanquam
1077 1687 1336 1751 veritatis
1375 1689 1624 1769 inscios,
1661 1688 1770 1768 qui
1807 1697 1909 1750 aut
1945 1688 2477 1752 extraordinarium
2516 1699 2579 1748 vt
2618 1689 2912 1768 Pontificij
2928 1737 2947 1770 ,
2984 1701 3088 1752 aut
3126 1691 3434 1754 miraculo-

514 1789 646 1834 sum
705 1780 772 1830 vt
827 1768 1184 1846 Vbiquitarij
1199 1812 1218 1845 ,
1279 1769 1340 1830 in
1403 1771 1612 1832 Coena
1671 1767 1920 1831 Domini
1976 1778 2318 1831 statuerunt.
2381 1767 2705 1832 Reiicimus
2762 1771 2941 1832 etiam
2991 1771 3435 1834 Pontificiorum

515 1850 834 1931 Sophisma
889 1851 1204 1926 (Bellarm.
1267 1851 1336 1910 de
1371 1869 1628 1912 sacram.
1667 1851 1768 1914 lib.
1822 1869 1872 1910 1.
1913 1858 2043 1927 cap.
2094 1854 2207 1926 14.)
2247 1849 2351 1929 qui
2388 1853 2428 1911 a
2464 1849 2640 1912 nobis
2678 1849 2923 1930 exigunt
2960 1850 3262 1931 duplicem
3302 1872 3437 1931 pro·

516 1929 886 2008 missionem3
944 1947 1122 1992 vnam
1158 1930 1649 2009 praecedentem,
1690 1939 1756 1991 vt
1793 1930 2061 2006 diploma
2098 1929 2355 2009 sig-illum
2369 1972 2388 2008 ,
2427 1947 2582 2008 quae
2620 1931 2817 1992 effecti
2854 1930 3146 1994 rationem
3184 1933 3432 1994 habeat:

513 2013 762 2073 alteram
797 2020 1172 2088 praesentem
1211 2013 1300 2088 (vt
1331 2008 1415 2070 ita
1443 2011 1680 2088 loquar)
1712 2026 1866 2103 quae
1885 2007 2195 2088 promittat
2214 2009 2469 2088 sigillum
2487 2012 2617 2072 fore
2632 2011 2847 2074 efficax
2864 2011 3434 2105 adimprimendum.

515 2093 672 2152 cum
731 2089 890 2150 enim
949 2091 1200 2152 verbum
1238 2099 1366 2151 tum
1405 2089 1818 2170 institutionis,
1855 2099 1984 2150 tum
2025 2089 2435 2182 promissionis
2474 2088 2745 2152 additum
2782 2093 3086 2154 elementis
3124 2091 3341 2152 efficiat
3376 2102 3441 2152 vt

517 2171 636 2233 sint
693 2168 912 2249 sigilla,
971 2180 1250 2232 manente
1309 2181 1510 2232 tamen
1567 2171 1794 2250 integra
1847 2170 2241 2248 promissione
2278 2171 2357 2232 de
2398 2171 2639 2248 effectu,
2683 2187 2837 2249 quae
2876 2181 2967 2233 est
3000 2170 3064 2231 in
3102 2169 3439 2250 Baptismo,

517 2255 588 2312 In
648 2247 893 2312 nomine
954 2250 1140 2312 Patris
1201 2253 1314 2312 &c.
1359 2249 1420 2311 in
1457 2250 1705 2327 Coena,
1745 2252 1892 2312 Hoc
1925 2259 2018 2311 est
2056 2268 2275 2344 corpus
2315 2269 2541 2329 meum,
2578 2251 2694 2313 ὅτε.
2734 2267 3021 2329 quorsum
3058 2260 3269 2329 petunt
3307 2270 3442 2329 pro—

518 2330 883 2475 mmgffiffi.
901 2329 1315 2490 sim?
1329 2340 1431 2473 :aa
1455 2328 2492 2490 emmeramme
2426 2349 2554 2471 ω.
2580 2332 3129 2474 marum*
3054 2343 3437 2491 ”aas

516 2492 780 2572 priorem
839 2488 1002 2553 illam
1061 2509 1242 2570 quam
1301 2501 1616 2571 expetunt,
1673 2490 1788 2553 nisi
1843 2501 1907 2552 vt
1966 2492 2167 2553 salutis
2224 2502 2463 2553 nostrae
2511 2489 2923 2553 certitudinem
2960 2491 3137 2555 nobis
3170 2493 3439 2555 adimant

519 2570 744 2633 astutiis
785 2571 933 2649 suia,
973 2572 1122 2632 dum
1159 2581 1223 2632 vt
1250 2582 1559 2665 ,praestare
1595 2590 1740 2666 non·
1757 2566 2044 2663 possunt?
2114 2649 2128 2663 ·
3423 2650 3438 2665 .

518 2652 1406 2825 defiginussmpgrmfiffiffig
1405 2661 1630 2793 ‘12:210‘111
1627 2730 1726 2823 pia
1761 2650 1914 2804 cifis,
1953 2650 2921 2824 Joanssffi'sfi‘f‘htissfffdnffnffffl
2948 2654 3122 2793 ξίιὲἒὶ
3144 2668 3369 2793 &ima
3404 2734 3445 2793 s

519 2814 722 2874 radice
781 2830 843 2872 in
893 2830 1102 2873 omnes
1151 2830 1291 2873 suos
1341 2830 1542 2873 ramos
1581 2811 2020 2873 diffunduntur:
2060 2819 2121 2870 et
2159 2823 2241 2872 ita
2278 2810 2519 2873 tandem
2560 2830 2619 2872 m
2664 2812 2843 2871 nobis
2879 2812 3105 2873 fructus
3142 2813 3445 2874 bonorum

519 2909 771 2972 operum
810 2893 1104 2970 formant,
1141 2892 1198 2952 δι
1243 2903 1578 2986 procreant:
1832 2969 1846 2983 ·
1912 2968 1926 2981 ⁶
2234 2970 2249 2985 .
2294 2970 2307 2985 ⁰
2440 2969 2454 2983 υ

521 2992 696 3115 ..st
717 2973 1623 3143 affiaffimnssss‘ffloss
1653 2970 3446 3142 2ffi¹⁸332¹3⁶fflffl¹3113ffi33a2ff132mffl

519 3134 624 3195 dat
665 3132 758 3193 vel
791 3132 1087 3223 promittit
1123 3133 1290 3193 Deus
1330 3148 1652 3210 qumquam
1689 3132 1996 3191 elementis
2010 3173 2027 3208 ,
2068 3130 2173 3191 sed
2211 3131 2485 3193 fidelibus
2524 3131 2891 3211 viuentibus,
2926 3130 2985 3191 δι
3023 3131 3239 3193 frustra
3268 3148 3445 3210 quae-

520 3213 664 3274 ritur
703 3229 810 3290 qm
845 3212 1280 3291 apprehendat,
1318 3210 1423 3273 vbi
1459 3211 1764 3289 ignoratur
1801 3210 1945 3288 quid
1983 3210 2567 3289 apprehendendum.
2612 3210 2881 3272 Verbum
2918 3220 3121 3271 autem
3150 3208 3299 3271 illud
3324 3214 3447 3289 qua

521 3290 874 3355 concionale
887 3338 906 3371 ,
948 3310 1072 3353 non
1111 3302 1202 3353 est
1240 3293 1432 3355 forma
1470 3291 1568 3353 vel
1607 3289 1928 3352 essentialis
1968 3308 2105 3383 pars
2145 3288 2509 3352 Sacramenti
2522 3335 2542 3369 ,
2580 3290 2691 3351 sed
2729 3290 2809 3352 de
2848 3289 3131 3352 essentia:
3172 3308 3285 3351 nec
3304 3289 3445 3351 vu'le

521 3374 784 3451 tantum,
843 3372 948 3433 scd
1005 3375 1064 3434 δι
1113 3370 1540 3433 necessarium:
1593 3370 1760 3449 quod
1795 3379 1928 3431 tum
1974 3388 2101 3449 lpse
2142 3369 2411 3433 Christus
2448 3368 2655 3432 secisse
2693 3369 2931 3432 videtur
2964 3380 3103 3431 ante
3142 3370 3444 3449 Coenam,

519 3454 660 3515 licet
699 3470 822 3513 non
865 3450 1252 3531 exprimatur:
1293 3450 1434 3530 quia
1469 3468 1702 3512 summa
1739 3459 1971 3511 tantum
2004 3448 2199 3529 capita
2219 3460 2639 3513 recensuerunt
2660 3448 3105 3530 Euangelistae,
3122 3452 3263 3511 cum
3284 3468 3445 3511 man-

522 3532 687 3595 dauit
726 3530 1064 3611 Apostolis,
1103 3534 1364 3610 Doccte,
1403 3530 1737 3610 Baptizate:
1790 3547 1946 3607 quae
1986 3532 2125 3592 cum
2165 3528 2431 3593 Christus
2470 3529 2873 3610 coniunxerit,
2910 3528 3133 3591 nemini
3171 3528 3284 3590 erit
3323 3528 3444 3591 lici·

523 3624 651 3674 tum
672 3632 782 3691 pro
803 3610 972 3673 libitu
991 3611 1344 3691 disiungere.
1371 3612 1673 3674 Corruunt
1695 3628 1840 3688 ergo
1861 3627 2071 3672 eorum
2091 3610 2461 3690 Sophismata
2480 3611 2538 3672 δι
2558 3608 2727 3690 quasi
2746 3608 2979 3689 magica
2994 3608 3154 3671 circa
3172 3609 3447 3687 sybolum

523 3693 880 3754 incantatio:
903 3710 1034 3753 .nec
1067 3692 1306 3754 tacitam
1319 3736 1338 3771 ,
1371 3691 1494 3753 imo
1511 3710 1637 3752 non
1655 3690 2017 3752 intellectam
2038 3691 2651 3753 obmurmurationem
2671 3700 2997 3751 sustentare
3017 3691 3173 3751 valet
3191 3690 3451 3751 absurda

522 3772 824 3835 excusatio
838 3818 857 3851 ,
895 3771 1122 3834 seilicet
1161 3772 1212 3833 si
1256 3774 1452 3833 Deum
1492 3782 1724 3833 tantum
1759 3770 2076 3849 inuocare,
2120 3770 2223 3849 qui
2262 3771 2403 3833 satis
2441 3772 2617 3831 callet
2654 3769 2931 3831 Latinam
2968 3768 3250 3848 linguam.

611 3871 698 3933 15·
781 3854 1011 3913 Forma
1051 3862 1140 3913 est
1179 3853 1426 3930 duplex,
1464 3862 1708 3913 externa
1747 3851 1804 3911 δι
1843 3850 2092 3911 interna.
2132 3853 2401 3913 Externa
2438 3862 2529 3911 est
2566 3848 2889 3911 essentialis
2928 3850 3023 3910 vel
3052 3848 3447 3911 accidentalis.

523 3931 864 3994 Essentialis
913 3943 1004 3993 est
1057 3935 1304 3994 verbum
1359 3930 1734 3994 institutionis
1789 3934 1846 3993 δι
1885 3929 2297 4009 promissionis
2310 3976 2328 4008 ,
2369 3931 2447 3992 de
2484 3948 2607 4009 quo
2646 3932 2803 3991 bene
2840 3927 3232 4009 Augustinus,
3272 3936 3447 3989 naci.

517 4018 616 4075 80.
657 4016 720 4073 in
761 4013 937 4074 Ioan.
972 4014 1221 4073 accedat
1257 4013 1509 4074 verbum
1546 4012 1626 4073 ad
1665 4013 2025 4073 elementum
2062 4014 2118 4073 δι
2154 4012 2220 4072 fit
2238 4011 2707 4073 Sacramentum.
2748 4011 2859 4071 Per
2876 4011 2998 4071 hoc
3016 4008 3178 4069 enim
3198 4019 3449 4070 externa

522 4092 822 4157 sensibilia
874 4093 1290 4185 proprietatem
1332 4092 1506 4153 istam
1545 4091 1844 4171 accipiunt
1861 4136 1877 4167 ,
1917 4100 1985 4153 vt
2020 4090 2139 4152 iam
2177 4090 2343 4169 signa
2383 4090 2498 4152 sint
2539 4106 2735 4151 rerum
2778 4087 3161 4151 inuisibilium
3177 4134 3199 4167 ,
3234 4087 3341 4150 vbi
3376 4108 3453 4150 ex

517 4184 724 4237 natura
781 4192 886 4233 sua
945 4171 1090 4313 mdm
1135 4174 1252 4234 tale
1303 4172 1695 4252 significarent
1710 4217 1728 4250 ,
1777 4191 1901 4233 non
1944 4170 2315 4232 infundendo
2360 4186 2579 4231 nouam
2616 4168 2877 4247 aliquam
2916 4169 3265 4248 qualitatem
3280 4214 3299 4248 ,
3340 4168 3449 4230 sed

521 4266 750 4317 tantum
791 4265 992 4315 mutan
1037 4271 1078 4317 o
1115 4269 1304 4315 vsum.

3120 4332 3213 4391 16.
3291 4329 3452 4390 Nam
