3923 4875
633 330 747 386 268
1570 340 1899 384 ‘rntsss
1956 339 2618 386 Tnaotoorcaz.

621 503 921 579 vtriusque
966 501 1175 562 eadem
1216 500 1506 578 efficacia,
1548 501 1607 560 in
1629 511 1879 579 vtroque
1900 503 2146 562 medem
2167 501 2618 580 promissiones,
2637 501 2797 562 idem
2818 501 3304 576 fundamentum,
3335 499 3570 560 Coloss.

628 605 679 643 2.
730 605 751 642 1
770 604 819 642 1.
868 603 957 642 12.
998 601 1111 642 nec
1150 583 1310 643 aliud
1348 582 1424 643 sit
1462 599 1681 660 corpus
1721 595 2104 660 peccatorum
2145 582 2338 642 carnis
2377 601 2593 643 exuere
2633 602 2738 659 per
2770 581 3298 642 circumcisionem
3317 626 3335 658 ,
3373 585 3564 658 quam

620 663 906 741 baptizari
946 661 1003 722 in
1047 673 1299 723 mortem
1342 662 1585 738 Christi,
1627 661 1861 740 sepeliri
1902 681 2038 722 cum
2080 662 2320 724 Christo
2363 683 2467 741 per
2504 661 2906 740 Baptismum,
2937 679 3074 721 cum
3111 679 3184 721 eo
3209 679 3556 738 resurgere,

624 748 679 805 δι
719 741 1030 803 viuificari:
1073 742 1375 804 Continuo
1414 743 1702 822 sequitur,
1742 753 1843 804 aut
1882 742 2272 820 baptizandos
2309 762 2436 804 esse
2475 743 2728 803 infantes
2770 743 2880 803 sub
2919 741 3250 819 Euangelio
3265 787 3282 815 ,
3317 741 3424 818 qui
3447 740 3564 800 cir·

626 824 1113 884 cumcidebantur
1162 825 1274 885 sub
1313 825 1505 902 Lege,
1545 833 1649 884 aut
1686 821 1902 884 Christi
1943 824 2204 884 aduentu
2244 823 2644 904 angustiorem
2682 825 2898 882 factam
2939 841 3068 883 esse
3107 821 3362 900 gratiam
3403 820 3526 882 Dei
3546 867 3566 892 ,

624 904 789 982 quod
828 901 1315 964 absurdissimum
1356 915 1464 964 est.

708 1005 765 1058 4.
847 985 1159 1044 Praeterea
1196 981 1415 1044 Christi
1452 981 1635 1061 ipsius
1674 985 1894 1043 factum
1936 983 2136 1043 firmas
2177 982 2354 1044 nobis
2393 981 2730 1061 suppeditat
2769 981 3042 1042 rationes.
3085 983 3297 1042 Matth.
3345 1001 3439 1058 19.
3471 1000 3564 1054 14.

641 1080 729 1141 15.
794 1063 963 1139 Quos
1006 1063 1170 1123 iussit
1206 1063 1501 1124 Dominus
1539 1064 1618 1124 ad
1656 1082 1721 1124 se
1759 1061 2010 1141 adduci,
2051 1081 2156 1124 eos
2193 1062 2318 1123 iure
2355 1065 2434 1125 ab
2475 1082 2550 1124 eo
2591 1081 2794 1123 arcere
2833 1081 2958 1122 non
2999 1078 3343 1138 possumuS,
3380 1061 3565 1121 dene·

625 1145 823 1222 gando
878 1141 961 1203 eis
1013 1142 1380 1220 Baptismum
1398 1189 1415 1220 ,
1472 1161 1595 1220 quo
1648 1143 1709 1203 in
1762 1143 2096 1204 Ecclesiam
2135 1143 2201 1203 fit
2239 1143 2432 1204 aditus
2447 1189 2464 1222 ,
2505 1152 2747 1221 quoque
2785 1142 2846 1202 in
2887 1141 3187 1202 Christum
3229 1141 3564 1201 inserimur.

629 1225 799 1300 Quos
852 1223 1156 1300 amplexus
1208 1234 1329 1303 est,
1370 1222 1703 1301 quibusque
1746 1239 1954 1284 manus
1993 1223 2302 1302 imposuit,
2343 1221 2651 1299 (familiare
2695 1221 2854 1284 enim
2893 1233 3036 1282 tunc
3075 1232 3202 1281 erat
3243 1223 3364 1283 hoc
3405 1240 3567 1298 sym-

627 1307 870 1380 bolum,
912 1305 967 1363 81
1007 1302 1146 1362 huic
1188 1315 1397 1363 nostro
1439 1307 1787 1382 cognatum)
1826 1321 1933 1363 eos
1974 1305 2356 1364 Sacramento
2395 1305 2514 1364 hoc
2555 1307 2610 1364 δι
2649 1302 2834 1382 gratia
2867 1301 3003 1381 sua,
3023 1319 3206 1379 quam
3229 1299 3300 1362 iis
3317 1303 3566 1362 abunde

628 1394 871 1444 testatus
912 1393 1028 1460 est,
1068 1382 1418 1444 interdicere
1458 1383 1779 1444 absurdum
1820 1394 1992 1444 esset.
2048 1385 2218 1460 Quos
2251 1383 2518 1444 Christus
2556 1383 2972 1445 benedictione
3012 1385 3068 1443 &
3110 1381 3389 1458 precibus
3425 1383 3566 1441 Deo

626 1462 997 1524 consecrauit
1015 1507 1032 1536 ,
1086 1460 1221 1523 illos
1256 1461 1494 1523 Christo
1508 1508 1525 1542 ,
1568 1462 1843 1542 precibus
1884 1463 2190 1524 Ecclesiae
2229 1467 2286 1524 &
2327 1464 2710 1524 Sacramento
2750 1462 3044 1539 ingressus
3085 1461 3146 1522 in
3185 1461 3564 1523 communio-

628 1563 769 1604 nem
811 1540 1067 1602 foederis
1084 1587 1102 1620 ,
1140 1544 1564 1604 commendare
1582 1563 1706 1604 non
1726 1545 2070 1604 verendum.
2113 1545 2388 1620 Quorum
2407 1555 2498 1604 est
2521 1561 2766 1621 regnum
2788 1545 3124 1620 coelorum,
3145 1541 3232 1602 eis
3253 1540 3567 1626 Ecclesiae

628 1623 821 1698 (cuius
884 1622 1155 1682 membra
1206 1621 1343 1683 facti
1358 1669 1377 1700 ,
1428 1624 1793 1684 cohaeredes
1832 1623 1998 1701 regni
2036 1625 2345 1685 coelorum
2387 1624 2628 1686 tandem
2670 1622 2850 1683 futuri
2889 1627 3050 1698 sunt)
3092 1623 3320 1682 aditum
3359 1623 3564 1681 occlu-

631 1705 802 1780 dere,
842 1701 1089 1780 impium
1132 1713 1302 1765 esset.
1354 1701 1599 1763 Dictum
1638 1703 1815 1765 etiam
1856 1704 2165 1783 Apostoli,
2202 1716 2552 1783 argumento
2591 1703 2768 1765 nobis
2807 1714 2896 1764 est
2935 1703 3014 1762 ad
3051 1703 3207 1762 hanc
3246 1722 3374 1762 rem
3421 1700 3564 1761 vali-

635 1783 901 1844 dissimo.
942 1781 1005 1840 Si
1048 1781 1207 1841 enim
1247 1781 1307 1841 in
1349 1783 1567 1844 Christi
1606 1801 1821 1860 corpus
1852 1783 2189 1862 baptizandi
2221 1803 2432 1844 omnes
2466 1783 2665 1860 electi,
2687 1783 2736 1844 si
2755 1801 2962 1844 omnes
2983 1782 3289 1844 Christum
3311 1782 3563 1842 induere

636 1865 887 1940 debent,
927 1860 1178 1922 infantes
1217 1881 1343 1921 non
1384 1881 1551 1923 secus
1590 1883 1663 1924 ac
1700 1863 1887 1924 adulti
1902 1909 1919 1942 ,
1958 1882 2066 1926 eos
2103 1867 2142 1924 a
2181 1863 2402 1926 Christi
2441 1884 2694 1942 corpore
2734 1882 3032 1942 separare,
3075 1865 3132 1923 δι
3173 1863 3414 1923 Christo
3433 1880 3562 1921 non

644 1942 931 2018 inserere,
971 1942 1294 2002 nexandum
1334 1954 1505 2004 esset.

718 2039 772 2099 5.
855 2021 953 2080 Ad
993 2021 1145 2081 haee
1183 2024 1453 2100 generale
1496 2022 1713 2084 Christi
1750 2023 2099 2084 mandatum
2138 2042 2250 2101 pro
2272 2024 2446 2086 nobis
2471 2024 2629 2084 facit.
2668 2023 2950 2100 Profecti,
2971 2021 3161 2099 inquit
3175 2067 3192 2099 ,
3214 2022 3568 2112 Disctpulas

628 2103 820 2181 facite
878 2103 975 2162 vel
1016 2103 1203 2162 docete
1252 2122 1443 2162 omnes
1483 2111 1686 2180 gentes
1699 2149 1716 2182 ,
1770 2106 1883 2165 ὅτε.
1924 2105 2136 2164 Matth.
2184 2107 2277 2165 28.
2326 2124 2414 2182 19.
2459 2102 2556 2164 Sic
2595 2103 2755 2163 enim
2795 2113 3000 2181 gentes
3039 2103 3100 2162 in
3139 2101 3347 2162 foedus
3385 2099 3570 2161 inseri

642 2183 834 2259 iubet,
876 2191 941 2241 vt
980 2197 1117 2241 cum
1156 2180 1240 2242 eis
1286 2201 1493 2243 eorum
1543 2183 1793 2254 infantes
1834 2183 1949 2267 sint
1991 2184 2247 2245 foederis
2289 2182 2619 2262 participes
2661 2185 2814 2244 Nam
2855 2182 2906 2244 si
2943 2191 3256 2262 parentum
3287 2180 3530 2242 nomine
3547 2225 3566 2254 ,

646 2262 742 2338 filij
806 2261 866 2320 in
928 2261 1113 2322 veteri
1170 2264 1583 2342 Testamento,
1645 2283 1720 2324 ex
1773 2263 2042 2324 Ecclesia
2095 2263 2212 2325 Dei
2257 2283 2382 2325 esse
2424 2265 2847 2342 censebantur,
2885 2262 3043 2323 idem
3081 2261 3194 2322 erit
3233 2261 3412 2321 etiam
3453 2261 3568 2319 sub

643 2360 826 2402 nouo.
868 2341 1153 2402 Foederis
1194 2343 1353 2403 enim
1395 2360 1534 2402 cum
1573 2342 1919 2404 Abrahamo
1958 2342 2088 2404 initi
2129 2355 2368 2405 aeterna
2409 2353 2498 2404 ωε
2537 2343 2750 2404 veritas
2770 2345 2826 2403 δι
2849 2342 3204 2418 substantia,
3226 2341 3336 2401 etsi
3357 2343 3572 2400 Sacra-

643 2432 978 2483 mentorum
1018 2431 1261 2483 externa
1304 2425 1499 2483 forma
1538 2434 1761 2485 mutata
1800 2423 1997 2485 fuerit.
2041 2424 2267 2486 Omnes
2298 2425 2558 2502 denique
2579 2423 2860 2503 baptizari
2879 2423 3072 2501 iubet,
3095 2440 3250 2499 quos
3268 2422 3330 2483 in
3352 2421 3566 2482 foedus

636 2502 983 2563 asciuissent
1039 2502 1332 2581 Apostoli.
1394 2506 1652 2565 Infantes
1704 2524 1829 2565 non
1868 2504 2149 2566 excludit.
2208 2507 2394 2566 Porro
2435 2504 2681 2565 familias
2719 2504 2976 2583 integras
3015 2504 3342 2581 baptizatas
3381 2501 3560 2561 fuisse

635 2582 914 2661 legimus:
952 2582 1209 2643 familiae
1249 2593 1449 2643 autem
1488 2584 1731 2644 nomine
1770 2586 2024 2646 infantes
2062 2585 2354 2645 contineri
2390 2603 2570 2645 nemo
2611 2602 2785 2645 sanus
2818 2584 3076 2661 negabit.
3115 2585 3194 2642 Et
3215 2592 3564 2659 perpetuam

636 2664 793 2723 hanc
854 2662 1030 2722 fuisse
1089 2662 1390 2723 Ecclesiae
1442 2664 1967 2743 consuetudinem,
2017 2674 2194 2725 testes
2233 2666 2519 2725 habemus
2561 2663 2880 2742 Origenem
2897 2710 2913 2737 ,
2953 2666 3048 2723 lib.
3091 2680 3145 2741 5.
3189 2666 3249 2722 in
3286 2664 3460 2721 Rom.
3501 2663 3562 2719 6.

640 2742 1032 2820 Cyprianum,
1074 2743 1170 2802 lib.
1214 2762 1272 2819 3.
1313 2746 1477 2824 epist.
1517 2746 1575 2805 8.
1618 2745 2082 2822 Hieronymum,
2124 2746 2222 2806 lib.
2264 2764 2320 2821 3.
2361 2753 2568 2805 contra
2610 2746 2819 2821 Pelag.
2873 2744 3338 2819 Nazianzenum,
3389 2741 3560 2801 Orat.

638 2826 700 2883 in
738 2832 997 2882 sanctum
1039 2823 1365 2883 lauacrum.
1406 2824 1683 2884 Basilium
1699 2870 1716 2901 ,
1746 2825 1920 2886 Orat.
1956 2826 2359 2885 exhortatoria
2378 2826 2466 2884 ad
2477 2827 2858 2902 Raptis-mum.
2900 2821 3297 2901 Augusfinum
3311 2866 3328 2898 ,
3349 2822 3485 2881 Lib.
3513 2840 3566 2879 ι.

643 2904 711 2961 de
760 2904 905 2963 Gen.
948 2912 1073 2979 cap.
1114 2922 1170 2979 3.
1219 2904 1296 2963 ὁ·
1334 2904 1436 2965 lib.
1474 2923 1529 2976 4.
1586 2906 1655 2963 de
1691 2908 1868 2985 Bapt.
1908 2924 1953 2965 c.
2001 2924 2095 2979 24.
2144 2906 2201 2964 &
2242 2904 2402 2964 varia
2441 2903 2731 2965 Concilia.
2777 2902 2986 2965 Concil.
3031 2904 3274 2962 Milem't.
3323 2900 3465 2961 Can.
3509 2920 3565 2962 π.

657 2983 1063 3042 Gerundinum
1080 3028 1097 3057 ,
1140 2984 1283 3043 Gan.
1330 2998 1385 3061 5.
1428 2985 1553 3045 &a

719 3062 777 3121 6.
860 3060 1165 3121 Obiiciunt
1202 3062 1549 3141 aduersarii,
1592 3080 1879 3141 nusquam
1920 3063 1982 3123 in
2022 3064 2322 3141 Scriptura
2362 3062 2636 3141 imperari
2665 3062 3226 3140 Paedobaptismum
3247 3078 3361 3119 nec
3383 3060 3566 3119 vllum

639 3137 1073 3218 baptizatorum
1111 3142 1423 3203 infantium
1465 3146 1802 3221 exemplum
1844 3155 2064 3203 extare.
2104 3144 2592 3222 Respondemus),
2635 3141 2768 3203 Alia
2807 3142 2868 3209 in
2911 3140 3224 3218 Scripturis
3251 3139 3370 3199 dici
3391 3138 3566 3215 expli-

645 3222 759 3280 cite
779 3294 787 3301 -
809 3224 864 3281 &
918 3220 997 3279 ad
1052 3220 1281 3283 literam
1296 3266 1314 3301 ,
1356 3224 1473 3283 alio
1514 3221 1826 3301 implicite,
1866 3240 2020 3301 quae
2061 3224 2424 3300 necessario,
2463 3243 2538 3283 ex
2587 3223 2800 3301 apertis
2841 3222 3178 3298 Scripturae
3217 3218 3568 3279 testimoniis

638 3300 967 3360 secundum
1007 3300 1144 3360 fidei
1183 3302 1549 3381 analogiam,
1591 3304 2049 3364 concluduntur.
2091 3303 2427 3381 Baptismus
2465 3302 2776 3363 infantium
2799 3321 2935 3363 cum
2955 3300 3185 3361 interna
3205 3304 3260 3361 δι
3281 3296 3564 3377 spirituali

643 3380 981 3457 Scripturae
1017 3379 1264 3441 veritate
1304 3382 1603 3443 conuenit.
1665 3385 1819 3443 Nam
1862 3382 1999 3443 licet
2041 3402 2379 3460 expressum
2421 3401 2544 3443 non
2589 3383 2914 3443 habeamus
2954 3381 3328 3457 mandatum,
3369 3390 3566 3439 tamen

640 3459 933 3519 habemus
969 3462 1240 3537 generale
1272 3462 1347 3521 de
1390 3460 1759 3539 baptizandis
1800 3462 2078 3523 omnibus
2118 3462 2446 3524 foederatis.
2507 3462 2711 3523 Posito
2751 3473 2950 3522 autem
2989 3470 3120 3522 toto
3160 3458 3336 3521 etiam
3369 3476 3565 3520 neces-

643 3538 796 3599 sario
839 3550 1139 3616 ponuntur
1180 3551 1406 3619 parteS,
1449 3540 1557 3602 etsi
1596 3561 1721 3602 non
1762 3544 1863 3603 fiat
1902 3559 2108 3603 earum
2138 3543 2446 3621 singularis
2467 3541 2854 3603 enumeratio,
2895 3538 3132 3602 Deinde
3153 3540 3202 3600 si
3223 3538 3565 3599 mandatum

645 3630 734 3677 est
794 3619 906 3678 sub
966 3620 1128 3697 Lege
1186 3619 1262 3680 de
1310 3620 1801 3683 circumcidendis
1843 3621 2189 3702 infantibus,
2231 3622 2290 3684 in
2334 3642 2407 3682 eo
2450 3622 2630 3682 etiam
2671 3621 2782 3682 erit
2823 3623 2898 3683 de
2937 3618 3349 3698 baptizandis:
3411 3617 3568 3694 Quia

645 3713 829 3776 quum
871 3697 1137 3775 perpetui
1181 3699 1256 3759 sit
1298 3700 1438 3761 iuris
1474 3700 1535 3762 in
1576 3701 1877 3780 Ecclesia,
1914 3701 2239 3764 infantibus
2282 3701 2581 3781 obsignari
2622 3702 2869 3771 foedus;
2910 3706 3210 3779 quumque
3231 3700 3564 3760 Sacramen-

644 3788 771 3837 tum
824 3788 989 3837 vetus
1028 3778 1315 3839 abolitum
1356 3780 1457 3857 sit,
1494 3799 1740 3842 necesse
1782 3792 1869 3842 est
1908 3793 1974 3842 vt
2013 3799 2175 3843 nouo
2219 3782 2384 3862 quod
2421 3782 2636 3845 veteris
2677 3780 2737 3842 in
2775 3783 2977 3842 locum
3020 3778 3304 3841 successit
3317 3824 3335 3853 ‚
3376 3779 3568 3869 obsig-

642 3868 834 3917 netur.
894 3858 1183 3935 Exempla
1222 3859 1553 3937 requirunt:
1596 3860 1715 3922 Sed
1756 3880 1867 3922 nos
1906 3861 2251 3941 asserimus,
2291 3864 2394 3925 vbi
2431 3874 2568 3923 sunt
2603 3864 2767 3941 leges
2809 3864 2864 3922 81
2945 3870 3253 3939 raecepta,
3287 3860 3568 3935 exemplis

642 3935 786 3996 nihil
840 3952 991 4015 opus
1044 3955 1203 3998 esse:
1259 3939 1463 4014 Quum
1504 3939 1779 4017 probatio
1821 3958 1974 4020 quae
2015 3958 2120 4017 per
2161 3944 2391 4021 regulas
2433 3944 2500 4004 fit
2537 3944 2720 4021 longe
2758 3940 2832 4001 sit
2871 3880 2944 4003 eg
2982 3937 3208 4019 potior,
3247 3956 3404 4017 quae
3447 3936 3566 3997 fieri

652 4025 879 4094 potest,
922 4033 1029 4093 per
1070 4020 1361 4095 exempla.
1420 4020 1549 4080 Nec
1590 4032 1786 4081 tamen
1830 4024 2045 4081 desunt
2060 4068 2076 4100 ,
2119 4032 2182 4082 vt
2221 4022 2339 4083 iam
2379 4022 2663 4100 diximus,
2702 4022 3062 4101 integrarum
3102 4018 3456 4079 familiarum
3496 4018 3568 4078 ab

652 4094 958 4185 Apostolis
1013 4095 1441 4184 baptizatamm
1457 4144 1473 4177 ,
1534 4098 1659 4161 sine
1708 4100 2059 4179 exceptione
2111 4102 2440 4164 infantium.
2493 4101 2762 4161 Dicimus
2811 4100 3068 4180 denique
3109 4120 3183 4160 ex
3222 4096 3570 4160 authoritate

660 4176 935 4251 negatiue
974 4175 1119 4234 mhil
1160 4178 1457 4238 concludi.

736 4270 789 4327 7.
868 4250 1095 4315 Dicunt
1151 4256 1391 4335 insuper
1450 4257 1817 4335 Baptismum
1866 4259 2099 4339 signum
2154 4281 2280 4323 esse
2329 4260 2494 4340 fidei,
2533 4259 2959 4339 poenitentiae,
2993 4261 3049 4319 &
3089 4256 3564 4337 regenerationis

656 4332 808 4393 Cum
869 4341 1065 4392 autem
1118 4334 1369 4397 infantes
1422 4336 1637 4398 horum
1676 4358 1923 4417 capaces
1965 4359 2089 4402 non
2129 4341 2271 4420 sint,
2311 4360 2424 4402 nec
2463 4340 2750 4419 baptizari
2787 4339 2964 4401 etiam
3003 4340 3222 4401 debere
3261 4340 3327 4414 (f.
3362 4341 3564 4479 c3734)-

3115 4422 3358 4497 Respon
3405 4434 3563 4479 emus
