3923 4875
634 59 748 112 412
1702 53 2110 99 :nantuel
2171 55 2384 98 PARS
2439 55 2480 97 1.

626 212 745 276 viui
804 225 969 291 sunt,
1028 226 1091 274 vt
1146 217 1187 274 a
1250 216 1425 274 Petro
1482 215 1872 292 appellantur,
1932 233 2006 274 ex
2063 213 2280 291 quibus
2337 223 2788 292 coagmentatur
2850 211 2963 274 Dei
3001 213 3258 274 viuentis
3301 213 3549 275 domus.

632 315 685 356 1.
725 296 849 354 Pet.
896 313 949 354 2.
994 310 1047 371 5.
1088 291 1383 385 Lapidum
1421 305 1619 354 autem
1658 293 1873 371 quibus
1912 304 2234 355 structores
2272 293 2334 354 in
2375 293 2886 354 aedificationibus
2925 303 3190 384 Vtuntur,
3219 293 3450 372 duplex
3469 305 3566 357 est

622 374 802 453 ratio,
843 385 1008 434 extra
1048 391 1229 451 opus,
1268 375 1325 432 δι
1362 373 1425 434 ιιι
1464 391 1659 466 opere.
1701 377 1830 434 Iam
1868 373 2126 451 primum
2165 373 2350 452 sparsi
2387 377 2446 434 &
2485 375 2744 436 iacentes
2783 373 2845 433 in
2883 391 3032 450 agro
3072 374 3304 450 lapide-s
3348 373 3556 435 viden-

624 465 738 530 tur,
775 452 879 531 qui
916 453 991 513 ad
1032 464 1384 514 structuram
1428 452 1701 514 adhiberi
1754 463 2032 548 possunt.
2071 455 2207 531 post
2248 453 2310 513 in
2349 454 2482 532 ipso
2521 471 2706 530 opere
2747 455 2803 514 δι
2845 451 3266 514 aedificatione
3307 453 3557 515 domus.

630 474 1113 624 Ea(f.q691)dem
1152 549 1393 610 quoque
1432 531 1661 594 ratione
1698 532 1972 594 homines
1990 532 2468 594 considerantur.
2491 544 2619 593 tum
2639 532 2968 593 secundum
2993 543 3268 592 naturam
3287 533 3557 594 iacenoes

630 612 691 672 in
750 609 878 688 via,
937 611 1041 690 qui
1092 611 1361 704 adhiberi
1416 624 1664 689 possunt
1722 613 1800 673 ad
1856 623 2212 673 structuram
2271 611 2596 691 spiritalem
2657 612 2842 691 Dei,
2852 623 2982 672 tum
3022 611 3356 672 secundum
3393 629 3556 690 opus

632 690 880 770 gratiae,
920 709 1103 768 quum
1144 691 1205 752 in
1247 703 1539 753 structura
1577 691 1778 752 diuina
1816 711 1893 752 ex
1930 694 2090 754 facto
2129 693 2404 784 occupati
2441 703 2599 752 sunt.

717 771 1053 832 Secundum
1104 782 1377 832 naturam
1424 771 1619 850 itaque
1656 782 1791 832 sunt
1830 770 1893 832 in
1932 771 2196 848 potentia
2237 773 2503 850 quodam
2541 771 2760 847 modo,
2801 781 2865 831 vt
2905 769 3107 832 vocari
3149 771 3378 848 possint
3415 783 3552 830 tan·

633 849 811 928 tisper
850 851 995 912 dum
1036 849 1133 912 hic
1172 849 1233 912 in
1272 849 1369 911 via
1406 860 1568 912 sunt·
1610 851 2120 928 quemadmodum
2159 851 2318 913 idem
2357 853 2655 929 Propheta
2675 850 2894 911 cecinit
2911 851 3062 912 Psal.
3107 869 3164 910 2.
3193 869 3282 910 ι2.
3305 850 3556 928 dicens,

634 930 999 992 Osculamini
1060 929 1277 1006 filiurn,
1337 940 1399 990 vt
1440 949 1560 991 non
1602 931 1887 992 irascatur
1924 933 1984 990 &
2023 930 2276 1008 pereatis
2315 930 2373 990 in
2415 930 2541 1009 via,
2581 931 2722 990 cum
2759 929 3040 991 exarserit
3079 933 3176 989 vel
3215 929 3554 990 mimimum

640 1009 726 1070 ira
764 1011 905 1071 eius,
960 1014 1053 1070 Ac
1103 1010 1353 1088 proinde
1404 1013 1543 1070 cum
1606 1013 1763 1071 Deus
1822 1009 1955 1072 illos
1995 1011 2057 1072 in
2099 1012 2196 1070 via
2234 1011 2558 1102 relinquat,
2595 1009 2712 1069 sibi
2749 1008 3032 1070 iudicium
3075 1027 3318 1070 seruans
3360 1010 3437 1070 de
3481 1009 3556 1072 iis

634 1107 787 1165 quos
825 1101 926 1150 aut
972 1101 1385 1182 assumpturus
1444 1091 1525 1150 ad
1582 1107 1733 1181 opus
1784 1107 1988 1183 suumt,
2027 1101 2128 1152 aut
2183 1090 2243 1150 in
2286 1091 2380 1150 via
2417 1089 2614 1150 media
2651 1087 2960 1150 relicturus
2998 1100 3086 1149 est
3125 1089 3382 1166 otiosos,
3420 1109 3554 1150 non

636 1180 724 1229 est
762 1167 1017 1230 hominis
1054 1168 1402 1248 cuiusquam
1444 1169 1729 1231 iudicium
1766 1169 1845 1230 de
1884 1169 1998 1230 illis
2037 1173 2256 1231 facere:
2301 1189 2440 1230 nam
2479 1172 2614 1231 Deo
2655 1171 2775 1229 hoc
2816 1168 3101 1229 iudicium
3141 1179 3248 1228 est.
3293 1187 3418 1229 non
3459 1180 3556 1230 est

636 1248 980 1325 cuiusquam
1010 1248 1153 1340 ‘illos
1194 1249 1519 1328 negligere:
1559 1268 1700 1312 nam
1738 1260 2122 1341 praeceptum
2160 1247 2460 1310 charitatis
2497 1249 2558 1310 in
2598 1248 2826 1310 omneis
2879 1247 3156 1308 omnibus
3193 1259 3284 1308 est
3319 1249 3554 1340 datum:

640 1346 761 1388 non
803 1340 891 1389 est
930 1327 1277 1406 cuiusquam
1316 1339 1559 1408 propter
1596 1330 1847 1390 offensas
1888 1327 1948 1389 ιιι
1987 1330 2122 1390 illos
2163 1329 2389 1420 inuehi3
2429 1329 2552 1389 siue
2593 1331 2793 1390 Deum
2833 1329 3170 1401 offendant,
3209 1347 3349 1387 nam
3389 1327 3553 1388 serui

636 1406 811 1468 alieni
850 1421 1017 1486 sunt,
1060 1427 1181 1469 non
1222 1420 1421 1469 autem
1482 1409 1699 1488 nostri3
1740 1408 1863 1470 siue
1902 1429 2018 1469 nos
2057 1408 2216 1484 ipsos
2257 1408 2484 1469 ratione
2523 1410 2674 1482 vlla,
2715 1427 2854 1468 nam
2901 1427 3032 1468 mea
3071 1417 3161 1468 est
3197 1408 3380 1484 vltio,
3421 1427 3541 1486 ego

635 1488 992 1564 rependam,
1044 1487 1189 1549 dicit
1250 1487 1558 1548 Dominus.
1622 1489 1741 1550 Sed
1802 1489 1999 1566 potius
2059 1490 2303 1549 eaedem
2365 1487 2540 1550 nobis
2579 1486 2857 1548 omuibus
2897 1500 3096 1565 partes
3135 1489 3549 1549 obseruandae

640 1576 808 1644 sunt,
848 1585 997 1644 quas
1055 1569 1219 1628 Deus
1279 1571 1550 1645 exemplo
1604 1585 1713 1629 suo
1755 1579 2072 1646 monstrat,
2114 1567 2338 1630 faciens
2379 1579 2444 1628 vt
2481 1569 2586 1628 Sol
2625 1585 2765 1628 suus
2803 1567 3101 1628 exoriatur
3139 1583 3332 1658 super
3354 1568 3548 1627 malos

640 1667 715 1706 ac
752 1647 979 1723 bonos,
1034 1647 1089 1706 &
1143 1648 1306 1725 pluat
1354 1665 1532 1725 super
1586 1647 1771 1710 iustos
1822 1649 1879 1708 δι
1930 1647 2211 1708 iniustos:
2253 1649 2309 1708 81
2341 1666 2505 1740 quas
2538 1646 2803 1708 Christus
2845 1649 3036 1740 reipsa
3073 1645 3362 1725 praestitit
3399 1665 3548 1724 erga

642 1745 781 1800 ιιοιι,
822 1745 959 1786 cum
998 1727 1195 1786 adhuc
1234 1745 1493 1788 essemus
1536 1738 1879 1804 peccatores
1918 1737 2096 1804 atque
2137 1727 2358 1789 inimici
2397 1727 2612 1806 ipsius,
2633 1745 2746 1804 pro
2765 1725 2942 1788 nobis
2962 1738 3246 1786 mormus.
3273 1726 3552 1802 Denique

644 1804 842 1864 illud·
824 1824 1016 1882 ipsum
1076 1817 1465 1884 praeceptum
1520 1808 1687 1884 quod
1744 1806 1943 1868 Dauid
2001 1805 2155 1868 illius
2213 1807 2408 1869 verbis
2467 1805 2848 1866 denunciauit
2905 1807 3122 1867 eodem
3181 1806 3244 1866 in
3283 1807 3548 1897 psalmo,

639 1887 817 1961 quam
858 1885 1299 1962 diligentissime
1348 1887 1669 1977 colendum
1722 1897 1839 1949 est:
1894 1897 1956 1947 vt
2005 1886 2220 1964 singuli
2271 1898 2414 1964 tanq
2415 1905 2554 1947 uam
2603 1885 2932 1947 administri
2968 1887 3186 1964 gratiae
3225 1887 3283 1946 δι
3325 1885 3548 1946 miseri-

636 1965 878 2024 cordiae
939 1963 1082 2036 Dei,
1124 1963 1315 2042 ipsos,
1359 1966 1503 2028 dum
1541 1964 1637 2026 in·
1648 1965 1739 2026 via
1776 1980 1941 2042 sunt,
2003 1967 2255 2027 fraterne
2293 1968 2684 2045 appellemus,
2725 1965 3020 2041 dicentes,
3061 1967 3238 2026 Nunc
3275 1963 3546 2025 animad-

634 2045 841 2106 uertite
854 2089 873 2122 ,
936 2043 1329 2106 eruditionem
1386 2043 1701 2124 percipite,
1776 2045 1953 2107 colite
2003 2047 2292 2108 Iehouam
2351 2064 2490 2106 cum
2551 2045 2909 2123 reuerentia,
2969 2047 3024 2106 δι
3083 2047 3340 2106 exultate
3399 2063 3542 2104 cum

641 2136 933 2186 tremore:
975 2123 1325 2186 osculamini
1364 2125 1581 2202 filium,
1619 2129 1678 2186 ἃ
1718 2146 1769 2186 c.
1810 2143 1966 2204 quae
2005 2127 2182 2203 paqu
2221 2129 2358 2186 ante
2403 2125 2774 2186 adduximus.

723 2204 907 2280 Quod
946 2215 1145 2264 autem
1202 2205 1283 2264 ad
1324 2223 1474 2282 opus
1511 2206 1765 2283 gratiae,
1806 2209 1861 2266 δι
1902 2205 2036 2266 illos
2077 2205 2180 2284 qui
2219 2205 2280 2265 in
2319 2205 2450 2282 ipso
2491 2225 2674 2282 opere
2711 2208 2768 2266 &
2811 2203 3218 2265 aedificatione
3255 2215 3396 2264 sunt
3433 2221 3544 2282 per

638 2284 915 2377 gratiam,
954 2283 1087 2360 quis
1127 2294 1303 2362 neget
1340 2283 1611 2376 religiose
1651 2284 1783 2345 illos
1826 2285 2072 2362 agnosci
2111 2297 2418 2364 oportere,
2459 2297 2739 2361 tanquam
2781 2283 3088 2344 materiam
3121 2286 3160 2343 ὸ,
3199 2285 3336 2343 Deo
3375 2301 3544 2342 sanc-

642 2363 923 2425 tificatam
978 2363 1055 2424 ad
1120 2381 1271 2441 opus
1332 2363 1597 2424 diuinum
1652 2361 1869 2442 ipsius?
1902 2364 2030 2424 Etsi
2067 2365 2282 2424 horum
2323 2365 2446 2424 duo
2483 2377 2620 2424 sunt
2658 2382 2902 2443 genera·
2943 2381 3088 2423 nam
3127 2363 3222 2439 alij
3259 2375 3545 2439 tauquam

634 2446 861 2523 lapides
897 2443 1073 2505 rudes
1113 2456 1290 2521 atque
1330 2442 1583 2521 impoliti
1632 2445 1711 2505 ad
1753 2446 2080 2505 Ecclesiam
2117 2444 2488 2505 adducuntur
2529 2446 2712 2505 verbo
2751 2442 3107 2505 aceruatim.
3160 2442 3275 2518 Alij
3317 2442 3382 2502 ιιι
3421 2442 3538 2502 Ec-

630 2524 817 2589 denia
854 2535 1021 2595 sunt,
1072 2525 1127 2584 &
1168 2524 1245 2583 de
1298 2524 1622 2585 substantia
1662 2524 1812 2585 illius
1854 2524 2128 2585 dicuntur
2167 2544 2326 2602 esse,
2371 2536 2432 2583 vt
2469 2524 2694 2603 lapides
2731 2524 2793 2585 in
2833 2542 3014 2601 opere
3055 2534 3379 2583 structurae
3419 2522 3538 2582 sin—

637 2604 881 2695 gulatim
922 2601 1218 2680 occupati.
1259 2602 1413 2663 Nam
1448 2603 1694 2681 perinde
1732 2604 1949 2665 accidit
1999 2604 2060 2665 ιιι
2113 2606 2226 2665 hac
2263 2604 2674 2666 aedificatione
2713 2602 2986 2682 spiritali,
3027 2616 3092 2663 vt
3131 2604 3192 2662 in
3231 2600 3540 2663 structuris

638 2682 911 2745 humanis
954 2682 1217 2745 videmus
1256 2682 1579 2744 obseruari.
1618 2683 1881 2745 Primum
1920 2685 2182 2745 adfertur
2219 2682 2464 2744 materia
2501 2684 2866 2761 promiscue·
2907 2682 3141 2744 Deinde
3180 2686 3324 2743 vero
3358 2681 3544 2759 speci·

638 2763 781 2825 atim
816 2762 915 2823 hic
952 2761 1158 2840 lapis
1140 2783 1201 2823 ιιι
1242 2781 1423 2839 opere
1463 2776 1812 2853 occupatur,
1849 2763 1951 2824 ille
1993 2763 2244 2825 intactus
2283 2762 2646 2840 relinquitur.
2691 2765 3072 2825 Demonstrat
3109 2763 3254 2823 illud
3285 2764 3542 2823 Ioannes

640 2844 845 2905 dicens
858 2888 879 2918 ,
936 2843 990 2903 E
1050 2842 1225 2903 nobis
1284 2841 1501 2919 egressi
1562 2854 1697 2903 sunt
1710 2886 1729 2919 ,
1790 2845 1897 2905 sed
1934 2862 2060 2903 non
2107 2855 2274 2905 erant
2311 2863 2385 2905 ex
2425 2843 2628 2905 nobis.
2668 2862 2810 2903 nam
2847 2842 2898 2903 si
2935 2843 3180 2905 fuissent
3220 2862 3294 2903 ex
3333 2841 3544 2917 nobis,

638 2920 1093 3001 permansissent
1132 2921 1333 2998 vtique
1370 2922 1712 2983 nobiscum:
1752 2924 1861 2983 sed
1902 2934 1961 2983 vt
2001 2926 2302 3001 patefieret
2337 2942 2463 2983 non
2503 2924 2732 2984 omneis
2775 2940 2904 2983 esse
2941 2942 3016 2984 ex
3059 2923 3287 3013 nobis,
3323 2919 3544 2999 egressi

642 3015 795 3063 sunt.
858 3004 1211 3061 1.10an.2.
1264 3021 1351 3077 19.
1413 3002 1595 3077 QuOd
1634 3002 1685 3063 si
1724 3001 1806 3063 illi
1848 3002 1958 3081 ipsi
1997 3002 2224 3080 lapides
2261 3002 2367 3079 qui
2401 3002 2463 3063 in
2501 3022 2646 3081 agro
2685 3002 2910 3079 iacent,
2953 3001 3096 3062 dum
3133 3000 3287 3061 hic
3269 3020 3331 3059 m
3372 3000 3542 3061 terris

640 3082 919 3173 viuimus,
958 3100 1083 3141 non
1122 3091 1257 3141 sunt
1296 3080 1659 3159 negligendi:
1710 3082 1978 3159 profect&
2017 3084 2180 3143 bona
2216 3082 2334 3143 fide
2377 3100 2555 3142 nemo
2599 3083 2786 3142 homo
2826 3080 3129 3142 hominem
3168 3082 3540 3171 neglecturus

638 3174 758 3252 est,
806 3161 909 3238 qui
956 3172 1059 3221 aut
1104 3160 1335 3221 sistetur
1372 3179 1577 3222 coram
1614 3161 1887 3223 aedificio
1923 3162 2200 3239 Domini,
2252 3173 2354 3221 aut
2391 3161 2452 3221 ιιι
2491 3180 2568 3222 eo
2609 3159 2995 3253 occupabitur
3033 3160 3337 3239 singulari
3351 3158 3540 3236 gratia

638 3241 809 3301 inius.
850 3242 1005 3301 Nam
1045 3257 1459 3317 quemcunque
1496 3242 1661 3301 Deus
1700 3241 1877 3319 sistit,
1916 3260 2038 3319 qua
2073 3241 2452 3313 auctoritate,
2497 3258 2620 3319 quo
2660 3242 2786 3302 iure
2824 3242 3010 3301 homo
3047 3240 3398 3317 depulsurus
3429 3248 3539 3313 est,

638 3322 835 3382 donec
880 3320 1007 3397 ipse
1057 3321 1216 3379 Deus
1255 3318 1670 3382 architectator
1706 3340 1849 3381 suae
1889 3322 2104 3383 domus
2143 3317 2471 3398 depulerit?
2521 3336 2936 3397 quemcunque
2977 3328 3262 3413 occupat·
3271 3322 3435 3379 Deus
3476 3318 3538 3377 ιιι

636 3419 847 3491 opere,
889 3398 1019 3476 quis
1062 3399 1475 3461 deturbaturus
1516 3412 1629 3461 est:
1672 3402 1893 3492 pudeat
1932 3420 2083 3492 ergo
2113 3400 2510 3473 Christianos,
2551 3399 2652 3478 qui
2691 3398 3151 3461 inscientis-simis
3175 3398 3296 3459 suis
3311 3397 3540 3477 praeiu-

635 3480 803 3541 diciis
842 3490 945 3539 aut
982 3478 1482 3555 impotentissimis
1522 3480 1729 3541 studiis
1768 3479 1855 3541 sic
1894 3480 2284 3557 abripiuntur,
2327 3490 2390 3540 vt
2427 3498 2608 3557 quam
2647 3481 2812 3541 Deus
2841 3479 3143 3541 materiam
3163 3480 3540 3539 domussuae

632 3560 919 3634 aduocat,
960 3558 1072 3635 ipsi
1112 3570 1357 3637 negent,
1398 3572 1697 3639 auertant,
1753 3563 1809 3621 δι
1848 3559 2124 3621 omnibus
2166 3560 2386 3621 viribus
2425 3560 2828 3621 interturbent.
2882 3560 3045 3619 Deus
3083 3560 3198 3620 fert
3235 3556 3539 3618 materiam

633 3638 885 3714 tamdiu,
926 3657 1079 3715 quae
1128 3639 1205 3699 ad
1247 3640 1461 3699 domus
1500 3656 1642 3699 suae
1680 3651 2030 3701 structuram
2075 3638 2345 3699 adhiberi
2382 3650 2610 3717 potest:
2650 3640 2706 3699 δι
2747 3648 2839 3715 ιιι,
2882 3640 3068 3699 homo
3109 3638 3307 3711 miser,
3345 3654 3424 3697 ne
3459 3636 3544 3696 ad

634 3731 999 3780 momentum
1039 3717 1279 3795 quidem
1322 3719 1577 3794 perferre
1617 3716 1843 3797 possis?
1885 3720 2048 3780 Deus
2087 3718 2330 3779 aduehit
2371 3718 2710 3795 materiam,
2749 3718 2806 3777 δι
2844 3729 3066 3778 struem
3105 3718 3442 3777 accumulat
3453 3716 3540 3776 ad

630 3797 1121 3859 commoditatem
1180 3797 1603 3859 aedificationis
1652 3816 1819 3861 suae.
1876 3802 1933 3861 δι
1987 3810 2080 3873 ιιι,
2123 3800 2308 3859 homo
2349 3800 2627 3873 demens,
2667 3797 2970 3875 disperdas
3009 3798 3066 3857 δι
3097 3796 3360 3858 disiicias
3398 3813 3536 3873 pro·

630 3882 795 3941 terue
834 3896 983 3955 quae
1026 3876 1401 3939 coaceruauit
1440 3874 1636 3939 Deus?
1676 3880 1773 3940 Ad
1802 3898 2143 3969 summam,
2183 3880 2346 3938 Deus
2365 3878 2640 3939 aedificat
2659 3879 2734 3939 de
2753 3880 2866 3937 hac
2887 3876 3130 3937 materia
3147 3892 3536 3967 quoscunque

630 3968 797 4019 tanto
835 3959 1063 4018 honore
1100 3956 1322 4035 gratiae
1364 3956 1635 4035 dignatus
1672 3971 1759 4019 est
1798 3958 1857 4018 in
1900 3957 2022 4019 filio
2063 3922 2393 4017 dilectionis
2433 3977 2597 4018 suae.
2653 3962 2710 4019 δι
2749 3968 2812 4017 ιιι
2825 4002 2843 4034 ,
2891 3958 3076 4017 homo
3113 3954 3530 4046 ingratissime,

630 4036 880 4115 gratiam
920 4036 1079 4097 illam
1120 4036 1269 4114 Dei,
1308 4038 1363 4096 δι
1402 4055 1553 4113 opus
1592 4038 1843 4117 gratiae,
1882 4041 1939 4101 δι
1979 4039 2176 4099 Deum
2214 4038 2406 4114 ipsum
2446 4056 2756 4117 oppugnes
2791 4034 3094 4115 iniquitate
3133 4034 3272 4096 tua?
3307 4034 3530 4173 absitba

3361 4132 3442 4174 no
3483 4132 3538 4173 rs
