<?xml version="1.0" encoding="UTF-8"?>
<!DOCTYPE html PUBLIC "-//W3C//DTD XHTML 1.0 Transitional//EN"
    "http://www.w3.org/TR/xhtml1/DTD/xhtml1-transitional.dtd">
<html xmlns="http://www.w3.org/1999/xhtml" xml:lang="en" lang="en">
 <head>
  <title>
</title>
<meta http-equiv="Content-Type" content="text/html;charset=utf-8" />
  <meta name='ocr-system' content='tesseract 3.04.00' />
  <meta name='ocr-capabilities' content='ocr_page ocr_carea ocr_par ocr_line ocrx_word'/>
</head>
<body>
  <div class='ocr_page' id='page_1' title='image "./dfranciscijunii00junigoog_0028.png"; bbox 0 0 3923 4875; ppageno 0'>
   <div class='ocr_carea' id='block_1_1' title="bbox 1216 1084 2671 1155">
    <p class='ocr_par' dir='ltr' id='par_1_1' title="bbox 1216 1084 2671 1155">
     <span class='ocr_line' id='line_1_1' title="bbox 1216 1084 2671 1155; baseline -0.002 -1"><span class='ocrx_word' id='word_1_1' title='bbox 1216 1089 1442 1155; x_wconf 92' lang='lat' dir='ltr'>VITA</span> <span class='ocrx_word' id='word_1_2' title='bbox 1485 1084 1844 1154; x_wconf 90' lang='lat' dir='ltr'>NOBILIS</span> <span class='ocrx_word' id='word_1_3' title='bbox 1889 1084 2013 1151; x_wconf 92' lang='lat' dir='ltr'><em>ET</em></span> <span class='ocrx_word' id='word_1_4' title='bbox 2052 1084 2436 1151; x_wconf 90' lang='lat' dir='ltr'>ERUDITI</span> <span class='ocrx_word' id='word_1_5' title='bbox 2479 1086 2671 1152; x_wconf 92' lang='lat' dir='ltr'>VIRI</span> 
     </span>
    </p>
   </div>
   <div class='ocr_carea' id='block_1_2' title="bbox 567 1272 3314 1673">
    <p class='ocr_par' dir='ltr' id='par_1_2' title="bbox 567 1272 3314 1673">
     <span class='ocr_line' id='line_1_2' title="bbox 567 1272 3314 1375; baseline -0 -12"><span class='ocrx_word' id='word_1_6' title='bbox 567 1276 1210 1363; x_wconf 85' lang='lat' dir='ltr'>FRANCISCI</span> <span class='ocrx_word' id='word_1_7' title='bbox 1269 1275 1606 1370; x_wconf 90' lang='lat' dir='ltr'>IVNII,</span> <span class='ocrx_word' id='word_1_8' title='bbox 1661 1274 1748 1359; x_wconf 87' lang='lat' dir='ltr'><em>S.</em></span> <span class='ocrx_word' id='word_1_9' title='bbox 1811 1272 2601 1356; x_wconf 88' lang='lat' dir='ltr'>THEOLOGIAE</span> <span class='ocrx_word' id='word_1_10' title='bbox 2667 1274 3314 1375; x_wconf 86' lang='lat' dir='ltr'>DOCTORIS,</span> 
     </span>
     <span class='ocr_line' id='line_1_3' title="bbox 703 1430 3175 1519; baseline 0 0"><span class='ocrx_word' id='word_1_11' title='bbox 703 1436 862 1519; x_wconf 90' lang='lat' dir='ltr'><em>ET</em></span> <span class='ocrx_word' id='word_1_12' title='bbox 926 1434 1051 1517; x_wconf 96' lang='lat' dir='ltr'><em>IN</em></span> <span class='ocrx_word' id='word_1_13' title='bbox 1109 1432 1756 1516; x_wconf 89' lang='lat' dir='ltr'>ACADEMIA</span> <span class='ocrx_word' id='word_1_14' title='bbox 1813 1430 2613 1516; x_wconf 88' lang='lat' dir='ltr'><strong>LVGDVNENSI</strong></span> <span class='ocrx_word' id='word_1_15' title='bbox 2667 1433 3175 1519; x_wconf 88' lang='lat' dir='ltr'><strong>PROFES-</strong></span> 
     </span>
     <span class='ocr_line' id='line_1_4' title="bbox 1335 1585 2430 1673; baseline -0.005 0"><span class='ocrx_word' id='word_1_16' title='bbox 1335 1586 1679 1673; x_wconf 88' lang='lat' dir='ltr'>SORIS</span> <span class='ocrx_word' id='word_1_17' title='bbox 1726 1585 2430 1670; x_wconf 86' lang='lat' dir='ltr'>DIGNISSIMI:</span> 
     </span>
    </p>
   </div>
   <div class='ocr_carea' id='block_1_3' title="bbox 1250 1799 2619 1879">
    <p class='ocr_par' dir='ltr' id='par_1_3' title="bbox 1250 1799 2619 1879">
     <span class='ocr_line' id='line_1_5' title="bbox 1250 1799 2619 1879; baseline -0.001 -18"><span class='ocrx_word' id='word_1_18' title='bbox 1250 1800 1343 1861; x_wconf 91' lang='lat' dir='ltr'><em>Ab</em></span> <span class='ocrx_word' id='word_1_19' title='bbox 1384 1802 1507 1879; x_wconf 73' lang='lat' dir='ltr'><em>ipso</em></span> <span class='ocrx_word' id='word_1_20' title='bbox 1551 1800 1909 1879; x_wconf 76' lang='lat' dir='ltr'><em>conscripta,</em></span> <span class='ocrx_word' id='word_1_21' title='bbox 1954 1800 2017 1859; x_wconf 87' lang='lat' dir='ltr'><em>in</em></span> <span class='ocrx_word' id='word_1_22' title='bbox 2062 1801 2240 1859; x_wconf 85' lang='lat' dir='ltr'><em>lucem</em></span> <span class='ocrx_word' id='word_1_23' title='bbox 2284 1800 2421 1859; x_wconf 82' lang='lat' dir='ltr'><em>verb</em></span> <span class='ocrx_word' id='word_1_24' title='bbox 2465 1799 2619 1859; x_wconf 84' lang='lat' dir='ltr'><em>edita</em></span> 
     </span>
    </p>
   </div>
   <div class='ocr_carea' id='block_1_4' title="bbox 1893 1984 2013 2043">
    <p class='ocr_par' dir='ltr' id='par_1_4' title="bbox 1893 1984 2013 2043">
     <span class='ocr_line' id='line_1_6' title="bbox 1893 1984 2013 2043; baseline 0.008 -1"><span class='ocrx_word' id='word_1_25' title='bbox 1893 1984 2013 2043; x_wconf 90' lang='lat' dir='ltr'><em>AB</em></span> 
     </span>
    </p>
   </div>
   <div class='ocr_carea' id='block_1_5' title="bbox 1088 2158 2778 2249">
    <p class='ocr_par' dir='ltr' id='par_1_5' title="bbox 1088 2158 2778 2249">
     <span class='ocr_line' id='line_1_7' title="bbox 1088 2158 2778 2249; baseline -0.002 -12"><span class='ocrx_word' id='word_1_26' title='bbox 1088 2161 1500 2238; x_wconf 91' lang='lat' dir='ltr'><strong>PAVLLO</strong></span> <span class='ocrx_word' id='word_1_27' title='bbox 1555 2162 1646 2237; x_wconf 90' lang='lat' dir='ltr'><em>G.</em></span> <span class='ocrx_word' id='word_1_28' title='bbox 1705 2160 1787 2235; x_wconf 93' lang='lat' dir='ltr'><em>F.</em></span> <span class='ocrx_word' id='word_1_29' title='bbox 1839 2162 1919 2235; x_wconf 91' lang='lat' dir='ltr'><em>P.</em></span> <span class='ocrx_word' id='word_1_30' title='bbox 1969 2160 2061 2235; x_wconf 93' lang='lat' dir='ltr'><em>N.</em></span> <span class='ocrx_word' id='word_1_31' title='bbox 2115 2158 2545 2235; x_wconf 91' lang='lat' dir='ltr'><strong>MERULA</strong></span> <span class='ocrx_word' id='word_1_32' title='bbox 2586 2215 2603 2249; x_wconf 88' lang='lat'>‚</span> <span class='ocrx_word' id='word_1_33' title='bbox 2656 2158 2778 2233; x_wconf 89' lang='lat' dir='ltr'><em>IC.</em></span> 
     </span>
    </p>
   </div>
   <div class='ocr_carea' id='block_1_6' title="bbox 1410 2286 2481 2349">
    <p class='ocr_par' dir='ltr' id='par_1_6' title="bbox 1410 2286 2481 2349">
     <span class='ocr_line' id='line_1_8' title="bbox 1410 2286 2481 2349; baseline -0.002 -2"><span class='ocrx_word' id='word_1_34' title='bbox 1410 2287 1827 2347; x_wconf 70' lang='lat' dir='ltr'><em>Historiarum</em></span> <span class='ocrx_word' id='word_1_35' title='bbox 1865 2286 2074 2346; x_wconf 83' lang='lat' dir='ltr'><em>ibidem</em></span> <span class='ocrx_word' id='word_1_36' title='bbox 2114 2292 2481 2349; x_wconf 83' lang='lat' dir='ltr'><em>enarratore.</em></span> 
     </span>
    </p>
   </div>
   <div class='ocr_carea' id='block_1_7' title="bbox 671 2781 3107 2969">
    <p class='ocr_par' dir='ltr' id='par_1_7' title="bbox 671 2781 3107 2969">
     <span class='ocr_line' id='line_1_9' title="bbox 759 2781 3107 2860; baseline -0 -11"><span class='ocrx_word' id='word_1_37' title='bbox 759 2782 1179 2850; x_wconf 87' lang='lat' dir='ltr'><strong>PAVLLVS</strong></span> <span class='ocrx_word' id='word_1_38' title='bbox 1226 2783 1306 2848; x_wconf 90' lang='lat' dir='ltr'><em>G.</em></span> <span class='ocrx_word' id='word_1_39' title='bbox 1351 2785 1429 2848; x_wconf 91' lang='lat' dir='ltr'><em>F.</em></span> <span class='ocrx_word' id='word_1_40' title='bbox 1477 2784 1549 2850; x_wconf 91' lang='lat' dir='ltr'><em>P.</em></span> <span class='ocrx_word' id='word_1_41' title='bbox 1595 2783 1679 2849; x_wconf 91' lang='lat' dir='ltr'><em>N.</em></span> <span class='ocrx_word' id='word_1_42' title='bbox 1727 2781 2158 2860; x_wconf 88' lang='lat' dir='ltr'><strong>MERVLA‚</strong></span> <span class='ocrx_word' id='word_1_43' title='bbox 2204 2786 2256 2849; x_wconf 92' lang='lat'><em>1.</em></span> <span class='ocrx_word' id='word_1_44' title='bbox 2306 2783 2381 2851; x_wconf 91' lang='lat' dir='ltr'><em>C.</em></span> <span class='ocrx_word' id='word_1_45' title='bbox 2427 2783 2889 2850; x_wconf 90' lang='lat' dir='ltr'>ECCLESIIS</span> <span class='ocrx_word' id='word_1_46' title='bbox 2933 2783 3107 2851; x_wconf 91' lang='lat' dir='ltr'><em>PER</em></span> 
     </span>
     <span class='ocr_line' id='line_1_10' title="bbox 671 2893 2691 2969; baseline 0 -3"><span class='ocrx_word' id='word_1_47' title='bbox 671 2893 691 2920; x_wconf 56' lang='lat'>⁸</span> <span class='ocrx_word' id='word_1_48' title='bbox 1205 2898 1680 2966; x_wconf 90' lang='lat' dir='ltr'><strong>BELGICAM</strong></span> <span class='ocrx_word' id='word_1_49' title='bbox 1727 2898 2288 2968; x_wconf 91' lang='lat' dir='ltr'><strong>GALLICANIS</strong></span> <span class='ocrx_word' id='word_1_50' title='bbox 2334 2899 2401 2968; x_wconf 90' lang='lat' dir='ltr'><em>S.</em></span> <span class='ocrx_word' id='word_1_51' title='bbox 2448 2899 2691 2969; x_wconf 90' lang='lat' dir='ltr'><strong>DICO.</strong></span> 
     </span>
    </p>
   </div>
   <div class='ocr_carea' id='block_1_8' title="bbox 478 3117 3397 4019">
    <p class='ocr_par' dir='ltr' id='par_1_8' title="bbox 478 3117 3397 4019">
     <span class='ocr_line' id='line_1_11' title="bbox 578 3117 3394 3199; baseline 0 -19"><span class='ocrx_word' id='word_1_52' title='bbox 578 3119 628 3180; x_wconf 90' lang='lat' dir='ltr'><em>S</em></span> <span class='ocrx_word' id='word_1_53' title='bbox 635 3119 882 3180; x_wconf 78' lang='lat' dir='ltr'><em>UBJH</em></span> <span class='ocrx_word' id='word_1_54' title='bbox 923 3139 1038 3180; x_wconf 90' lang='lat' dir='ltr'><em>non</em></span> <span class='ocrx_word' id='word_1_55' title='bbox 1082 3120 1170 3179; x_wconf 84' lang='lat' dir='ltr'><em>ita</em></span> <span class='ocrx_word' id='word_1_56' title='bbox 1195 3119 1434 3199; x_wconf 82' lang='lat' dir='ltr'><em>pridem</em></span> <span class='ocrx_word' id='word_1_57' title='bbox 1477 3119 1732 3180; x_wconf 86' lang='lat' dir='ltr'><em>animum</em></span> <span class='ocrx_word' id='word_1_58' title='bbox 1775 3137 1957 3178; x_wconf 88' lang='lat' dir='ltr'><em>meum</em></span> <span class='ocrx_word' id='word_1_59' title='bbox 2005 3119 2280 3194; x_wconf 81' lang='lat' dir='ltr'><em>cogitatio</em></span> <span class='ocrx_word' id='word_1_60' title='bbox 2297 3163 2315 3197; x_wconf 82' lang='lat'><strong>‚</strong></span> <span class='ocrx_word' id='word_1_61' title='bbox 2368 3119 2494 3178; x_wconf 83' lang='lat' dir='ltr'><em>viri</em></span> <span class='ocrx_word' id='word_1_62' title='bbox 2540 3117 3059 3198; x_wconf 69' lang='lat' dir='ltr'><em>christianissimi,</em></span> <span class='ocrx_word' id='word_1_63' title='bbox 3084 3124 3255 3198; x_wconf 70' lang='lat' dir='ltr'><em>turpe</em></span> <span class='ocrx_word' id='word_1_64' title='bbox 3274 3139 3394 3181; x_wconf 90' lang='lat' dir='ltr'><em>esse</em></span> 
     </span>
     <span class='ocr_line' id='line_1_12' title="bbox 488 3209 3391 3290; baseline 0 -19"><span class='ocrx_word' id='word_1_65' title='bbox 488 3211 567 3271; x_wconf 56' lang='grc' dir='ltr'><em>ἐφ’</em></span> <span class='ocrx_word' id='word_1_66' title='bbox 609 3211 912 3286; x_wconf 77' lang='lat' dir='ltr'><em>indignum</em></span> <span class='ocrx_word' id='word_1_67' title='bbox 969 3211 1194 3272; x_wconf 74' lang='lat' dir='ltr'><em>homine</em></span> <span class='ocrx_word' id='word_1_68' title='bbox 1205 3254 1225 3283; x_wconf 91' lang='lat'>‚</span> <span class='ocrx_word' id='word_1_69' title='bbox 1287 3229 1452 3288; x_wconf 87' lang='lat' dir='ltr'><em>quem</em></span> <span class='ocrx_word' id='word_1_70' title='bbox 1465 3255 1483 3290; x_wconf 86' lang='lat'>‚</span> <span class='ocrx_word' id='word_1_71' title='bbox 1537 3229 1664 3270; x_wconf 87' lang='lat' dir='ltr'><em>cum</em></span> <span class='ocrx_word' id='word_1_72' title='bbox 1708 3210 1846 3270; x_wconf 85' lang='lat' dir='ltr'><em>aliis</em></span> <span class='ocrx_word' id='word_1_73' title='bbox 1862 3255 1880 3289; x_wconf 82' lang='lat'><strong>‚</strong></span> <span class='ocrx_word' id='word_1_74' title='bbox 1927 3217 2048 3270; x_wconf 80' lang='lat' dir='ltr'><em>tum</em></span> <span class='ocrx_word' id='word_1_75' title='bbox 2092 3211 2385 3271; x_wconf 83' lang='lat' dir='ltr'><em>iuuandae</em></span> <span class='ocrx_word' id='word_1_76' title='bbox 2407 3211 2685 3289; x_wconf 81' lang='lat' dir='ltr'><em>patriae,</em></span> <span class='ocrx_word' id='word_1_77' title='bbox 2726 3209 2879 3286; x_wconf 83' lang='lat' dir='ltr'><em>fecit</em></span> <span class='ocrx_word' id='word_1_78' title='bbox 2915 3209 3086 3271; x_wconf 85' lang='lat' dir='ltr'><em>Deus</em></span> <span class='ocrx_word' id='word_1_79' title='bbox 3103 3255 3121 3290; x_wconf 86' lang='lat'>‚</span> <span class='ocrx_word' id='word_1_80' title='bbox 3168 3230 3268 3270; x_wconf 90' lang='lat' dir='ltr'><em>res</em></span> <span class='ocrx_word' id='word_1_81' title='bbox 3316 3214 3391 3272; x_wconf 86' lang='lat' dir='ltr'><em>ab</em></span> 
     </span>
     <span class='ocr_line' id='line_1_13' title="bbox 487 3301 3386 3383; baseline 0 -23"><span class='ocrx_word' id='word_1_82' title='bbox 487 3302 773 3362; x_wconf 85' lang='lat' dir='ltr'><em>Romanis</em></span> <span class='ocrx_word' id='word_1_83' title='bbox 790 3347 808 3381; x_wconf 82' lang='lat'>‚</span> <span class='ocrx_word' id='word_1_84' title='bbox 885 3301 1136 3364; x_wconf 88' lang='lat' dir='ltr'><em>Graecis</em></span> <span class='ocrx_word' id='word_1_85' title='bbox 1152 3348 1170 3383; x_wconf 86' lang='lat'>‚</span> <span class='ocrx_word' id='word_1_86' title='bbox 1232 3303 1476 3379; x_wconf 70' lang='lat' dir='ltr'><em>aliisque</em></span> <span class='ocrx_word' id='word_1_87' title='bbox 1531 3307 1667 3362; x_wconf 84' lang='lat' dir='ltr'><em>ante</em></span> <span class='ocrx_word' id='word_1_88' title='bbox 1721 3303 1908 3362; x_wconf 87' lang='lat' dir='ltr'><em>multa</em></span> <span class='ocrx_word' id='word_1_89' title='bbox 1976 3303 2171 3362; x_wconf 80' lang='lat' dir='ltr'><em>secula</em></span> <span class='ocrx_word' id='word_1_90' title='bbox 2203 3307 2409 3377; x_wconf 87' lang='lat' dir='ltr'><em>gestas</em></span> <span class='ocrx_word' id='word_1_91' title='bbox 2451 3301 2541 3360; x_wconf 85' lang='lat' dir='ltr'><em>ad</em></span> <span class='ocrx_word' id='word_1_92' title='bbox 2581 3319 2825 3376; x_wconf 85' lang='lat' dir='ltr'><em>vnguem</em></span> <span class='ocrx_word' id='word_1_93' title='bbox 2870 3303 3053 3376; x_wconf 77' lang='lat' dir='ltr'><em>scire;</em></span> <span class='ocrx_word' id='word_1_94' title='bbox 3097 3321 3167 3361; x_wconf 89' lang='lat' dir='ltr'><em>ea</em></span> <span class='ocrx_word' id='word_1_95' title='bbox 3212 3304 3351 3363; x_wconf 81' lang='lat' dir='ltr'><em>verb</em></span> <span class='ocrx_word' id='word_1_96' title='bbox 3368 3348 3386 3382; x_wconf 80' lang='lat'><strong>‚</strong></span> 
     </span>
     <span class='ocr_line' id='line_1_14' title="bbox 487 3393 3397 3472; baseline 0.001 -21"><span class='ocrx_word' id='word_1_97' title='bbox 487 3411 638 3470; x_wconf 87' lang='lat' dir='ltr'><em>quae</em></span> <span class='ocrx_word' id='word_1_98' title='bbox 703 3393 862 3452; x_wconf 87' lang='lat' dir='ltr'><em>domi</em></span> <span class='ocrx_word' id='word_1_99' title='bbox 917 3394 994 3454; x_wconf 61' lang='grc' dir='ltr'><em>ὃν</em></span> <span class='ocrx_word' id='word_1_100' title='bbox 1052 3395 1116 3454; x_wconf 88' lang='lat' dir='ltr'><em>in</em></span> <span class='ocrx_word' id='word_1_101' title='bbox 1155 3394 1378 3472; x_wconf 86' lang='lat' dir='ltr'><em>patria</em></span> <span class='ocrx_word' id='word_1_102' title='bbox 1431 3394 1722 3470; x_wconf 69' lang='lat' dir='ltr'><em>proxirteis</em></span> <span class='ocrx_word' id='word_1_103' title='bbox 1774 3394 1946 3453; x_wconf 86' lang='lat' dir='ltr'><em>annis</em></span> <span class='ocrx_word' id='word_1_104' title='bbox 1991 3399 2252 3471; x_wconf 82' lang='lat' dir='ltr'><em>patrata</em></span> <span class='ocrx_word' id='word_1_105' title='bbox 2268 3441 2285 3470; x_wconf 91' lang='lat'><em>,</em></span> <span class='ocrx_word' id='word_1_106' title='bbox 2319 3393 2501 3470; x_wconf 69' lang='lat' dir='ltr'><em>foede</em></span> <span class='ocrx_word' id='word_1_107' title='bbox 2542 3411 2658 3452; x_wconf 85' lang='lat' dir='ltr'><em>non</em></span> <span class='ocrx_word' id='word_1_108' title='bbox 2700 3394 2884 3454; x_wconf 71' lang='lat' dir='ltr'><em>solum</em></span> <span class='ocrx_word' id='word_1_109' title='bbox 2928 3394 3243 3472; x_wconf 76' lang='lat' dir='ltr'><em>ignorare,</em></span> <span class='ocrx_word' id='word_1_110' title='bbox 3286 3396 3397 3454; x_wconf 83' lang='lat' dir='ltr'><em>sed</em></span> 
     </span>
     <span class='ocr_line' id='line_1_15' title="bbox 484 3484 3382 3562; baseline 0.001 -19"><span class='ocrx_word' id='word_1_111' title='bbox 484 3485 656 3543; x_wconf 87' lang='lat' dir='ltr'><em>etiam</em></span> <span class='ocrx_word' id='word_1_112' title='bbox 698 3485 936 3562; x_wconf 81' lang='lat' dir='ltr'><em>insuper</em></span> <span class='ocrx_word' id='word_1_113' title='bbox 983 3485 1195 3544; x_wconf 76' lang='lat' dir='ltr'><em>habere</em></span> <span class='ocrx_word' id='word_1_114' title='bbox 1249 3485 1328 3544; x_wconf 66' lang='grc' dir='ltr'><em>ἂν</em></span> <span class='ocrx_word' id='word_1_115' title='bbox 1369 3503 1582 3545; x_wconf 83' lang='lat' dir='ltr'><em>auerso</em></span> <span class='ocrx_word' id='word_1_116' title='bbox 1623 3485 1788 3545; x_wconf 81' lang='lat' dir='ltr'><em>vultu</em></span> <span class='ocrx_word' id='word_1_117' title='bbox 1831 3489 2204 3548; x_wconf 78' lang='lat' dir='ltr'><em>contemnere.</em></span> <span class='ocrx_word' id='word_1_118' title='bbox 2302 3485 2405 3546; x_wconf 77' lang='lat' dir='ltr'><em>Ba</em></span> <span class='ocrx_word' id='word_1_119' title='bbox 2446 3485 2678 3544; x_wconf 80' lang='lat' dir='ltr'><em>macula</em></span> <span class='ocrx_word' id='word_1_120' title='bbox 2719 3503 2791 3544; x_wconf 88' lang='lat' dir='ltr'><em>ne</em></span> <span class='ocrx_word' id='word_1_121' title='bbox 2832 3484 3067 3544; x_wconf 64' lang='lat' dir='ltr'><em>videar</em></span> <span class='ocrx_word' id='word_1_122' title='bbox 3105 3503 3212 3560; x_wconf 88' lang='lat' dir='ltr'><em>ego</em></span> <span class='ocrx_word' id='word_1_123' title='bbox 3255 3503 3382 3546; x_wconf 86' lang='lat' dir='ltr'><em>eum</em></span> 
     </span>
     <span class='ocr_line' id='line_1_16' title="bbox 485 3575 3377 3656; baseline 0.001 -22"><span class='ocrx_word' id='word_1_124' title='bbox 485 3576 680 3634; x_wconf 88' lang='lat' dir='ltr'><em>multis</em></span> <span class='ocrx_word' id='word_1_125' title='bbox 722 3575 860 3636; x_wconf 85' lang='lat' dir='ltr'><em>aliis</em></span> <span class='ocrx_word' id='word_1_126' title='bbox 901 3575 1246 3653; x_wconf 64' lang='lat' dir='ltr'><em>adspersus,</em></span> <span class='ocrx_word' id='word_1_127' title='bbox 1294 3593 1547 3636; x_wconf 86' lang='lat' dir='ltr'><em>amorem</em></span> <span class='ocrx_word' id='word_1_128' title='bbox 1593 3577 1718 3654; x_wconf 86' lang='lat' dir='ltr'><em>cepi</em></span> <span class='ocrx_word' id='word_1_129' title='bbox 1755 3582 1891 3635; x_wconf 85' lang='lat' dir='ltr'><em>ante</em></span> <span class='ocrx_word' id='word_1_130' title='bbox 1930 3576 2214 3636; x_wconf 77' lang='lat' dir='ltr'><em>biennium</em></span> <span class='ocrx_word' id='word_1_131' title='bbox 2256 3577 2450 3637; x_wconf 87' lang='lat' dir='ltr'><em>omnia</em></span> <span class='ocrx_word' id='word_1_132' title='bbox 2466 3620 2484 3656; x_wconf 85' lang='lat'>,</span> <span class='ocrx_word' id='word_1_133' title='bbox 2523 3594 2672 3653; x_wconf 85' lang='lat' dir='ltr'><em>quae</em></span> <span class='ocrx_word' id='word_1_134' title='bbox 2706 3575 2955 3636; x_wconf 74' lang='lat' dir='ltr'><em>adhunc</em></span> <span class='ocrx_word' id='word_1_135' title='bbox 2975 3581 3213 3636; x_wconf 87' lang='lat' dir='ltr'><em>nostrae</em></span> <span class='ocrx_word' id='word_1_136' title='bbox 3230 3579 3377 3654; x_wconf 83' lang='lat' dir='ltr'><em>reip.</em></span> 
     </span>
     <span class='ocr_line' id='line_1_17' title="bbox 484 3666 3382 3746; baseline 0.001 -22"><span class='ocrx_word' id='word_1_137' title='bbox 484 3672 696 3725; x_wconf 85' lang='lat' dir='ltr'><em>statum</em></span> <span class='ocrx_word' id='word_1_138' title='bbox 713 3711 731 3746; x_wconf 85' lang='lat'>‚</span> <span class='ocrx_word' id='word_1_139' title='bbox 792 3685 1048 3743; x_wconf 85' lang='lat' dir='ltr'><em>quaeque</em></span> <span class='ocrx_word' id='word_1_140' title='bbox 1098 3667 1187 3727; x_wconf 86' lang='lat' dir='ltr'><em>ad</em></span> <span class='ocrx_word' id='word_1_141' title='bbox 1233 3667 1438 3727; x_wconf 84' lang='lat' dir='ltr'><em>bellum</em></span> <span class='ocrx_word' id='word_1_142' title='bbox 1455 3712 1472 3743; x_wconf 90' lang='lat'>,</span> <span class='ocrx_word' id='word_1_143' title='bbox 1533 3667 1695 3744; x_wconf 86' lang='lat' dir='ltr'><em>quod</em></span> <span class='ocrx_word' id='word_1_144' title='bbox 1719 3666 1961 3742; x_wconf 75' lang='lat' dir='ltr'><em>geritur</em></span> <span class='ocrx_word' id='word_1_145' title='bbox 1979 3711 1997 3746; x_wconf 88' lang='lat'>,</span> <span class='ocrx_word' id='word_1_146' title='bbox 2024 3668 2259 3746; x_wconf 83' lang='lat' dir='ltr'><em>partim</em></span> <span class='ocrx_word' id='word_1_147' title='bbox 2302 3669 2585 3746; x_wconf 88' lang='lat' dir='ltr'><em>impressa</em></span> <span class='ocrx_word' id='word_1_148' title='bbox 2636 3668 2859 3746; x_wconf 80' lang='lat' dir='ltr'><em>scripta</em></span> <span class='ocrx_word' id='word_1_149' title='bbox 2894 3668 3119 3744; x_wconf 73' lang='lat' dir='ltr'><em>partim</em></span> <span class='ocrx_word' id='word_1_150' title='bbox 3146 3669 3382 3746; x_wconf 78' lang='lat' dir='ltr'><em>publice</em></span> 
     </span>
     <span class='ocr_line' id='line_1_18' title="bbox 478 3757 3378 3837; baseline 0.001 -21"><span class='ocrx_word' id='word_1_151' title='bbox 478 3758 873 3834; x_wconf 63' lang='lat' dir='ltr'><em>priuatimque</em></span> <span class='ocrx_word' id='word_1_152' title='bbox 888 3801 906 3835; x_wconf 82' lang='lat'>‚</span> <span class='ocrx_word' id='word_1_153' title='bbox 966 3757 1214 3834; x_wconf 73' lang='lat' dir='ltr'><em>undique</em></span> <span class='ocrx_word' id='word_1_154' title='bbox 1269 3758 1680 3837; x_wconf 82' lang='lat' dir='ltr'><em>conquirendi:</em></span> <span class='ocrx_word' id='word_1_155' title='bbox 1739 3757 2060 3834; x_wconf 75' lang='lat' dir='ltr'><em>conquisita</em></span> <span class='ocrx_word' id='word_1_156' title='bbox 2114 3759 2376 3833; x_wconf 78' lang='lat' dir='ltr'><em>legendi.-</em></span> <span class='ocrx_word' id='word_1_157' title='bbox 2418 3761 2565 3819; x_wconf 84' lang='lat' dir='ltr'><em>lecta</em></span> <span class='ocrx_word' id='word_1_158' title='bbox 2607 3759 2671 3818; x_wconf 89' lang='lat' dir='ltr'><em>in</em></span> <span class='ocrx_word' id='word_1_159' title='bbox 2713 3758 3033 3818; x_wconf 83' lang='lat' dir='ltr'><em>Annalium</em></span> <span class='ocrx_word' id='word_1_160' title='bbox 3086 3757 3343 3818; x_wconf 86' lang='lat' dir='ltr'><em>Codicem</em></span> <span class='ocrx_word' id='word_1_161' title='bbox 3356 3801 3378 3832; x_wconf 87' lang='lat'><em>,</em></span> 
     </span>
     <span class='ocr_line' id='line_1_19' title="bbox 482 3848 3379 3929; baseline 0 -21"><span class='ocrx_word' id='word_1_162' title='bbox 482 3849 686 3908; x_wconf 85' lang='lat' dir='ltr'><em>ordine</em></span> <span class='ocrx_word' id='word_1_163' title='bbox 728 3849 1032 3908; x_wconf 78' lang='lat' dir='ltr'><em>obseruata</em></span> <span class='ocrx_word' id='word_1_164' title='bbox 1074 3848 1506 3923; x_wconf 70' lang='lat' dir='ltr'><em>diligentissime</em></span> <span class='ocrx_word' id='word_1_165' title='bbox 1522 3894 1540 3929; x_wconf 86' lang='lat'>‚</span> <span class='ocrx_word' id='word_1_166' title='bbox 1587 3851 1834 3929; x_wconf 81' lang='lat' dir='ltr'><em>carptim</em></span> <span class='ocrx_word' id='word_1_167' title='bbox 1869 3849 2244 3926; x_wconf 69' lang='lat' dir='ltr'><em>breuxbasque</em></span> <span class='ocrx_word' id='word_1_168' title='bbox 2262 3851 2452 3910; x_wconf 84' lang='lat' dir='ltr'><em>verbis</em></span> <span class='ocrx_word' id='word_1_169' title='bbox 2469 3894 2487 3928; x_wconf 82' lang='lat'><strong>‚</strong></span> <span class='ocrx_word' id='word_1_170' title='bbox 2510 3849 2775 3909; x_wconf 88' lang='lat' dir='ltr'><em>neruosis</em></span> <span class='ocrx_word' id='word_1_171' title='bbox 2797 3855 3018 3921; x_wconf 82' lang='lat' dir='ltr'><em>tamen,</em></span> <span class='ocrx_word' id='word_1_172' title='bbox 3042 3848 3379 3925; x_wconf 84' lang='lat' dir='ltr'><em>referendi:</em></span> 
     </span>
     <span class='ocr_line' id='line_1_20' title="bbox 479 3935 3378 4019; baseline 0.001 -21"><span class='ocrx_word' id='word_1_173' title='bbox 479 3941 598 4013; x_wconf 82' lang='lat' dir='ltr'><em>fine</em></span> <span class='ocrx_word' id='word_1_174' title='bbox 653 3940 834 4000; x_wconf 87' lang='lat' dir='ltr'><em>tantis</em></span> <span class='ocrx_word' id='word_1_175' title='bbox 891 3940 1204 4017; x_wconf 75' lang='lat' dir='ltr'><em>sumptibus</em></span> <span class='ocrx_word' id='word_1_176' title='bbox 1263 3947 1552 4018; x_wconf 67' lang='lat' dir='ltr'><em>tantisque</em></span> <span class='ocrx_word' id='word_1_177' title='bbox 1609 3941 1880 4000; x_wconf 85' lang='lat' dir='ltr'><em>molestiis</em></span> <span class='ocrx_word' id='word_1_178' title='bbox 1919 3940 2229 4018; x_wconf 80' lang='lat' dir='ltr'><em>proposito</em></span> <span class='ocrx_word' id='word_1_179' title='bbox 2242 3985 2258 4016; x_wconf 89' lang='lat'><strong>,</strong></span> <span class='ocrx_word' id='word_1_180' title='bbox 2320 3943 2426 4018; x_wconf 87' lang='lat' dir='ltr'><em>qui</em></span> <span class='ocrx_word' id='word_1_181' title='bbox 2476 3935 2652 4019; x_wconf 82' lang='lat' dir='ltr'><em>lapsu&#39;</em></span> <span class='ocrx_word' id='word_1_182' title='bbox 2690 3940 2988 4018; x_wconf 85' lang='lat' dir='ltr'><em>temporis,</em></span> <span class='ocrx_word' id='word_1_183' title='bbox 3036 3957 3163 3999; x_wconf 86' lang='lat' dir='ltr'><em>cum</em></span> <span class='ocrx_word' id='word_1_184' title='bbox 3207 3939 3343 4001; x_wconf 88' lang='lat' dir='ltr'><em>Deo</em></span> <span class='ocrx_word' id='word_1_185' title='bbox 3361 3985 3378 4017; x_wconf 90' lang='lat'>‚</span> 
     </span>
    </p>
   </div>
   <div class='ocr_carea' id='block_1_9' title="bbox 473 4030 3511 4112">
    <p class='ocr_par' dir='ltr' id='par_1_9' title="bbox 473 4030 3511 4112">
     <span class='ocr_line' id='line_1_21' title="bbox 473 4030 3511 4112; baseline 0.001 -22"><span class='ocrx_word' id='word_1_186' title='bbox 473 4031 720 4107; x_wconf 81' lang='lat' dir='ltr'><em>parebit.</em></span> <span class='ocrx_word' id='word_1_187' title='bbox 787 4031 1041 4090; x_wconf 81' lang='lat' dir='ltr'><em>Natura</em></span> <span class='ocrx_word' id='word_1_188' title='bbox 1099 4035 1289 4090; x_wconf 77' lang='lat' dir='ltr'><em>autem</em></span> <span class='ocrx_word' id='word_1_189' title='bbox 1347 4031 1535 4109; x_wconf 85' lang='lat' dir='ltr'><em>(quod</em></span> <span class='ocrx_word' id='word_1_190' title='bbox 1581 4033 1776 4092; x_wconf 85' lang='lat' dir='ltr'><em>lubens</em></span> <span class='ocrx_word' id='word_1_191' title='bbox 1809 4032 2055 4107; x_wconf 86' lang='lat' dir='ltr'><em>fateor,</em></span> <span class='ocrx_word' id='word_1_192' title='bbox 2101 4050 2216 4091; x_wconf 89' lang='lat' dir='ltr'><em>non</em></span> <span class='ocrx_word' id='word_1_193' title='bbox 2257 4033 2405 4091; x_wconf 87' lang='lat' dir='ltr'><em>enim</em></span> <span class='ocrx_word' id='word_1_194' title='bbox 2446 4032 2552 4091; x_wconf 77' lang='lat' dir='ltr'><em>hoc</em></span> <span class='ocrx_word' id='word_1_195' title='bbox 2592 4031 2733 4091; x_wconf 83' lang='lat' dir='ltr'><em>vitio</em></span> <span class='ocrx_word' id='word_1_196' title='bbox 2783 4030 3067 4112; x_wconf 79' lang='lat' dir='ltr'><em>dandum)</em></span> <span class='ocrx_word' id='word_1_197' title='bbox 3109 4032 3197 4092; x_wconf 88' lang='lat' dir='ltr'><em>ita</em></span> <span class='ocrx_word' id='word_1_198' title='bbox 3239 4033 3387 4092; x_wconf 77' lang='lat' dir='ltr'><em>nu&#39;hi</em></span> <span class='ocrx_word' id='word_1_199' title='bbox 3507 4087 3511 4092; x_wconf 89' lang='lat'><strong>.</strong></span> 
     </span>
    </p>
   </div>
   <div class='ocr_carea' id='block_1_10' title="bbox 477 4121 3381 4458">
    <p class='ocr_par' dir='ltr' id='par_1_10' title="bbox 477 4121 3381 4384">
     <span class='ocr_line' id='line_1_22' title="bbox 477 4121 3378 4202; baseline 0.001 -22"><span class='ocrx_word' id='word_1_200' title='bbox 477 4129 698 4198; x_wconf 82' lang='lat' dir='ltr'><em>semper</em></span> <span class='ocrx_word' id='word_1_201' title='bbox 736 4121 868 4198; x_wconf 82' lang='lat' dir='ltr'><em>fuit</em></span> <span class='ocrx_word' id='word_1_202' title='bbox 905 4126 1304 4199; x_wconf 81' lang='lat' dir='ltr'><em>comparatum</em></span> <span class='ocrx_word' id='word_1_203' title='bbox 1323 4165 1340 4197; x_wconf 91' lang='lat'><strong>,</strong></span> <span class='ocrx_word' id='word_1_204' title='bbox 1385 4128 1455 4182; x_wconf 85' lang='lat' dir='ltr'><em>vt</em></span> <span class='ocrx_word' id='word_1_205' title='bbox 1490 4141 1785 4201; x_wconf 84' lang='lat' dir='ltr'><em>nunquam</em></span> <span class='ocrx_word' id='word_1_206' title='bbox 1831 4123 1910 4182; x_wconf 66' lang='grc' dir='ltr'><em>ἂν</em></span> <span class='ocrx_word' id='word_1_207' title='bbox 1952 4141 2237 4200; x_wconf 83' lang='lat' dir='ltr'><em>nusquam</em></span> <span class='ocrx_word' id='word_1_208' title='bbox 2280 4125 2419 4183; x_wconf 90' lang='lat' dir='ltr'><em>meis</em></span> <span class='ocrx_word' id='word_1_209' title='bbox 2460 4123 2610 4183; x_wconf 81' lang='lat' dir='ltr'><em>votis</em></span> <span class='ocrx_word' id='word_1_210' title='bbox 2652 4127 2826 4199; x_wconf 85' lang='lat' dir='ltr'><em>atque</em></span> <span class='ocrx_word' id='word_1_211' title='bbox 2858 4123 3067 4200; x_wconf 85' lang='lat' dir='ltr'><em>coeptis</em></span> <span class='ocrx_word' id='word_1_212' title='bbox 3101 4123 3378 4202; x_wconf 72' lang='lat' dir='ltr'><em>satisfiat.</em></span> 
     </span>
     <span class='ocr_line' id='line_1_23' title="bbox 478 4213 3381 4294; baseline 0.001 -24"><span class='ocrx_word' id='word_1_213' title='bbox 478 4213 684 4272; x_wconf 85' lang='lat' dir='ltr'><em>Multa</em></span> <span class='ocrx_word' id='word_1_214' title='bbox 748 4213 810 4273; x_wconf 87' lang='lat' dir='ltr'><em>in</em></span> <span class='ocrx_word' id='word_1_215' title='bbox 861 4213 1066 4274; x_wconf 77' lang='lat' dir='ltr'><em>multis</em></span> <span class='ocrx_word' id='word_1_216' title='bbox 1124 4223 1398 4290; x_wconf 84' lang='lat' dir='ltr'><em>(quorum</em></span> <span class='ocrx_word' id='word_1_217' title='bbox 1442 4231 1715 4275; x_wconf 86' lang='lat' dir='ltr'><em>numerus</em></span> <span class='ocrx_word' id='word_1_218' title='bbox 1757 4220 1966 4292; x_wconf 81' lang='lat' dir='ltr'><em>septem</em></span> <span class='ocrx_word' id='word_1_219' title='bbox 2008 4214 2251 4275; x_wconf 85' lang='lat' dir='ltr'><em>millium</em></span> <span class='ocrx_word' id='word_1_220' title='bbox 2276 4257 2295 4294; x_wconf 89' lang='lat'>,</span> <span class='ocrx_word' id='word_1_221' title='bbox 2349 4215 2427 4274; x_wconf 61' lang='grc' dir='ltr'><em>ὃν</em></span> <span class='ocrx_word' id='word_1_222' title='bbox 2468 4213 2629 4291; x_wconf 83' lang='lat' dir='ltr'><em>quod</em></span> <span class='ocrx_word' id='word_1_223' title='bbox 2663 4213 3038 4290; x_wconf 80' lang='lat' dir='ltr'><em>excurrebat)</em></span> <span class='ocrx_word' id='word_1_224' title='bbox 3082 4214 3341 4289; x_wconf 85' lang='lat' dir='ltr'><em>legeram</em></span> <span class='ocrx_word' id='word_1_225' title='bbox 3356 4234 3381 4274; x_wconf 79' lang='lat'><em>.-</em></span> 
     </span>
     <span class='ocr_line' id='line_1_24' title="bbox 477 4303 3381 4384; baseline 0.001 -22"><span class='ocrx_word' id='word_1_226' title='bbox 477 4303 712 4382; x_wconf 84' lang='lat' dir='ltr'><em>infinita</em></span> <span class='ocrx_word' id='word_1_227' title='bbox 753 4321 830 4364; x_wconf 83' lang='lat' dir='ltr'><em>ex</em></span> <span class='ocrx_word' id='word_1_228' title='bbox 871 4311 1040 4364; x_wconf 81' lang='lat' dir='ltr'><em>tanta</em></span> <span class='ocrx_word' id='word_1_229' title='bbox 1083 4305 1162 4365; x_wconf 66' lang='grc' dir='ltr'><em>ὁ·</em></span> <span class='ocrx_word' id='word_1_230' title='bbox 1211 4304 1490 4365; x_wconf 86' lang='lat' dir='ltr'><em>Actorum</em></span> <span class='ocrx_word' id='word_1_231' title='bbox 1539 4305 1616 4366; x_wconf 58' lang='grc' dir='ltr'><em>ὄν</em></span> <span class='ocrx_word' id='word_1_232' title='bbox 1660 4307 1981 4366; x_wconf 84' lang='lat' dir='ltr'><em>Auctorum</em></span> <span class='ocrx_word' id='word_1_233' title='bbox 2019 4307 2183 4384; x_wconf 87' lang='lat' dir='ltr'><em>copia</em></span> <span class='ocrx_word' id='word_1_234' title='bbox 2226 4311 2528 4367; x_wconf 86' lang='lat' dir='ltr'><em>enotaram</em></span> <span class='ocrx_word' id='word_1_235' title='bbox 2542 4323 2565 4365; x_wconf 93' lang='lat'><em>.·</em></span> <span class='ocrx_word' id='word_1_236' title='bbox 2598 4307 2677 4367; x_wconf 65' lang='grc' dir='ltr'><em>ὁ·</em></span> <span class='ocrx_word' id='word_1_237' title='bbox 2708 4305 2826 4366; x_wconf 83' lang='lat' dir='ltr'><em>iam</em></span> <span class='ocrx_word' id='word_1_238' title='bbox 2848 4305 3088 4368; x_wconf 77' lang='lat' dir='ltr'><em>obrutus</em></span> <span class='ocrx_word' id='word_1_239' title='bbox 3106 4306 3381 4366; x_wconf 82' lang='lat' dir='ltr'><em>immensa</em></span> 
     </span>
    </p>

    <p class='ocr_par' dir='ltr' id='par_1_11' title="bbox 3133 4397 3381 4458">
     <span class='ocr_line' id='line_1_25' title="bbox 3133 4397 3381 4458; baseline -0.004 0"><span class='ocrx_word' id='word_1_240' title='bbox 3133 4397 3381 4458; x_wconf 83' lang='lat' dir='ltr'><em>iacebam</em></span> 
     </span>
    </p>
   </div>
  </div>
 </body>
</html>
