<?xml version="1.0" encoding="UTF-8"?>
<!DOCTYPE html PUBLIC "-//W3C//DTD XHTML 1.0 Transitional//EN"
    "http://www.w3.org/TR/xhtml1/DTD/xhtml1-transitional.dtd">
<html xmlns="http://www.w3.org/1999/xhtml" xml:lang="en" lang="en">
 <head>
  <title>
</title>
<meta http-equiv="Content-Type" content="text/html;charset=utf-8" />
  <meta name='ocr-system' content='tesseract 3.04.00' />
  <meta name='ocr-capabilities' content='ocr_page ocr_carea ocr_par ocr_line ocrx_word'/>
</head>
<body>
  <div class='ocr_page' id='page_1' title='image "./dfranciscijunii00junigoog_0138.png"; bbox 0 0 3923 4875; ppageno 0'>
   <div class='ocr_carea' id='block_1_1' title="bbox 1328 349 3342 416">
    <p class='ocr_par' dir='ltr' id='par_1_1' title="bbox 1328 349 3342 416">
     <span class='ocr_line' id='line_1_1' title="bbox 1328 349 3342 416; baseline 0 0"><span class='ocrx_word' id='word_1_1' title='bbox 1328 349 1699 416; x_wconf 63' lang='lat' dir='ltr'><strong>&#39;&#39;rues&#39;ns</strong></span> <span class='ocrx_word' id='word_1_2' title='bbox 1759 365 2414 415; x_wconf 65' lang='lat' dir='ltr'><strong>Tnnonoorcan.</strong></span> <span class='ocrx_word' id='word_1_3' title='bbox 3239 369 3342 416; x_wconf 82' lang='grc' dir='ltr'><strong>ιιι</strong></span> 
     </span>
    </p>
   </div>
   <div class='ocr_carea' id='block_1_2' title="bbox 436 527 3354 628">
    <p class='ocr_par' dir='ltr' id='par_1_2' title="bbox 436 527 3354 628">
     <span class='ocr_line' id='line_1_2' title="bbox 436 527 3354 628; baseline -0.001 -31"><span class='ocrx_word' id='word_1_4' title='bbox 436 537 583 628; x_wconf 88' lang='lat' dir='ltr'><strong>bus,</strong></span> <span class='ocrx_word' id='word_1_5' title='bbox 646 535 896 611; x_wconf 76' lang='lat' dir='ltr'><strong>eamque</strong></span> <span class='ocrx_word' id='word_1_6' title='bbox 954 532 1232 611; x_wconf 89' lang='lat' dir='ltr'><strong>priuatim</strong></span> <span class='ocrx_word' id='word_1_7' title='bbox 1291 531 1354 591; x_wconf 91' lang='lat' dir='ltr'><strong>in</strong></span> <span class='ocrx_word' id='word_1_8' title='bbox 1402 529 1617 590; x_wconf 90' lang='lat' dir='ltr'><strong>animis</strong></span> <span class='ocrx_word' id='word_1_9' title='bbox 1664 528 1881 590; x_wconf 91' lang='lat' dir='ltr'><strong>nostris</strong></span> <span class='ocrx_word' id='word_1_10' title='bbox 1933 527 2208 606; x_wconf 84' lang='lat' dir='ltr'>obsignat</span> <span class='ocrx_word' id='word_1_11' title='bbox 2261 530 2316 587; x_wconf 72' lang='grc' dir='ltr'><strong>δι</strong></span> <span class='ocrx_word' id='word_1_12' title='bbox 2357 531 2669 590; x_wconf 90' lang='lat' dir='ltr'><strong>confirmat</strong></span> <span class='ocrx_word' id='word_1_13' title='bbox 2705 529 2938 591; x_wconf 91' lang='lat' dir='ltr'><strong>interno</strong></span> <span class='ocrx_word' id='word_1_14' title='bbox 2978 531 3224 608; x_wconf 85' lang='lat' dir='ltr'><strong>Spiritus</strong></span> <span class='ocrx_word' id='word_1_15' title='bbox 3262 533 3354 594; x_wconf 91' lang='lat' dir='ltr'><strong>sui</strong></span> 
     </span>
    </p>
   </div>
   <div class='ocr_carea' id='block_1_3' title="bbox 436 613 3350 780">
    <p class='ocr_par' dir='ltr' id='par_1_3' title="bbox 436 613 3350 780">
     <span class='ocr_line' id='line_1_3' title="bbox 436 613 3350 780; baseline -0.001 -25"><span class='ocrx_word' id='word_1_16' title='bbox 436 613 903 770; x_wconf 43' lang='lat' dir='ltr'><strong>toegimfficgis</strong></span> <span class='ocrx_word' id='word_1_17' title='bbox 885 691 1063 772; x_wconf 90' lang='lat' dir='ltr'><strong>igitur</strong></span> <span class='ocrx_word' id='word_1_18' title='bbox 1104 695 1268 752; x_wconf 81' lang='lat' dir='ltr'><strong>certo</strong></span> <span class='ocrx_word' id='word_1_19' title='bbox 1308 699 1545 751; x_wconf 89' lang='lat' dir='ltr'><strong>constat</strong></span> <span class='ocrx_word' id='word_1_20' title='bbox 1583 691 1762 750; x_wconf 87' lang='lat' dir='ltr'><strong>hasce</strong></span> <span class='ocrx_word' id='word_1_21' title='bbox 1802 687 2133 767; x_wconf 86' lang='lat' dir='ltr'><strong>Scripturas</strong></span> <span class='ocrx_word' id='word_1_22' title='bbox 2167 691 2208 746; x_wconf 77' lang='lat' dir='ltr'><strong>a</strong></span> <span class='ocrx_word' id='word_1_23' title='bbox 2244 689 2378 748; x_wconf 91' lang='lat' dir='ltr'><strong>Deo</strong></span> <span class='ocrx_word' id='word_1_24' title='bbox 2419 687 2742 780; x_wconf 84' lang='lat' dir='ltr'><strong>prodiisse,</strong></span> <span class='ocrx_word' id='word_1_25' title='bbox 2783 691 2839 751; x_wconf 75' lang='grc' dir='ltr'><strong>δι</strong></span> <span class='ocrx_word' id='word_1_26' title='bbox 2879 707 3006 750; x_wconf 87' lang='lat' dir='ltr'><strong>esse</strong></span> <span class='ocrx_word' id='word_1_27' title='bbox 3043 695 3182 752; x_wconf 77' lang='lat' dir='ltr'><strong>vere</strong></span> <span class='ocrx_word' id='word_1_28' title='bbox 3222 700 3350 754; x_wconf 72' lang='grc' dir='ltr'><strong><em>θεο-</em></strong></span> 
     </span>
    </p>
   </div>
   <div class='ocr_carea' id='block_1_4' title="bbox 427 734 3354 2783">
    <p class='ocr_par' dir='ltr' id='par_1_4' title="bbox 434 734 3354 1331">
     <span class='ocr_line' id='line_1_4' title="bbox 439 734 3352 866; baseline -0.001 -32"><span class='ocrx_word' id='word_1_29' title='bbox 439 777 788 866; x_wconf 63' lang='grc' dir='ltr'><strong>ῃνεύστονς,</strong></span> <span class='ocrx_word' id='word_1_30' title='bbox 832 774 957 834; x_wconf 77' lang='lat' dir='ltr'><strong>tum</strong></span> <span class='ocrx_word' id='word_1_31' title='bbox 996 791 1069 832; x_wconf 88' lang='lat' dir='ltr'><strong>ex</strong></span> <span class='ocrx_word' id='word_1_32' title='bbox 1108 770 1341 831; x_wconf 88' lang='lat' dir='ltr'><strong>illarum</strong></span> <span class='ocrx_word' id='word_1_33' title='bbox 1381 767 1625 830; x_wconf 88' lang='lat' dir='ltr'><strong>materia</strong></span> <span class='ocrx_word' id='word_1_34' title='bbox 1662 770 1719 828; x_wconf 76' lang='grc' dir='ltr'><strong>δι</strong></span> <span class='ocrx_word' id='word_1_35' title='bbox 1758 770 1983 847; x_wconf 89' lang='lat' dir='ltr'><strong>forma,</strong></span> <span class='ocrx_word' id='word_1_36' title='bbox 2032 769 2171 827; x_wconf 77' lang='lat' dir='ltr'><strong>cum</strong></span> <span class='ocrx_word' id='word_1_37' title='bbox 2213 767 2360 827; x_wconf 85' lang='lat' dir='ltr'>nihil</span> <span class='ocrx_word' id='word_1_38' title='bbox 2399 767 2511 828; x_wconf 89' lang='lat' dir='ltr'><strong>nisi</strong></span> <span class='ocrx_word' id='word_1_39' title='bbox 2531 734 2800 829; x_wconf 88' lang='lat' dir='ltr'><strong>diuinum</strong></span> <span class='ocrx_word' id='word_1_40' title='bbox 2819 769 3064 830; x_wconf 79' lang='lat' dir='ltr'><strong>materia</strong></span> <span class='ocrx_word' id='word_1_41' title='bbox 3082 773 3140 829; x_wconf 73' lang='grc' dir='ltr'><strong>δι</strong></span> <span class='ocrx_word' id='word_1_42' title='bbox 3159 773 3352 832; x_wconf 71' lang='lat' dir='ltr'><strong>forma</strong></span> 
     </span>
     <span class='ocr_line' id='line_1_5' title="bbox 438 846 3354 944; baseline -0.001 -30"><span class='ocrx_word' id='word_1_43' title='bbox 438 855 499 914; x_wconf 93' lang='lat' dir='ltr'><strong>in</strong></span> <span class='ocrx_word' id='word_1_44' title='bbox 543 853 843 944; x_wconf 75' lang='lat' dir='ltr'><strong>Scriptura</strong></span> <span class='ocrx_word' id='word_1_45' title='bbox 885 850 1251 930; x_wconf 88' lang='lat' dir='ltr'><strong>deprehendi</strong></span> <span class='ocrx_word' id='word_1_46' title='bbox 1292 849 1511 928; x_wconf 80' lang='lat' dir='ltr'><strong>possit,</strong></span> <span class='ocrx_word' id='word_1_47' title='bbox 1559 851 1616 910; x_wconf 75' lang='grc' dir='ltr'><strong>δι</strong></span> <span class='ocrx_word' id='word_1_48' title='bbox 1654 848 1819 910; x_wconf 90' lang='lat' dir='ltr'><strong>libris</strong></span> <span class='ocrx_word' id='word_1_49' title='bbox 1858 848 1984 909; x_wconf 91' lang='lat' dir='ltr'><strong>eius</strong></span> <span class='ocrx_word' id='word_1_50' title='bbox 2026 846 2270 924; x_wconf 86' lang='lat' dir='ltr'><strong>singulis</strong></span> <span class='ocrx_word' id='word_1_51' title='bbox 2290 846 2620 908; x_wconf 85' lang='lat' dir='ltr'><strong>canonicis:</strong></span> <span class='ocrx_word' id='word_1_52' title='bbox 2639 858 2767 908; x_wconf 90' lang='lat' dir='ltr'><strong>tum</strong></span> <span class='ocrx_word' id='word_1_53' title='bbox 2787 867 2862 910; x_wconf 85' lang='lat' dir='ltr'><strong>ex</strong></span> <span class='ocrx_word' id='word_1_54' title='bbox 2881 849 3219 911; x_wconf 88' lang='lat' dir='ltr'><strong>testimonio</strong></span> <span class='ocrx_word' id='word_1_55' title='bbox 3237 851 3354 912; x_wconf 91' lang='lat' dir='ltr'><strong>Dei</strong></span> 
     </span>
     <span class='ocr_line' id='line_1_6' title="bbox 435 927 3351 1025; baseline -0.001 -32"><span class='ocrx_word' id='word_1_56' title='bbox 435 951 545 1025; x_wconf 91' lang='lat' dir='ltr'><strong>per</strong></span> <span class='ocrx_word' id='word_1_57' title='bbox 582 931 878 1011; x_wconf 89' lang='lat' dir='ltr'><strong>spiritum,</strong></span> <span class='ocrx_word' id='word_1_58' title='bbox 919 933 1087 1023; x_wconf 82' lang='lat' dir='ltr'><strong>quod</strong></span> <span class='ocrx_word' id='word_1_59' title='bbox 1129 931 1191 991; x_wconf 91' lang='lat' dir='ltr'><strong>in</strong></span> <span class='ocrx_word' id='word_1_60' title='bbox 1229 930 1406 991; x_wconf 89' lang='lat' dir='ltr'><strong>nobis</strong></span> <span class='ocrx_word' id='word_1_61' title='bbox 1444 928 1583 1007; x_wconf 91' lang='lat' dir='ltr'><strong>ipsis</strong></span> <span class='ocrx_word' id='word_1_62' title='bbox 1622 930 1943 1021; x_wconf 89' lang='lat' dir='ltr'><strong>habemus,</strong></span> <span class='ocrx_word' id='word_1_63' title='bbox 1985 927 2035 988; x_wconf 89' lang='lat' dir='ltr'><strong>si</strong></span> <span class='ocrx_word' id='word_1_64' title='bbox 2071 927 2135 987; x_wconf 93' lang='lat' dir='ltr'><strong>in</strong></span> <span class='ocrx_word' id='word_1_65' title='bbox 2172 927 2473 988; x_wconf 80' lang='lat' dir='ltr'><strong>Christum</strong></span> <span class='ocrx_word' id='word_1_66' title='bbox 2513 928 3351 1008; x_wconf 80' lang='lat' dir='ltr'><strong>credimus,1.I0}1.5.1o.</strong></span> 
     </span>
     <span class='ocr_line' id='line_1_7' title="bbox 439 975 3351 1091; baseline -0.001 -18"><span class='ocrx_word' id='word_1_67' title='bbox 439 1012 688 1091; x_wconf 80' lang='lat' dir='ltr'><strong>Spiritus</strong></span> <span class='ocrx_word' id='word_1_68' title='bbox 748 1023 947 1074; x_wconf 90' lang='lat' dir='ltr'><strong>autem</strong></span> <span class='ocrx_word' id='word_1_69' title='bbox 1006 1011 1107 1072; x_wconf 93' lang='lat' dir='ltr'><strong>ille</strong></span> <span class='ocrx_word' id='word_1_70' title='bbox 1165 1029 1279 1072; x_wconf 91' lang='lat' dir='ltr'><strong>nos</strong></span> <span class='ocrx_word' id='word_1_71' title='bbox 1338 1011 1518 1071; x_wconf 89' lang='lat' dir='ltr'><strong>docet</strong></span> <span class='ocrx_word' id='word_1_72' title='bbox 1579 1007 1810 1088; x_wconf 88' lang='lat' dir='ltr'><strong>omnia,</strong></span> <span class='ocrx_word' id='word_1_73' title='bbox 1868 975 2094 1068; x_wconf 81' lang='lat' dir='ltr'><strong>Ibidem</strong></span> <span class='ocrx_word' id='word_1_74' title='bbox 2147 1027 2202 1067; x_wconf 83' lang='lat'><strong>2.</strong></span> <span class='ocrx_word' id='word_1_75' title='bbox 2257 1023 2352 1083; x_wconf 84' lang='lat'><strong>27.</strong></span> <span class='ocrx_word' id='word_1_76' title='bbox 2405 1008 2462 1067; x_wconf 75' lang='grc' dir='ltr'><strong>δε</strong></span> <span class='ocrx_word' id='word_1_77' title='bbox 2501 1009 2632 1068; x_wconf 73' lang='lat' dir='ltr'><strong>Iole.</strong></span> <span class='ocrx_word' id='word_1_78' title='bbox 2675 1012 2735 1070; x_wconf 90' lang='lat'><strong>6.</strong></span> <span class='ocrx_word' id='word_1_79' title='bbox 2775 1025 2874 1087; x_wconf 90' lang='lat'><strong>45.</strong></span> <span class='ocrx_word' id='word_1_80' title='bbox 2913 1027 3083 1071; x_wconf 67' lang='lat' dir='ltr'><strong>aures</strong></span> <span class='ocrx_word' id='word_1_81' title='bbox 3120 1021 3351 1072; x_wconf 88' lang='lat' dir='ltr'><strong>nostras</strong></span> 
     </span>
     <span class='ocr_line' id='line_1_8' title="bbox 439 1087 3350 1184; baseline -0 -31"><span class='ocrx_word' id='word_1_82' title='bbox 439 1093 753 1184; x_wconf 91' lang='lat' dir='ltr'><strong>aperiens,</strong></span> <span class='ocrx_word' id='word_1_83' title='bbox 793 1097 916 1170; x_wconf 79' lang='lat' dir='ltr'><strong>quo</strong></span> <span class='ocrx_word' id='word_1_84' title='bbox 952 1110 1167 1152; x_wconf 83' lang='lat' dir='ltr'><strong>vocem</strong></span> <span class='ocrx_word' id='word_1_85' title='bbox 1205 1089 1455 1168; x_wconf 86' lang='lat' dir='ltr'><strong>pastoris</strong></span> <span class='ocrx_word' id='word_1_86' title='bbox 1491 1089 1679 1151; x_wconf 89' lang='lat' dir='ltr'><strong>nostri</strong></span> <span class='ocrx_word' id='word_1_87' title='bbox 1716 1089 2068 1168; x_wconf 84' lang='lat' dir='ltr'><strong>dignoscere</strong></span> <span class='ocrx_word' id='word_1_88' title='bbox 2107 1087 2596 1166; x_wconf 65' lang='lat' dir='ltr'><strong>peregrinamque</strong></span> <span class='ocrx_word' id='word_1_89' title='bbox 2631 1090 3350 1181; x_wconf 77' lang='lat' dir='ltr'><strong>fugere.Iol1an.1o.&amp;</strong></span> 
     </span>
     <span class='ocr_line' id='line_1_9' title="bbox 434 1167 3348 1250; baseline -0 -18"><span class='ocrx_word' id='word_1_90' title='bbox 434 1183 672 1250; x_wconf 90' lang='lat' dir='ltr'><strong>gustum</strong></span> <span class='ocrx_word' id='word_1_91' title='bbox 734 1171 947 1233; x_wconf 88' lang='lat' dir='ltr'><strong>indens</strong></span> <span class='ocrx_word' id='word_1_92' title='bbox 999 1175 1121 1249; x_wconf 80' lang='lat' dir='ltr'><strong>quo</strong></span> <span class='ocrx_word' id='word_1_93' title='bbox 1184 1171 1383 1231; x_wconf 90' lang='lat' dir='ltr'><strong>diuina</strong></span> <span class='ocrx_word' id='word_1_94' title='bbox 1442 1170 1521 1229; x_wconf 89' lang='lat' dir='ltr'><strong>ab</strong></span> <span class='ocrx_word' id='word_1_95' title='bbox 1574 1169 1845 1229; x_wconf 89' lang='lat' dir='ltr'><strong>humanis</strong></span> <span class='ocrx_word' id='word_1_96' title='bbox 1858 1214 1877 1248; x_wconf 87' lang='lat'><strong>,</strong></span> <span class='ocrx_word' id='word_1_97' title='bbox 1932 1186 2078 1228; x_wconf 77' lang='lat' dir='ltr'><strong>vera</strong></span> <span class='ocrx_word' id='word_1_98' title='bbox 2129 1169 2168 1226; x_wconf 75' lang='lat' dir='ltr'><strong>a</strong></span> <span class='ocrx_word' id='word_1_99' title='bbox 2204 1167 2391 1246; x_wconf 85' lang='lat' dir='ltr'><strong>falsis,</strong></span> <span class='ocrx_word' id='word_1_100' title='bbox 2444 1168 2658 1246; x_wconf 84' lang='lat' dir='ltr'><strong>singuli</strong></span> <span class='ocrx_word' id='word_1_101' title='bbox 2705 1187 2818 1247; x_wconf 91' lang='lat' dir='ltr'><strong>pro</strong></span> <span class='ocrx_word' id='word_1_102' title='bbox 2855 1170 3102 1231; x_wconf 90' lang='lat' dir='ltr'><strong>modulo</strong></span> <span class='ocrx_word' id='word_1_103' title='bbox 3140 1181 3348 1232; x_wconf 88' lang='lat' dir='ltr'><strong>nostro</strong></span> 
     </span>
     <span class='ocr_line' id='line_1_10' title="bbox 436 1251 2188 1345; baseline -0.002 -34"><span class='ocrx_word' id='word_1_104' title='bbox 436 1251 762 1313; x_wconf 90' lang='lat' dir='ltr'><strong>diiudicare</strong></span> <span class='ocrx_word' id='word_1_105' title='bbox 802 1251 1118 1345; x_wconf 89' lang='lat' dir='ltr'><strong>possimus.</strong></span> <span class='ocrx_word' id='word_1_106' title='bbox 1164 1271 1215 1312; x_wconf 95' lang='lat'><strong>1.</strong></span> <span class='ocrx_word' id='word_1_107' title='bbox 1266 1253 1406 1312; x_wconf 87' lang='lat' dir='ltr'><strong>Cor.</strong></span> <span class='ocrx_word' id='word_1_108' title='bbox 1452 1251 1933 1326; x_wconf 79' lang='lat' dir='ltr'><strong>10.15Iohan.</strong></span> <span class='ocrx_word' id='word_1_109' title='bbox 1981 1265 2011 1324; x_wconf 89' lang='lat'><strong>7</strong></span> <span class='ocrx_word' id='word_1_110' title='bbox 2029 1293 2048 1327; x_wconf 87' lang='lat'><strong>,</strong></span> <span class='ocrx_word' id='word_1_111' title='bbox 2095 1263 2188 1323; x_wconf 91' lang='lat'><strong>17.</strong></span> 
     </span>
    </p>

    <p class='ocr_par' dir='ltr' id='par_1_5' title="bbox 431 1328 3351 1794">
     <span class='ocr_line' id='line_1_11' title="bbox 519 1328 3349 1420; baseline 0 -29"><span class='ocrx_word' id='word_1_112' title='bbox 519 1347 575 1409; x_wconf 91' lang='lat'><strong>5.</strong></span> <span class='ocrx_word' id='word_1_113' title='bbox 653 1331 906 1393; x_wconf 89' lang='lat' dir='ltr'><strong>Accedit</strong></span> <span class='ocrx_word' id='word_1_114' title='bbox 956 1331 1307 1392; x_wconf 80' lang='lat' dir='ltr'><strong>secundario</strong></span> <span class='ocrx_word' id='word_1_115' title='bbox 1360 1332 1788 1408; x_wconf 87' lang='lat' dir='ltr'><strong>Prophetarum</strong></span> <span class='ocrx_word' id='word_1_116' title='bbox 1836 1330 1893 1388; x_wconf 77' lang='grc' dir='ltr'><strong>δι</strong></span> <span class='ocrx_word' id='word_1_117' title='bbox 1933 1329 2366 1420; x_wconf 88' lang='lat' dir='ltr'><strong>Apostolorum</strong></span> <span class='ocrx_word' id='word_1_118' title='bbox 2404 1332 2712 1420; x_wconf 75' lang='lat' dir='ltr'><strong>(tanquam</strong></span> <span class='ocrx_word' id='word_1_119' title='bbox 2751 1328 3128 1408; x_wconf 91' lang='lat' dir='ltr'><strong>publicorum</strong></span> <span class='ocrx_word' id='word_1_120' title='bbox 3167 1333 3349 1391; x_wconf 89' lang='lat' dir='ltr'><strong>Nota·</strong></span> 
     </span>
     <span class='ocr_line' id='line_1_12' title="bbox 436 1407 3351 1504; baseline 0 -32"><span class='ocrx_word' id='word_1_121' title='bbox 436 1411 657 1472; x_wconf 90' lang='lat' dir='ltr'><strong>riorum</strong></span> <span class='ocrx_word' id='word_1_122' title='bbox 706 1412 854 1491; x_wconf 90' lang='lat' dir='ltr'><strong>Dei,</strong></span> <span class='ocrx_word' id='word_1_123' title='bbox 893 1412 949 1471; x_wconf 78' lang='grc' dir='ltr'><strong>δι</strong></span> <span class='ocrx_word' id='word_1_124' title='bbox 990 1410 1321 1504; x_wconf 85' lang='lat' dir='ltr'><strong>Ecclesiae)</strong></span> <span class='ocrx_word' id='word_1_125' title='bbox 1358 1409 1733 1502; x_wconf 80' lang='lat' dir='ltr'><strong>authoritaS,</strong></span> <span class='ocrx_word' id='word_1_126' title='bbox 1749 1408 1855 1486; x_wconf 91' lang='lat' dir='ltr'><strong>qui</strong></span> <span class='ocrx_word' id='word_1_127' title='bbox 1890 1411 2053 1469; x_wconf 79' lang='lat' dir='ltr'><strong>velut</strong></span> <span class='ocrx_word' id='word_1_128' title='bbox 2091 1407 2285 1486; x_wconf 86' lang='lat' dir='ltr'><strong>sigillo</strong></span> <span class='ocrx_word' id='word_1_129' title='bbox 2327 1424 2438 1468; x_wconf 88' lang='lat' dir='ltr'><strong>suo</strong></span> <span class='ocrx_word' id='word_1_130' title='bbox 2475 1408 2751 1487; x_wconf 90' lang='lat' dir='ltr'><strong>apposito</strong></span> <span class='ocrx_word' id='word_1_131' title='bbox 2791 1419 3110 1490; x_wconf 83' lang='lat' dir='ltr'><strong>testantur,</strong></span> <span class='ocrx_word' id='word_1_132' title='bbox 3149 1411 3351 1472; x_wconf 89' lang='lat' dir='ltr'><strong>omnia</strong></span> 
     </span>
     <span class='ocr_line' id='line_1_13' title="bbox 436 1455 3350 1570; baseline 0 -19"><span class='ocrx_word' id='word_1_133' title='bbox 436 1509 591 1570; x_wconf 89' lang='lat' dir='ltr'><strong>quae</strong></span> <span class='ocrx_word' id='word_1_134' title='bbox 648 1491 710 1552; x_wconf 93' lang='lat' dir='ltr'><strong>in</strong></span> <span class='ocrx_word' id='word_1_135' title='bbox 768 1492 861 1554; x_wconf 90' lang='lat' dir='ltr'><strong>his</strong></span> <span class='ocrx_word' id='word_1_136' title='bbox 922 1490 1225 1570; x_wconf 90' lang='lat' dir='ltr'><strong>scripturis</strong></span> <span class='ocrx_word' id='word_1_137' title='bbox 1284 1490 1663 1552; x_wconf 89' lang='lat' dir='ltr'><strong>continentur</strong></span> <span class='ocrx_word' id='word_1_138' title='bbox 1712 1487 2072 1567; x_wconf 89' lang='lat' dir='ltr'><strong>ipsissimum</strong></span> <span class='ocrx_word' id='word_1_139' title='bbox 2121 1506 2251 1549; x_wconf 58' lang='lat' dir='ltr'><strong>esse</strong></span> <span class='ocrx_word' id='word_1_140' title='bbox 2297 1487 2415 1549; x_wconf 91' lang='lat' dir='ltr'><strong>Dei</strong></span> <span class='ocrx_word' id='word_1_141' title='bbox 2449 1489 2730 1550; x_wconf 85' lang='lat' dir='ltr'><strong>verbum:</strong></span> <span class='ocrx_word' id='word_1_142' title='bbox 2771 1507 2898 1550; x_wconf 90' lang='lat' dir='ltr'><strong>non</strong></span> <span class='ocrx_word' id='word_1_143' title='bbox 2938 1507 3056 1567; x_wconf 92' lang='lat' dir='ltr'><strong>qua</strong></span> <span class='ocrx_word' id='word_1_144' title='bbox 3090 1455 3350 1552; x_wconf 90' lang='lat' dir='ltr'><strong>Ministri</strong></span> 
     </span>
     <span class='ocr_line' id='line_1_14' title="bbox 434 1567 3347 1650; baseline 0 -19"><span class='ocrx_word' id='word_1_145' title='bbox 434 1570 735 1632; x_wconf 58' lang='lat' dir='ltr'><strong>Ecclesiae</strong></span> <span class='ocrx_word' id='word_1_146' title='bbox 773 1571 1145 1650; x_wconf 88' lang='lat' dir='ltr'><strong>simpliciter,</strong></span> <span class='ocrx_word' id='word_1_147' title='bbox 1187 1573 1293 1632; x_wconf 90' lang='lat' dir='ltr'><strong>sed</strong></span> <span class='ocrx_word' id='word_1_148' title='bbox 1329 1587 1449 1649; x_wconf 93' lang='lat' dir='ltr'><strong>qua</strong></span> <span class='ocrx_word' id='word_1_149' title='bbox 1487 1568 1813 1631; x_wconf 88' lang='lat' dir='ltr'><strong>certissima</strong></span> <span class='ocrx_word' id='word_1_150' title='bbox 1844 1587 2070 1648; x_wconf 89' lang='lat' dir='ltr'><strong>organa</strong></span> <span class='ocrx_word' id='word_1_151' title='bbox 2111 1567 2171 1628; x_wconf 90' lang='lat' dir='ltr'><strong>S.</strong></span> <span class='ocrx_word' id='word_1_152' title='bbox 2211 1568 2414 1630; x_wconf 87' lang='lat' dir='ltr'><strong>Sancti</strong></span> <span class='ocrx_word' id='word_1_153' title='bbox 2451 1569 2530 1629; x_wconf 87' lang='lat' dir='ltr'><strong>ad</strong></span> <span class='ocrx_word' id='word_1_154' title='bbox 2548 1570 2669 1630; x_wconf 92' lang='lat' dir='ltr'><strong>hoc</strong></span> <span class='ocrx_word' id='word_1_155' title='bbox 2689 1587 2901 1630; x_wconf 91' lang='lat' dir='ltr'><strong>munus</strong></span> <span class='ocrx_word' id='word_1_156' title='bbox 2921 1569 3060 1630; x_wconf 91' lang='lat' dir='ltr'><strong>inde</strong></span> <span class='ocrx_word' id='word_1_157' title='bbox 3082 1573 3162 1631; x_wconf 90' lang='lat' dir='ltr'><strong>ab</strong></span> <span class='ocrx_word' id='word_1_158' title='bbox 3181 1581 3347 1632; x_wconf 89' lang='lat' dir='ltr'><strong>vtero</strong></span> 
     </span>
     <span class='ocr_line' id='line_1_15' title="bbox 434 1647 3346 1730; baseline -0 -18"><span class='ocrx_word' id='word_1_159' title='bbox 434 1650 813 1712; x_wconf 85' lang='lat' dir='ltr'><strong>sanctificata.</strong></span> <span class='ocrx_word' id='word_1_160' title='bbox 850 1655 1064 1712; x_wconf 85' lang='lat' dir='ltr'><strong>Ierem.</strong></span> <span class='ocrx_word' id='word_1_161' title='bbox 1114 1673 1165 1712; x_wconf 91' lang='lat'><strong>1.</strong></span> <span class='ocrx_word' id='word_1_162' title='bbox 1209 1667 1265 1728; x_wconf 91' lang='lat'><strong>5.</strong></span> <span class='ocrx_word' id='word_1_163' title='bbox 1314 1652 1517 1726; x_wconf 86' lang='lat' dir='ltr'><strong>Quare</strong></span> <span class='ocrx_word' id='word_1_164' title='bbox 1554 1649 1795 1711; x_wconf 89' lang='lat' dir='ltr'><strong>illorum</strong></span> <span class='ocrx_word' id='word_1_165' title='bbox 1834 1647 2266 1729; x_wconf 89' lang='lat' dir='ltr'><strong>testimonium,</strong></span> <span class='ocrx_word' id='word_1_166' title='bbox 2301 1668 2426 1710; x_wconf 89' lang='lat' dir='ltr'><strong>non</strong></span> <span class='ocrx_word' id='word_1_167' title='bbox 2461 1659 2554 1710; x_wconf 60' lang='lat' dir='ltr'><strong>est</strong></span> <span class='ocrx_word' id='word_1_168' title='bbox 2589 1650 2884 1712; x_wconf 85' lang='lat' dir='ltr'><strong>humanae</strong></span> <span class='ocrx_word' id='word_1_169' title='bbox 2924 1648 3168 1711; x_wconf 89' lang='lat' dir='ltr'><strong>rationis</strong></span> <span class='ocrx_word' id='word_1_170' title='bbox 3181 1696 3199 1730; x_wconf 93' lang='lat'><strong>,</strong></span> <span class='ocrx_word' id='word_1_171' title='bbox 3241 1651 3346 1711; x_wconf 88' lang='lat' dir='ltr'><strong>sed</strong></span> 
     </span>
     <span class='ocr_line' id='line_1_16' title="bbox 431 1730 1609 1794; baseline -0.001 -2"><span class='ocrx_word' id='word_1_172' title='bbox 431 1730 667 1792; x_wconf 88' lang='lat' dir='ltr'><strong>diuinae</strong></span> <span class='ocrx_word' id='word_1_173' title='bbox 698 1731 1039 1794; x_wconf 89' lang='lat' dir='ltr'><strong>authoritati</strong></span> <span class='ocrx_word' id='word_1_174' title='bbox 1078 1731 1457 1793; x_wconf 89' lang='lat' dir='ltr'><strong>tribuendum</strong></span> <span class='ocrx_word' id='word_1_175' title='bbox 1500 1740 1609 1792; x_wconf 68' lang='lat' dir='ltr'><strong>est.</strong></span> 
     </span>
    </p>

    <p class='ocr_par' dir='ltr' id='par_1_6' title="bbox 431 1807 3348 2291">
     <span class='ocr_line' id='line_1_17' title="bbox 512 1807 3344 1903; baseline 0.001 -33"><span class='ocrx_word' id='word_1_176' title='bbox 512 1813 571 1871; x_wconf 93' lang='lat'><strong>6.</strong></span> <span class='ocrx_word' id='word_1_177' title='bbox 650 1811 1044 1873; x_wconf 85' lang='lat' dir='ltr'><strong>Posteriorem</strong></span> <span class='ocrx_word' id='word_1_178' title='bbox 1103 1813 1304 1873; x_wconf 91' lang='lat' dir='ltr'><strong>locum</strong></span> <span class='ocrx_word' id='word_1_179' title='bbox 1359 1811 1589 1872; x_wconf 90' lang='lat' dir='ltr'><strong>obtinet</strong></span> <span class='ocrx_word' id='word_1_180' title='bbox 1648 1809 1971 1871; x_wconf 87' lang='lat' dir='ltr'><strong>authoritas</strong></span> <span class='ocrx_word' id='word_1_181' title='bbox 2025 1807 2364 1902; x_wconf 88' lang='lat' dir='ltr'><strong>Ecclesiae,</strong></span> <span class='ocrx_word' id='word_1_182' title='bbox 2404 1826 2559 1903; x_wconf 77' lang='lat' dir='ltr'><strong>quae</strong></span> <span class='ocrx_word' id='word_1_183' title='bbox 2595 1809 2735 1871; x_wconf 88' lang='lat' dir='ltr'><strong>inde</strong></span> <span class='ocrx_word' id='word_1_184' title='bbox 2772 1814 2811 1870; x_wconf 77' lang='lat' dir='ltr'><strong>a</strong></span> <span class='ocrx_word' id='word_1_185' title='bbox 2849 1809 3142 1889; x_wconf 89' lang='lat' dir='ltr'><strong>principio</strong></span> <span class='ocrx_word' id='word_1_186' title='bbox 3182 1812 3344 1873; x_wconf 90' lang='lat' dir='ltr'><strong>hunc</strong></span> 
     </span>
     <span class='ocr_line' id='line_1_18' title="bbox 432 1889 3342 1970; baseline 0 -18"><span class='ocrx_word' id='word_1_187' title='bbox 432 1891 743 1952; x_wconf 91' lang='lat' dir='ltr'><strong>Canonem</strong></span> <span class='ocrx_word' id='word_1_188' title='bbox 791 1912 901 1970; x_wconf 90' lang='lat' dir='ltr'><strong>per</strong></span> <span class='ocrx_word' id='word_1_189' title='bbox 950 1909 1159 1954; x_wconf 89' lang='lat' dir='ltr'><strong>manus</strong></span> <span class='ocrx_word' id='word_1_190' title='bbox 1211 1892 1461 1970; x_wconf 87' lang='lat' dir='ltr'><strong>posteris</strong></span> <span class='ocrx_word' id='word_1_191' title='bbox 1500 1889 1743 1952; x_wconf 85' lang='lat' dir='ltr'><strong>tradidit</strong></span> <span class='ocrx_word' id='word_1_192' title='bbox 1756 1934 1773 1968; x_wconf 89' lang='lat'><strong>,</strong></span> <span class='ocrx_word' id='word_1_193' title='bbox 1815 1899 2154 1951; x_wconf 86' lang='lat' dir='ltr'><strong>contestans</strong></span> <span class='ocrx_word' id='word_1_194' title='bbox 2194 1889 2607 1951; x_wconf 88' lang='lat' dir='ltr'><strong>certitudinem</strong></span> <span class='ocrx_word' id='word_1_195' title='bbox 2645 1889 2826 1970; x_wconf 91' lang='lat' dir='ltr'><strong>illius,</strong></span> <span class='ocrx_word' id='word_1_196' title='bbox 2867 1890 3247 1969; x_wconf 82' lang='lat' dir='ltr'><strong>sincerosque</strong></span> <span class='ocrx_word' id='word_1_197' title='bbox 3287 1895 3342 1952; x_wconf 77' lang='grc' dir='ltr'><strong>δι</strong></span> 
     </span>
     <span class='ocr_line' id='line_1_19' title="bbox 433 1968 3348 2049; baseline 0 -17"><span class='ocrx_word' id='word_1_198' title='bbox 433 1973 769 2032; x_wconf 89' lang='lat' dir='ltr'><strong>Germanos</strong></span> <span class='ocrx_word' id='word_1_199' title='bbox 826 1972 1011 2034; x_wconf 90' lang='lat' dir='ltr'><strong>libros</strong></span> <span class='ocrx_word' id='word_1_200' title='bbox 1061 1972 1403 2034; x_wconf 89' lang='lat' dir='ltr'><strong>discernens</strong></span> <span class='ocrx_word' id='word_1_201' title='bbox 1453 1973 1532 2032; x_wconf 91' lang='lat' dir='ltr'><strong>ab</strong></span> <span class='ocrx_word' id='word_1_202' title='bbox 1579 1968 1923 2032; x_wconf 88' lang='lat' dir='ltr'><strong>adulterinis</strong></span> <span class='ocrx_word' id='word_1_203' title='bbox 1973 1973 2030 2031; x_wconf 76' lang='grc' dir='ltr'><strong>δι</strong></span> <span class='ocrx_word' id='word_1_204' title='bbox 2068 1969 2482 2048; x_wconf 84' lang='lat' dir='ltr'><strong>supposititiis,</strong></span> <span class='ocrx_word' id='word_1_205' title='bbox 2523 1972 2705 2048; x_wconf 73' lang='lat' dir='ltr'><strong>idque</strong></span> <span class='ocrx_word' id='word_1_206' title='bbox 2743 1989 2854 2049; x_wconf 92' lang='lat' dir='ltr'><strong>pro</strong></span> <span class='ocrx_word' id='word_1_207' title='bbox 2897 1970 3098 2032; x_wconf 85' lang='lat' dir='ltr'><strong>officio</strong></span> <span class='ocrx_word' id='word_1_208' title='bbox 3137 1988 3245 2032; x_wconf 91' lang='lat' dir='ltr'><strong>suo</strong></span> <span class='ocrx_word' id='word_1_209' title='bbox 3287 1971 3348 2032; x_wconf 90' lang='lat' dir='ltr'><strong>in</strong></span> 
     </span>
     <span class='ocr_line' id='line_1_20' title="bbox 431 2049 3350 2130; baseline 0 -18"><span class='ocrx_word' id='word_1_210' title='bbox 431 2050 707 2130; x_wconf 92' lang='lat' dir='ltr'><strong>deposito</strong></span> <span class='ocrx_word' id='word_1_211' title='bbox 752 2053 1182 2115; x_wconf 81' lang='lat' dir='ltr'><strong>conseruando,</strong></span> <span class='ocrx_word' id='word_1_212' title='bbox 1223 2055 1364 2114; x_wconf 90' lang='lat' dir='ltr'><strong>Non</strong></span> <span class='ocrx_word' id='word_1_213' title='bbox 1404 2051 1565 2113; x_wconf 91' lang='lat' dir='ltr'><strong>enim</strong></span> <span class='ocrx_word' id='word_1_214' title='bbox 1606 2049 1885 2113; x_wconf 91' lang='lat' dir='ltr'><strong>discreuit</strong></span> <span class='ocrx_word' id='word_1_215' title='bbox 1924 2050 2071 2110; x_wconf 92' lang='lat' dir='ltr'><strong>olim</strong></span> <span class='ocrx_word' id='word_1_216' title='bbox 2111 2049 2380 2110; x_wconf 87' lang='lat' dir='ltr'><strong>Ecclesia</strong></span> <span class='ocrx_word' id='word_1_217' title='bbox 2417 2050 2604 2111; x_wconf 91' lang='lat' dir='ltr'><strong>libros</strong></span> <span class='ocrx_word' id='word_1_218' title='bbox 2623 2050 2964 2112; x_wconf 89' lang='lat' dir='ltr'><strong>Canonicos</strong></span> <span class='ocrx_word' id='word_1_219' title='bbox 2984 2053 3062 2112; x_wconf 94' lang='lat' dir='ltr'><strong>ab</strong></span> <span class='ocrx_word' id='word_1_220' title='bbox 3083 2055 3350 2130; x_wconf 88' lang='lat' dir='ltr'><strong>Apocry-</strong></span> 
     </span>
     <span class='ocr_line' id='line_1_21' title="bbox 434 2128 3350 2222; baseline 0 -30"><span class='ocrx_word' id='word_1_221' title='bbox 434 2131 567 2209; x_wconf 88' lang='lat' dir='ltr'><strong>phis</strong></span> <span class='ocrx_word' id='word_1_222' title='bbox 616 2131 746 2192; x_wconf 68' lang='lat' dir='ltr'><strong>sola</strong></span> <span class='ocrx_word' id='word_1_223' title='bbox 799 2132 1155 2194; x_wconf 87' lang='lat' dir='ltr'><strong>authoritate</strong></span> <span class='ocrx_word' id='word_1_224' title='bbox 1208 2150 1339 2193; x_wconf 91' lang='lat' dir='ltr'><strong>sua:</strong></span> <span class='ocrx_word' id='word_1_225' title='bbox 1380 2132 1486 2194; x_wconf 88' lang='lat' dir='ltr'><strong>sed</strong></span> <span class='ocrx_word' id='word_1_226' title='bbox 1527 2130 1725 2210; x_wconf 91' lang='lat' dir='ltr'><strong>potius</strong></span> <span class='ocrx_word' id='word_1_227' title='bbox 1764 2129 1965 2190; x_wconf 87' lang='lat' dir='ltr'><strong>diuina</strong></span> <span class='ocrx_word' id='word_1_228' title='bbox 2005 2128 2359 2191; x_wconf 87' lang='lat' dir='ltr'><strong>authoritate</strong></span> <span class='ocrx_word' id='word_1_229' title='bbox 2399 2128 2716 2222; x_wconf 90' lang='lat' dir='ltr'><strong>discretos,</strong></span> <span class='ocrx_word' id='word_1_230' title='bbox 2756 2133 2874 2192; x_wconf 91' lang='lat' dir='ltr'><strong>fide</strong></span> <span class='ocrx_word' id='word_1_231' title='bbox 2913 2133 2970 2192; x_wconf 74' lang='grc' dir='ltr'><strong>ὅτ</strong></span> <span class='ocrx_word' id='word_1_232' title='bbox 3007 2133 3350 2212; x_wconf 80' lang='lat' dir='ltr'><strong>prudentia,</strong></span> 
     </span>
     <span class='ocr_line' id='line_1_22' title="bbox 434 2208 2994 2304; baseline -0 -32"><span class='ocrx_word' id='word_1_233' title='bbox 434 2214 490 2272; x_wconf 76' lang='grc' dir='ltr'><strong>δι</strong></span> <span class='ocrx_word' id='word_1_234' title='bbox 530 2219 603 2271; x_wconf 79' lang='lat' dir='ltr'><strong>ea</strong></span> <span class='ocrx_word' id='word_1_235' title='bbox 642 2219 763 2289; x_wconf 79' lang='lat' dir='ltr'><strong>qua</strong></span> <span class='ocrx_word' id='word_1_236' title='bbox 802 2214 1067 2304; x_wconf 90' lang='lat' dir='ltr'><strong>pollebat</strong></span> <span class='ocrx_word' id='word_1_237' title='bbox 1106 2229 1404 2273; x_wconf 87' lang='lat' dir='ltr'><strong>sacrarum</strong></span> <span class='ocrx_word' id='word_1_238' title='bbox 1440 2229 1641 2271; x_wconf 90' lang='lat' dir='ltr'><strong>rerum</strong></span> <span class='ocrx_word' id='word_1_239' title='bbox 1680 2208 2066 2289; x_wconf 69' lang='lat' dir='ltr'><strong>intelligentia</strong></span> <span class='ocrx_word' id='word_1_240' title='bbox 2106 2214 2162 2270; x_wconf 73' lang='grc' dir='ltr'><strong>δι</strong></span> <span class='ocrx_word' id='word_1_241' title='bbox 2202 2208 2625 2271; x_wconf 88' lang='lat' dir='ltr'><strong>diiudicatione</strong></span> <span class='ocrx_word' id='word_1_242' title='bbox 2661 2211 2994 2272; x_wconf 87' lang='lat' dir='ltr'><strong>affirmauit.</strong></span> 
     </span>
    </p>

    <p class='ocr_par' dir='ltr' id='par_1_7' title="bbox 427 2289 3348 2595">
     <span class='ocr_line' id='line_1_23' title="bbox 512 2289 3348 2371; baseline 0 -19"><span class='ocrx_word' id='word_1_243' title='bbox 512 2308 566 2366; x_wconf 90' lang='lat'><strong>7.</strong></span> <span class='ocrx_word' id='word_1_244' title='bbox 646 2291 1071 2354; x_wconf 89' lang='lat' dir='ltr'><strong>Certitudinem</strong></span> <span class='ocrx_word' id='word_1_245' title='bbox 1102 2311 1247 2371; x_wconf 89' lang='lat' dir='ltr'><strong>ergo</strong></span> <span class='ocrx_word' id='word_1_246' title='bbox 1286 2291 1545 2370; x_wconf 82' lang='lat' dir='ltr'><strong>aliquam</strong></span> <span class='ocrx_word' id='word_1_247' title='bbox 1584 2291 1759 2352; x_wconf 88' lang='lat' dir='ltr'><strong>nobis</strong></span> <span class='ocrx_word' id='word_1_248' title='bbox 1797 2290 1877 2352; x_wconf 90' lang='lat' dir='ltr'><strong>de</strong></span> <span class='ocrx_word' id='word_1_249' title='bbox 1915 2291 1976 2352; x_wconf 95' lang='lat' dir='ltr'><strong>S.</strong></span> <span class='ocrx_word' id='word_1_250' title='bbox 2016 2289 2318 2369; x_wconf 85' lang='lat' dir='ltr'><strong>Scriptura</strong></span> <span class='ocrx_word' id='word_1_251' title='bbox 2354 2307 2480 2350; x_wconf 91' lang='lat' dir='ltr'><strong>non</strong></span> <span class='ocrx_word' id='word_1_252' title='bbox 2519 2309 2805 2370; x_wconf 86' lang='lat' dir='ltr'><strong>negamus</strong></span> <span class='ocrx_word' id='word_1_253' title='bbox 2838 2292 3123 2352; x_wconf 89' lang='lat' dir='ltr'><strong>accedere</strong></span> <span class='ocrx_word' id='word_1_254' title='bbox 3142 2311 3216 2353; x_wconf 85' lang='lat' dir='ltr'><strong>ex</strong></span> <span class='ocrx_word' id='word_1_255' title='bbox 3236 2293 3348 2352; x_wconf 90' lang='lat' dir='ltr'><strong>Ec-</strong></span> 
     </span>
     <span class='ocr_line' id='line_1_24' title="bbox 430 2370 3348 2453; baseline 0.001 -24"><span class='ocrx_word' id='word_1_256' title='bbox 430 2370 639 2432; x_wconf 90' lang='lat' dir='ltr'><strong>clesiae</strong></span> <span class='ocrx_word' id='word_1_257' title='bbox 693 2373 957 2433; x_wconf 89' lang='lat' dir='ltr'><strong>testantis</strong></span> <span class='ocrx_word' id='word_1_258' title='bbox 995 2372 1385 2453; x_wconf 82' lang='lat' dir='ltr'><strong>authoritate3</strong></span> <span class='ocrx_word' id='word_1_259' title='bbox 1423 2372 1529 2432; x_wconf 91' lang='lat' dir='ltr'><strong>sed</strong></span> <span class='ocrx_word' id='word_1_260' title='bbox 1574 2381 1877 2432; x_wconf 86' lang='lat' dir='ltr'><strong>externam</strong></span> <span class='ocrx_word' id='word_1_261' title='bbox 1916 2373 2179 2451; x_wconf 78' lang='lat' dir='ltr'><strong>tantum,</strong></span> <span class='ocrx_word' id='word_1_262' title='bbox 2221 2389 2346 2431; x_wconf 92' lang='lat' dir='ltr'><strong>non</strong></span> <span class='ocrx_word' id='word_1_263' title='bbox 2397 2371 2575 2432; x_wconf 89' lang='lat' dir='ltr'><strong>talem</strong></span> <span class='ocrx_word' id='word_1_264' title='bbox 2627 2389 2780 2450; x_wconf 89' lang='lat' dir='ltr'><strong>quae</strong></span> <span class='ocrx_word' id='word_1_265' title='bbox 2819 2389 2932 2432; x_wconf 89' lang='lat' dir='ltr'><strong>nos</strong></span> <span class='ocrx_word' id='word_1_266' title='bbox 2973 2391 3077 2449; x_wconf 89' lang='lat' dir='ltr'><strong>per</strong></span> <span class='ocrx_word' id='word_1_267' title='bbox 3117 2393 3180 2434; x_wconf 90' lang='lat' dir='ltr'><strong>se</strong></span> <span class='ocrx_word' id='word_1_268' title='bbox 3219 2375 3348 2433; x_wconf 92' lang='lat' dir='ltr'><strong>sola</strong></span> 
     </span>
     <span class='ocr_line' id='line_1_25' title="bbox 429 2415 3343 2532; baseline 0.001 -20"><span class='ocrx_word' id='word_1_269' title='bbox 429 2452 726 2513; x_wconf 89' lang='lat' dir='ltr'><strong>adducere</strong></span> <span class='ocrx_word' id='word_1_270' title='bbox 764 2453 953 2531; x_wconf 88' lang='lat' dir='ltr'><strong>possit</strong></span> <span class='ocrx_word' id='word_1_271' title='bbox 992 2455 1071 2515; x_wconf 88' lang='lat' dir='ltr'><strong>ad</strong></span> <span class='ocrx_word' id='word_1_272' title='bbox 1110 2454 1496 2515; x_wconf 88' lang='lat' dir='ltr'><strong>credendum.</strong></span> <span class='ocrx_word' id='word_1_273' title='bbox 1536 2452 1653 2513; x_wconf 90' lang='lat' dir='ltr'><strong>Dei</strong></span> <span class='ocrx_word' id='word_1_274' title='bbox 1692 2450 2016 2513; x_wconf 88' lang='lat' dir='ltr'><strong>authoritas</strong></span> <span class='ocrx_word' id='word_1_275' title='bbox 2055 2462 2144 2513; x_wconf 90' lang='lat' dir='ltr'><strong>est</strong></span> <span class='ocrx_word' id='word_1_276' title='bbox 2161 2415 2453 2530; x_wconf 87' lang='lat' dir='ltr'><strong>primaria</strong></span> <span class='ocrx_word' id='word_1_277' title='bbox 2491 2454 2548 2512; x_wconf 79' lang='grc' dir='ltr'><strong>δι</strong></span> <span class='ocrx_word' id='word_1_278' title='bbox 2566 2451 2856 2532; x_wconf 87' lang='lat' dir='ltr'><strong>formalis,</strong></span> <span class='ocrx_word' id='word_1_279' title='bbox 2878 2452 3181 2514; x_wconf 89' lang='lat' dir='ltr'><strong>Ecclesiae</strong></span> <span class='ocrx_word' id='word_1_280' title='bbox 3200 2457 3343 2514; x_wconf 80' lang='lat' dir='ltr'><strong>vero</strong></span> 
     </span>
     <span class='ocr_line' id='line_1_26' title="bbox 427 2531 1355 2595; baseline 0.001 -3"><span class='ocrx_word' id='word_1_281' title='bbox 427 2531 811 2593; x_wconf 87' lang='lat' dir='ltr'><strong>subordinata</strong></span> <span class='ocrx_word' id='word_1_282' title='bbox 850 2536 905 2593; x_wconf 74' lang='grc' dir='ltr'><strong>δι</strong></span> <span class='ocrx_word' id='word_1_283' title='bbox 944 2532 1355 2595; x_wconf 78' lang='lat' dir='ltr'><strong>ministerialis,</strong></span> 
     </span>
    </p>

    <p class='ocr_par' dir='ltr' id='par_1_8' title="bbox 428 2611 3345 2770">
     <span class='ocr_line' id='line_1_27' title="bbox 508 2611 3345 2691; baseline 0.001 -19"><span class='ocrx_word' id='word_1_284' title='bbox 508 2616 566 2672; x_wconf 92' lang='lat'><strong>8.</strong></span> <span class='ocrx_word' id='word_1_285' title='bbox 645 2614 913 2673; x_wconf 89' lang='lat' dir='ltr'><strong>Vocatur</strong></span> <span class='ocrx_word' id='word_1_286' title='bbox 963 2612 1207 2691; x_wconf 89' lang='lat' dir='ltr'><strong>quidem</strong></span> <span class='ocrx_word' id='word_1_287' title='bbox 1252 2612 1521 2674; x_wconf 87' lang='lat' dir='ltr'><strong>Ecclesia</strong></span> <span class='ocrx_word' id='word_1_288' title='bbox 1564 2632 1617 2673; x_wconf 89' lang='lat'><strong>1.</strong></span> <span class='ocrx_word' id='word_1_289' title='bbox 1667 2613 1817 2675; x_wconf 84' lang='lat' dir='ltr'><strong>Tim.</strong></span> <span class='ocrx_word' id='word_1_290' title='bbox 1858 2632 1915 2689; x_wconf 85' lang='lat'><strong>3.</strong></span> <span class='ocrx_word' id='word_1_291' title='bbox 1963 2628 2056 2689; x_wconf 86' lang='lat'><strong>15.</strong></span> <span class='ocrx_word' id='word_1_292' title='bbox 2098 2617 2276 2681; x_wconf 76' lang='grc' dir='ltr'><strong>ςύλος</strong></span> <span class='ocrx_word' id='word_1_293' title='bbox 2315 2611 2600 2673; x_wconf 85' lang='lat' dir='ltr'><strong>veritatis:</strong></span> <span class='ocrx_word' id='word_1_294' title='bbox 2641 2630 2858 2690; x_wconf 90' lang='lat' dir='ltr'><strong>nempe</strong></span> <span class='ocrx_word' id='word_1_295' title='bbox 2899 2612 3038 2689; x_wconf 90' lang='lat' dir='ltr'><strong>quia</strong></span> <span class='ocrx_word' id='word_1_296' title='bbox 3075 2612 3345 2674; x_wconf 87' lang='lat' dir='ltr'><strong>Ecclesia</strong></span> 
     </span>
     <span class='ocr_line' id='line_1_28' title="bbox 428 2692 3344 2783; baseline -0 -30"><span class='ocrx_word' id='word_1_297' title='bbox 428 2702 517 2753; x_wconf 91' lang='lat' dir='ltr'><strong>est</strong></span> <span class='ocrx_word' id='word_1_298' title='bbox 573 2702 857 2769; x_wconf 87' lang='lat' dir='ltr'><strong>tanquam</strong></span> <span class='ocrx_word' id='word_1_299' title='bbox 917 2695 1199 2755; x_wconf 90' lang='lat' dir='ltr'><strong>columna</strong></span> <span class='ocrx_word' id='word_1_300' title='bbox 1248 2693 1347 2753; x_wconf 91' lang='lat' dir='ltr'><strong>cui</strong></span> <span class='ocrx_word' id='word_1_301' title='bbox 1395 2694 1721 2783; x_wconf 88' lang='lat' dir='ltr'><strong>adpensam</strong></span> <span class='ocrx_word' id='word_1_302' title='bbox 1768 2692 1959 2753; x_wconf 78' lang='lat' dir='ltr'><strong>voluit</strong></span> <span class='ocrx_word' id='word_1_303' title='bbox 1995 2694 2161 2753; x_wconf 91' lang='lat' dir='ltr'><strong>Deus</strong></span> <span class='ocrx_word' id='word_1_304' title='bbox 2199 2693 2566 2753; x_wconf 84' lang='lat' dir='ltr'><strong>voluntatem</strong></span> <span class='ocrx_word' id='word_1_305' title='bbox 2607 2709 2776 2753; x_wconf 90' lang='lat' dir='ltr'><strong>suam</strong></span> <span class='ocrx_word' id='word_1_306' title='bbox 2813 2693 3344 2769; x_wconf 89' lang='lat' dir='ltr'><strong>(quemadmodum</strong></span> 
     </span>
    </p>
   </div>
   <div class='ocr_carea' id='block_1_5' title="bbox 428 2770 3342 2852">
    <p class='ocr_par' dir='ltr' id='par_1_9' title="bbox 428 2770 3342 2852">
     <span class='ocr_line' id='line_1_29' title="bbox 428 2770 3342 2852; baseline 0 -19"><span class='ocrx_word' id='word_1_307' title='bbox 428 2771 573 2833; x_wconf 91' lang='lat' dir='ltr'><strong>olim</strong></span> <span class='ocrx_word' id='word_1_308' title='bbox 630 2773 793 2851; x_wconf 91' lang='lat' dir='ltr'><strong>leges</strong></span> <span class='ocrx_word' id='word_1_309' title='bbox 844 2773 1137 2834; x_wconf 90' lang='lat' dir='ltr'><strong>columnis</strong></span> <span class='ocrx_word' id='word_1_310' title='bbox 1196 2772 1477 2852; x_wconf 91' lang='lat' dir='ltr'><strong>publicis)</strong></span> <span class='ocrx_word' id='word_1_311' title='bbox 1517 2781 1583 2832; x_wconf 86' lang='lat' dir='ltr'><strong>vt</strong></span> <span class='ocrx_word' id='word_1_312' title='bbox 1638 2770 1865 2834; x_wconf 91' lang='lat' dir='ltr'><strong>scilicet</strong></span> <span class='ocrx_word' id='word_1_313' title='bbox 1904 2790 2109 2833; x_wconf 89' lang='lat' dir='ltr'><strong>coram</strong></span> <span class='ocrx_word' id='word_1_314' title='bbox 2152 2772 2419 2832; x_wconf 89' lang='lat' dir='ltr'><strong>omnium</strong></span> <span class='ocrx_word' id='word_1_315' title='bbox 2459 2772 2647 2833; x_wconf 91' lang='lat' dir='ltr'><strong>oculis</strong></span> <span class='ocrx_word' id='word_1_316' title='bbox 2679 2783 3048 2851; x_wconf 87' lang='lat' dir='ltr'><strong>proponatur</strong></span> <span class='ocrx_word' id='word_1_317' title='bbox 3085 2776 3140 2833; x_wconf 77' lang='grc' dir='ltr'><strong>δι</strong></span> <span class='ocrx_word' id='word_1_318' title='bbox 3176 2772 3342 2833; x_wconf 84' lang='grc' dir='ltr'><strong>ιιιιιο-</strong></span> 
     </span>
    </p>
   </div>
   <div class='ocr_carea' id='block_1_6' title="bbox 426 2853 3347 3023">
    <p class='ocr_par' dir='ltr' id='par_1_10' title="bbox 426 2853 3347 3013">
     <span class='ocr_line' id='line_1_30' title="bbox 426 2853 1386 2915; baseline 0.003 -3"><span class='ocrx_word' id='word_1_319' title='bbox 426 2862 613 2913; x_wconf 84' lang='lat' dir='ltr'><strong>tescat</strong></span> <span class='ocrx_word' id='word_1_320' title='bbox 651 2853 917 2914; x_wconf 87' lang='lat' dir='ltr'><strong>salutaris</strong></span> <span class='ocrx_word' id='word_1_321' title='bbox 962 2854 1113 2915; x_wconf 89' lang='lat' dir='ltr'><strong>haec</strong></span> <span class='ocrx_word' id='word_1_322' title='bbox 1150 2856 1386 2915; x_wconf 76' lang='lat' dir='ltr'><strong>veritas.</strong></span> 
     </span>
     <span class='ocr_line' id='line_1_31' title="bbox 508 2930 3347 3023; baseline 0 -30"><span class='ocrx_word' id='word_1_323' title='bbox 508 2953 567 3011; x_wconf 94' lang='lat'><strong>9.</strong></span> <span class='ocrx_word' id='word_1_324' title='bbox 647 2935 917 2993; x_wconf 88' lang='lat' dir='ltr'><strong>Vocatur</strong></span> <span class='ocrx_word' id='word_1_325' title='bbox 956 2933 1133 2994; x_wconf 86' lang='lat' dir='ltr'><strong>etiam</strong></span> <span class='ocrx_word' id='word_1_326' title='bbox 1170 2935 1467 3023; x_wconf 72' lang='grc' dir='ltr'><strong>ἑδραίωμα</strong></span> <span class='ocrx_word' id='word_1_327' title='bbox 1484 2977 1501 3010; x_wconf 91' lang='lat'><strong>,</strong></span> <span class='ocrx_word' id='word_1_328' title='bbox 1542 2930 1607 2992; x_wconf 93' lang='lat' dir='ltr'><strong>id</strong></span> <span class='ocrx_word' id='word_1_329' title='bbox 1648 2940 1767 3007; x_wconf 90' lang='lat' dir='ltr'><strong>est,</strong></span> <span class='ocrx_word' id='word_1_330' title='bbox 1808 2930 1993 2993; x_wconf 91' lang='lat' dir='ltr'><strong>sedile</strong></span> <span class='ocrx_word' id='word_1_331' title='bbox 2033 2932 2271 2991; x_wconf 90' lang='lat' dir='ltr'><strong>firmum</strong></span> <span class='ocrx_word' id='word_1_332' title='bbox 2314 2931 2570 2993; x_wconf 88' lang='lat' dir='ltr'><strong>veritatis</strong></span> <span class='ocrx_word' id='word_1_333' title='bbox 2584 2976 2602 3012; x_wconf 92' lang='lat'><strong>,</strong></span> <span class='ocrx_word' id='word_1_334' title='bbox 2639 2932 2778 3010; x_wconf 89' lang='lat' dir='ltr'><strong>quia</strong></span> <span class='ocrx_word' id='word_1_335' title='bbox 2815 2932 2878 2993; x_wconf 90' lang='lat' dir='ltr'><strong>in</strong></span> <span class='ocrx_word' id='word_1_336' title='bbox 2899 2932 3171 2993; x_wconf 91' lang='lat' dir='ltr'><strong>Ecclesia</strong></span> <span class='ocrx_word' id='word_1_337' title='bbox 3187 2933 3347 2993; x_wconf 86' lang='lat' dir='ltr'><strong>velut</strong></span> 
     </span>
    </p>
   </div>
   <div class='ocr_carea' id='block_1_7' title="bbox 419 3011 3348 3813">
    <p class='ocr_par' dir='ltr' id='par_1_11' title="bbox 423 3011 3348 3235">
     <span class='ocr_line' id='line_1_32' title="bbox 424 3011 3348 3091; baseline 0 -20"><span class='ocrx_word' id='word_1_338' title='bbox 424 3011 487 3072; x_wconf 91' lang='lat' dir='ltr'><strong>in</strong></span> <span class='ocrx_word' id='word_1_339' title='bbox 546 3012 763 3073; x_wconf 86' lang='lat' dir='ltr'><strong>throno</strong></span> <span class='ocrx_word' id='word_1_340' title='bbox 824 3014 918 3074; x_wconf 84' lang='lat' dir='ltr'><strong>vel</strong></span> <span class='ocrx_word' id='word_1_341' title='bbox 976 3014 1106 3074; x_wconf 87' lang='lat' dir='ltr'><strong>basi</strong></span> <span class='ocrx_word' id='word_1_342' title='bbox 1158 3017 1359 3090; x_wconf 88' lang='lat' dir='ltr'><strong>sedet,</strong></span> <span class='ocrx_word' id='word_1_343' title='bbox 1398 3011 1461 3071; x_wconf 91' lang='lat' dir='ltr'><strong>in</strong></span> <span class='ocrx_word' id='word_1_344' title='bbox 1502 3030 1573 3072; x_wconf 90' lang='lat' dir='ltr'><strong>ea</strong></span> <span class='ocrx_word' id='word_1_345' title='bbox 1612 3022 1998 3074; x_wconf 88' lang='lat' dir='ltr'><strong>conseruatur</strong></span> <span class='ocrx_word' id='word_1_346' title='bbox 2036 3014 2093 3073; x_wconf 75' lang='grc' dir='ltr'><strong>δι</strong></span> <span class='ocrx_word' id='word_1_347' title='bbox 2131 3013 2209 3073; x_wconf 93' lang='lat' dir='ltr'><strong>ab</strong></span> <span class='ocrx_word' id='word_1_348' title='bbox 2250 3011 2562 3072; x_wconf 90' lang='lat' dir='ltr'><strong>hominum</strong></span> <span class='ocrx_word' id='word_1_349' title='bbox 2604 3012 2956 3091; x_wconf 90' lang='lat' dir='ltr'><strong>corruptelis</strong></span> <span class='ocrx_word' id='word_1_350' title='bbox 2999 3011 3348 3074; x_wconf 81' lang='lat' dir='ltr'><strong>vindicatur.</strong></span> 
     </span>
     <span class='ocr_line' id='line_1_33' title="bbox 423 3090 3345 3172; baseline 0.001 -20"><span class='ocrx_word' id='word_1_351' title='bbox 423 3094 598 3153; x_wconf 89' lang='lat' dir='ltr'><strong>Haec</strong></span> <span class='ocrx_word' id='word_1_352' title='bbox 639 3093 757 3152; x_wconf 92' lang='lat' dir='ltr'><strong>Dei</strong></span> <span class='ocrx_word' id='word_1_353' title='bbox 796 3092 1033 3157; x_wconf 87' lang='lat' dir='ltr'><strong>veritas.</strong></span> <span class='ocrx_word' id='word_1_354' title='bbox 1074 3094 1193 3155; x_wconf 90' lang='lat' dir='ltr'><strong>Sed</strong></span> <span class='ocrx_word' id='word_1_355' title='bbox 1232 3095 1352 3154; x_wconf 89' lang='lat' dir='ltr'><strong>hoc</strong></span> <span class='ocrx_word' id='word_1_356' title='bbox 1390 3091 1537 3151; x_wconf 90' lang='lat' dir='ltr'><strong>nihil</strong></span> <span class='ocrx_word' id='word_1_357' title='bbox 1576 3091 1718 3152; x_wconf 86' lang='lat' dir='ltr'><strong>facit</strong></span> <span class='ocrx_word' id='word_1_358' title='bbox 1754 3100 1964 3153; x_wconf 85' lang='lat' dir='ltr'><strong>contra</strong></span> <span class='ocrx_word' id='word_1_359' title='bbox 2003 3090 2353 3152; x_wconf 89' lang='lat' dir='ltr'><strong>sententiam</strong></span> <span class='ocrx_word' id='word_1_360' title='bbox 2393 3102 2692 3172; x_wconf 87' lang='lat' dir='ltr'><strong>nostram,</strong></span> <span class='ocrx_word' id='word_1_361' title='bbox 2732 3094 2868 3153; x_wconf 91' lang='lat' dir='ltr'><strong>cum</strong></span> <span class='ocrx_word' id='word_1_362' title='bbox 2901 3093 2962 3153; x_wconf 90' lang='lat' dir='ltr'><strong>in</strong></span> <span class='ocrx_word' id='word_1_363' title='bbox 2983 3112 3058 3154; x_wconf 93' lang='lat' dir='ltr'><strong>eo</strong></span> <span class='ocrx_word' id='word_1_364' title='bbox 3080 3092 3345 3154; x_wconf 89' lang='lat' dir='ltr'><strong>debitum</strong></span> 
     </span>
     <span class='ocr_line' id='line_1_34' title="bbox 424 3138 2692 3251; baseline 0 -18"><span class='ocrx_word' id='word_1_365' title='bbox 424 3170 719 3249; x_wconf 83' lang='lat' dir='ltr'><strong>officium,</strong></span> <span class='ocrx_word' id='word_1_366' title='bbox 759 3174 817 3234; x_wconf 86' lang='lat'>&amp;</span> <span class='ocrx_word' id='word_1_367' title='bbox 857 3173 1279 3251; x_wconf 89' lang='lat' dir='ltr'><strong>ministerium,</strong></span> <span class='ocrx_word' id='word_1_368' title='bbox 1319 3190 1444 3232; x_wconf 91' lang='lat' dir='ltr'><strong>non</strong></span> <span class='ocrx_word' id='word_1_369' title='bbox 1486 3171 1791 3233; x_wconf 88' lang='lat' dir='ltr'><strong>Ecclesiae</strong></span> <span class='ocrx_word' id='word_1_370' title='bbox 1828 3172 2285 3233; x_wconf 89' lang='lat' dir='ltr'><strong>commendetur</strong></span> <span class='ocrx_word' id='word_1_371' title='bbox 2323 3138 2692 3233; x_wconf 87' lang='lat' dir='ltr'><strong>authoritas.</strong></span> 
     </span>
    </p>

    <p class='ocr_par' dir='ltr' id='par_1_12' title="bbox 422 3251 3348 3569">
     <span class='ocr_line' id='line_1_35' title="bbox 510 3251 3343 3332; baseline 0.001 -21"><span class='ocrx_word' id='word_1_372' title='bbox 510 3272 601 3313; x_wconf 89' lang='lat'><strong>10.</strong></span> <span class='ocrx_word' id='word_1_373' title='bbox 680 3256 813 3314; x_wconf 85' lang='grc' dir='ltr'><strong>Ιιιιὸ</strong></span> <span class='ocrx_word' id='word_1_374' title='bbox 852 3252 1181 3314; x_wconf 89' lang='lat' dir='ltr'><strong>Ecclesiam</strong></span> <span class='ocrx_word' id='word_1_375' title='bbox 1220 3260 1683 3331; x_wconf 88' lang='lat' dir='ltr'><strong>superstructam</strong></span> <span class='ocrx_word' id='word_1_376' title='bbox 1724 3270 1851 3313; x_wconf 91' lang='lat' dir='ltr'><strong>esse</strong></span> <span class='ocrx_word' id='word_1_377' title='bbox 1890 3269 2070 3329; x_wconf 90' lang='lat' dir='ltr'><strong>super</strong></span> <span class='ocrx_word' id='word_1_378' title='bbox 2107 3252 2590 3332; x_wconf 85' lang='lat' dir='ltr'><strong>fundamentum,</strong></span> <span class='ocrx_word' id='word_1_379' title='bbox 2629 3252 2694 3314; x_wconf 94' lang='lat' dir='ltr'><strong>id</strong></span> <span class='ocrx_word' id='word_1_380' title='bbox 2731 3263 2820 3315; x_wconf 70' lang='lat' dir='ltr'><strong>est</strong></span> <span class='ocrx_word' id='word_1_381' title='bbox 2847 3251 3180 3315; x_wconf 87' lang='lat' dir='ltr'><strong>doctrinam</strong></span> <span class='ocrx_word' id='word_1_382' title='bbox 3199 3255 3343 3314; x_wconf 80' lang='lat' dir='ltr'><strong>Pto-</strong></span> 
     </span>
     <span class='ocr_line' id='line_1_36' title="bbox 424 3297 3341 3426; baseline 0 -34"><span class='ocrx_word' id='word_1_383' title='bbox 424 3334 762 3411; x_wconf 88' lang='lat' dir='ltr'><strong>phetarum,</strong></span> <span class='ocrx_word' id='word_1_384' title='bbox 804 3336 861 3395; x_wconf 74' lang='grc' dir='ltr'><strong>δι</strong></span> <span class='ocrx_word' id='word_1_385' title='bbox 898 3335 1331 3426; x_wconf 90' lang='lat' dir='ltr'><strong>Apostolorum</strong></span> <span class='ocrx_word' id='word_1_386' title='bbox 1345 3377 1363 3410; x_wconf 91' lang='lat'><strong>,</strong></span> <span class='ocrx_word' id='word_1_387' title='bbox 1405 3332 1693 3393; x_wconf 80' lang='lat' dir='ltr'><strong>existente</strong></span> <span class='ocrx_word' id='word_1_388' title='bbox 1731 3333 1853 3393; x_wconf 91' lang='lat' dir='ltr'><strong>imo</strong></span> <span class='ocrx_word' id='word_1_389' title='bbox 1892 3332 2158 3412; x_wconf 87' lang='lat' dir='ltr'><strong>angulari</strong></span> <span class='ocrx_word' id='word_1_390' title='bbox 2195 3332 2391 3411; x_wconf 89' lang='lat' dir='ltr'><strong>lapide</strong></span> <span class='ocrx_word' id='word_1_391' title='bbox 2431 3297 2703 3413; x_wconf 88' lang='lat' dir='ltr'><strong>Christo,</strong></span> <span class='ocrx_word' id='word_1_392' title='bbox 2747 3334 2952 3395; x_wconf 86' lang='lat' dir='ltr'><strong>asserit</strong></span> <span class='ocrx_word' id='word_1_393' title='bbox 2986 3335 3341 3425; x_wconf 87' lang='lat' dir='ltr'><strong>Apostolus,</strong></span> 
     </span>
     <span class='ocr_line' id='line_1_37' title="bbox 422 3411 3348 3493; baseline 0.001 -21"><span class='ocrx_word' id='word_1_394' title='bbox 422 3413 644 3491; x_wconf 86' lang='lat' dir='ltr'><strong>Ephes.</strong></span> <span class='ocrx_word' id='word_1_395' title='bbox 700 3434 755 3474; x_wconf 90' lang='lat'><strong>2.</strong></span> <span class='ocrx_word' id='word_1_396' title='bbox 801 3433 894 3473; x_wconf 91' lang='lat'><strong>20.</strong></span> <span class='ocrx_word' id='word_1_397' title='bbox 935 3416 992 3474; x_wconf 76' lang='grc' dir='ltr'><strong>δι</strong></span> <span class='ocrx_word' id='word_1_398' title='bbox 1030 3412 1222 3492; x_wconf 87' lang='lat' dir='ltr'><strong>ipsam</strong></span> <span class='ocrx_word' id='word_1_399' title='bbox 1261 3411 1568 3473; x_wconf 84' lang='lat' dir='ltr'><strong>veritatem</strong></span> <span class='ocrx_word' id='word_1_400' title='bbox 1609 3414 1951 3473; x_wconf 85' lang='lat' dir='ltr'><strong>columnam</strong></span> <span class='ocrx_word' id='word_1_401' title='bbox 1994 3431 2151 3491; x_wconf 87' lang='lat' dir='ltr'><strong>esse,</strong></span> <span class='ocrx_word' id='word_1_402' title='bbox 2200 3414 2257 3472; x_wconf 76' lang='grc' dir='ltr'><strong>δι</strong></span> <span class='ocrx_word' id='word_1_403' title='bbox 2297 3415 2733 3475; x_wconf 88' lang='lat' dir='ltr'><strong>firmamentum</strong></span> <span class='ocrx_word' id='word_1_404' title='bbox 2775 3415 3108 3493; x_wconf 89' lang='lat' dir='ltr'><strong>Ecclesiae,</strong></span> <span class='ocrx_word' id='word_1_405' title='bbox 3149 3413 3348 3475; x_wconf 88' lang='lat' dir='ltr'><strong>dicere</strong></span> 
     </span>
     <span class='ocr_line' id='line_1_38' title="bbox 424 3492 2225 3569; baseline 0 -16"><span class='ocrx_word' id='word_1_406' title='bbox 424 3494 732 3569; x_wconf 85' lang='lat' dir='ltr'><strong>Chrysost.</strong></span> <span class='ocrx_word' id='word_1_407' title='bbox 770 3512 897 3554; x_wconf 90' lang='lat' dir='ltr'><strong>non</strong></span> <span class='ocrx_word' id='word_1_408' title='bbox 937 3493 1232 3555; x_wconf 89' lang='lat' dir='ltr'><strong>dubitauit</strong></span> <span class='ocrx_word' id='word_1_409' title='bbox 1272 3494 1462 3553; x_wconf 92' lang='lat' dir='ltr'><strong>Hom.</strong></span> <span class='ocrx_word' id='word_1_410' title='bbox 1508 3511 1599 3554; x_wconf 89' lang='grc' dir='ltr'><strong>ιι.</strong></span> <span class='ocrx_word' id='word_1_411' title='bbox 1640 3492 1703 3551; x_wconf 88' lang='grc' dir='ltr'><strong>ιιι</strong></span> <span class='ocrx_word' id='word_1_412' title='bbox 1750 3514 1799 3555; x_wconf 88' lang='grc' dir='ltr'><strong>ι.</strong></span> <span class='ocrx_word' id='word_1_413' title='bbox 1840 3493 1919 3553; x_wconf 91' lang='lat' dir='ltr'><strong>ad</strong></span> <span class='ocrx_word' id='word_1_414' title='bbox 1958 3492 2225 3553; x_wconf 90' lang='lat' dir='ltr'><strong>Timoth.</strong></span> 
     </span>
    </p>

    <p class='ocr_par' dir='ltr' id='par_1_13' title="bbox 419 3570 3340 3813">
     <span class='ocr_line' id='line_1_39' title="bbox 508 3570 3340 3665; baseline 0.001 -33"><span class='ocrx_word' id='word_1_415' title='bbox 508 3592 534 3632; x_wconf 88' lang='lat'>1</span> <span class='ocrx_word' id='word_1_416' title='bbox 548 3593 599 3633; x_wconf 92' lang='lat'><strong>1.</strong></span> <span class='ocrx_word' id='word_1_417' title='bbox 682 3573 883 3634; x_wconf 90' lang='lat' dir='ltr'><strong>Primo</strong></span> <span class='ocrx_word' id='word_1_418' title='bbox 945 3592 1147 3635; x_wconf 88' lang='lat' dir='ltr'><strong>errore</strong></span> <span class='ocrx_word' id='word_1_419' title='bbox 1206 3572 1424 3651; x_wconf 83' lang='lat' dir='ltr'><strong>diluto,</strong></span> <span class='ocrx_word' id='word_1_420' title='bbox 1485 3571 1747 3665; x_wconf 85' lang='lat' dir='ltr'><strong>sequitur</strong></span> <span class='ocrx_word' id='word_1_421' title='bbox 1805 3573 2102 3634; x_wconf 88' lang='lat' dir='ltr'><strong>secundus</strong></span> <span class='ocrx_word' id='word_1_422' title='bbox 2156 3570 2258 3650; x_wconf 91' lang='lat' dir='ltr'><strong>qui</strong></span> <span class='ocrx_word' id='word_1_423' title='bbox 2307 3571 2368 3633; x_wconf 91' lang='lat' dir='ltr'><strong>in</strong></span> <span class='ocrx_word' id='word_1_424' title='bbox 2407 3574 2474 3650; x_wconf 89' lang='lat' dir='ltr'><strong>(f.</strong></span> <span class='ocrx_word' id='word_1_425' title='bbox 2522 3576 2718 3652; x_wconf 89' lang='lat'><strong>1599.)</strong></span> <span class='ocrx_word' id='word_1_426' title='bbox 2758 3572 3240 3653; x_wconf 88' lang='lat' dir='ltr'><strong>interpretatione</strong></span> <span class='ocrx_word' id='word_1_427' title='bbox 3280 3575 3340 3635; x_wconf 93' lang='lat' dir='ltr'><strong>S.</strong></span> 
     </span>
     <span class='ocr_line' id='line_1_40' title="bbox 422 3651 3342 3733; baseline -0 -17"><span class='ocrx_word' id='word_1_428' title='bbox 422 3652 756 3731; x_wconf 90' lang='lat' dir='ltr'><strong>Scripturae</strong></span> <span class='ocrx_word' id='word_1_429' title='bbox 796 3652 1084 3716; x_wconf 89' lang='lat' dir='ltr'><strong>consistit.</strong></span> <span class='ocrx_word' id='word_1_430' title='bbox 1136 3654 1291 3714; x_wconf 90' lang='lat' dir='ltr'><strong>Cum</strong></span> <span class='ocrx_word' id='word_1_431' title='bbox 1331 3663 1529 3713; x_wconf 91' lang='lat' dir='ltr'><strong>autem</strong></span> <span class='ocrx_word' id='word_1_432' title='bbox 1564 3652 2068 3731; x_wconf 88' lang='lat' dir='ltr'><strong>interpretationis</strong></span> <span class='ocrx_word' id='word_1_433' title='bbox 2107 3652 2230 3713; x_wconf 91' lang='lat' dir='ltr'><strong>duo</strong></span> <span class='ocrx_word' id='word_1_434' title='bbox 2271 3651 2389 3714; x_wconf 91' lang='lat' dir='ltr'><strong>sint</strong></span> <span class='ocrx_word' id='word_1_435' title='bbox 2427 3671 2676 3732; x_wconf 88' lang='lat' dir='ltr'><strong>genera,</strong></span> <span class='ocrx_word' id='word_1_436' title='bbox 2717 3670 2903 3715; x_wconf 82' lang='lat' dir='ltr'><strong>vnum</strong></span> <span class='ocrx_word' id='word_1_437' title='bbox 2940 3655 3177 3733; x_wconf 87' lang='lat' dir='ltr'><strong>linguae</strong></span> <span class='ocrx_word' id='word_1_438' title='bbox 3215 3673 3342 3715; x_wconf 86' lang='lat' dir='ltr'><strong>ver·</strong></span> 
     </span>
     <span class='ocr_line' id='line_1_41' title="bbox 419 3732 3340 3813; baseline -0 -17"><span class='ocrx_word' id='word_1_439' title='bbox 419 3737 781 3813; x_wconf 82' lang='lat' dir='ltr'><strong>borumque,</strong></span> <span class='ocrx_word' id='word_1_440' title='bbox 842 3735 1093 3795; x_wconf 88' lang='lat' dir='ltr'><strong>alterum</strong></span> <span class='ocrx_word' id='word_1_441' title='bbox 1153 3750 1348 3794; x_wconf 89' lang='lat' dir='ltr'><strong>rerum</strong></span> <span class='ocrx_word' id='word_1_442' title='bbox 1361 3778 1379 3812; x_wconf 94' lang='lat'><strong>,</strong></span> <span class='ocrx_word' id='word_1_443' title='bbox 1431 3748 1584 3810; x_wconf 88' lang='lat' dir='ltr'><strong>quae</strong></span> <span class='ocrx_word' id='word_1_444' title='bbox 1632 3732 1831 3795; x_wconf 87' lang='lat' dir='ltr'><strong>verbis</strong></span> <span class='ocrx_word' id='word_1_445' title='bbox 1878 3743 2164 3812; x_wconf 86' lang='lat' dir='ltr'><strong>tanquam</strong></span> <span class='ocrx_word' id='word_1_446' title='bbox 2214 3733 2501 3811; x_wconf 82' lang='lat' dir='ltr'><strong>symbolis</strong></span> <span class='ocrx_word' id='word_1_447' title='bbox 2539 3744 2944 3812; x_wconf 82' lang='lat' dir='ltr'><strong>exponuntur.</strong></span> <span class='ocrx_word' id='word_1_448' title='bbox 2987 3735 3048 3794; x_wconf 89' lang='lat' dir='ltr'><strong>in</strong></span> <span class='ocrx_word' id='word_1_449' title='bbox 3089 3744 3340 3811; x_wconf 88' lang='lat' dir='ltr'><strong>vtroque</strong></span> 
     </span>
    </p>
   </div>
   <div class='ocr_carea' id='block_1_8' title="bbox 422 3780 3338 3975">
    <p class='ocr_par' dir='ltr' id='par_1_14' title="bbox 422 3780 3338 3975">
     <span class='ocr_line' id='line_1_42' title="bbox 422 3780 1748 3876; baseline -0.003 0"><span class='ocrx_word' id='word_1_450' title='bbox 422 3832 611 3876; x_wconf 77' lang='lat' dir='ltr'><strong>errare</strong></span> <span class='ocrx_word' id='word_1_451' title='bbox 648 3780 993 3875; x_wconf 87' lang='lat' dir='ltr'><strong>Pontificios</strong></span> <span class='ocrx_word' id='word_1_452' title='bbox 1032 3812 1490 3875; x_wconf 89' lang='lat' dir='ltr'><strong>demonstraturi</strong></span> <span class='ocrx_word' id='word_1_453' title='bbox 1528 3828 1748 3874; x_wconf 89' lang='lat' dir='ltr'><strong>sumus.</strong></span> 
     </span>
     <span class='ocr_line' id='line_1_43' title="bbox 492 3892 3338 3975; baseline 0.001 -23.011"><span class='ocrx_word' id='word_1_454' title='bbox 492 3912 593 3953; x_wconf 86' lang='lat'><strong>12.</strong></span> <span class='ocrx_word' id='word_1_455' title='bbox 673 3894 793 3971; x_wconf 85' lang='lat' dir='ltr'><strong>Ipsi</strong></span> <span class='ocrx_word' id='word_1_456' title='bbox 854 3892 1013 3954; x_wconf 90' lang='lat' dir='ltr'><strong>enim</strong></span> <span class='ocrx_word' id='word_1_457' title='bbox 1072 3892 1164 3975; x_wconf 84' lang='lat' dir='ltr'><strong>(vt</strong></span> <span class='ocrx_word' id='word_1_458' title='bbox 1210 3894 1289 3954; x_wconf 91' lang='lat' dir='ltr'><strong>de</strong></span> <span class='ocrx_word' id='word_1_459' title='bbox 1338 3892 1532 3973; x_wconf 76' lang='lat' dir='ltr'><strong>primo</strong></span> <span class='ocrx_word' id='word_1_460' title='bbox 1584 3896 1851 3971; x_wconf 87' lang='lat' dir='ltr'><strong>agamus)</strong></span> <span class='ocrx_word' id='word_1_461' title='bbox 1902 3894 2098 3955; x_wconf 88' lang='lat' dir='ltr'><strong>fontes</strong></span> <span class='ocrx_word' id='word_1_462' title='bbox 2151 3892 2460 3970; x_wconf 91' lang='lat' dir='ltr'><strong>primarios</strong></span> <span class='ocrx_word' id='word_1_463' title='bbox 2512 3894 2572 3955; x_wconf 90' lang='lat' dir='ltr'><strong>S.</strong></span> <span class='ocrx_word' id='word_1_464' title='bbox 2620 3892 2984 3973; x_wconf 85' lang='lat' dir='ltr'><strong>Scripturae,</strong></span> <span class='ocrx_word' id='word_1_465' title='bbox 3025 3895 3338 3955; x_wconf 87' lang='lat' dir='ltr'><strong>Hebraeos</strong></span> 
     </span>
    </p>
   </div>
   <div class='ocr_carea' id='block_1_9' title="bbox 416 3972 3344 4373">
    <p class='ocr_par' dir='ltr' id='par_1_15' title="bbox 416 3972 3344 4373">
     <span class='ocr_line' id='line_1_44' title="bbox 420 3972 3339 4065; baseline 0.001 -32"><span class='ocrx_word' id='word_1_466' title='bbox 420 3972 661 4050; x_wconf 87' lang='lat' dir='ltr'><strong>quidem</strong></span> <span class='ocrx_word' id='word_1_467' title='bbox 710 3976 787 4035; x_wconf 90' lang='lat' dir='ltr'><strong>V.</strong></span> <span class='ocrx_word' id='word_1_468' title='bbox 826 3977 903 4035; x_wconf 95' lang='lat' dir='ltr'><strong>T.</strong></span> <span class='ocrx_word' id='word_1_469' title='bbox 943 3974 1209 4035; x_wconf 88' lang='lat' dir='ltr'><strong>Graecos</strong></span> <span class='ocrx_word' id='word_1_470' title='bbox 1248 3975 1392 4033; x_wconf 80' lang='lat' dir='ltr'><strong>vero</strong></span> <span class='ocrx_word' id='word_1_471' title='bbox 1432 3974 1509 4033; x_wconf 92' lang='lat' dir='ltr'><strong>N.</strong></span> <span class='ocrx_word' id='word_1_472' title='bbox 1549 3982 1924 4065; x_wconf 88' lang='lat' dir='ltr'><strong>respuentes,</strong></span> <span class='ocrx_word' id='word_1_473' title='bbox 1966 3972 2238 4034; x_wconf 87' lang='lat' dir='ltr'><strong>Latinam</strong></span> <span class='ocrx_word' id='word_1_474' title='bbox 2281 3990 2448 4034; x_wconf 84' lang='lat' dir='ltr'><strong>suam</strong></span> <span class='ocrx_word' id='word_1_475' title='bbox 2489 3976 2790 4051; x_wconf 85' lang='lat' dir='ltr'><strong>vulgatam</strong></span> <span class='ocrx_word' id='word_1_476' title='bbox 2830 3978 2916 4052; x_wconf 86' lang='lat' dir='ltr'><strong>(vt</strong></span> <span class='ocrx_word' id='word_1_477' title='bbox 2949 3976 3192 4050; x_wconf 82' lang='lat' dir='ltr'><strong>vocant)</strong></span> <span class='ocrx_word' id='word_1_478' title='bbox 3214 3994 3339 4035; x_wconf 84' lang='lat' dir='ltr'><strong>ver-</strong></span> 
     </span>
     <span class='ocr_line' id='line_1_45' title="bbox 419 4018 3341 4148; baseline 0.001 -35"><span class='ocrx_word' id='word_1_479' title='bbox 419 4052 649 4114; x_wconf 91' lang='lat' dir='ltr'><strong>sionem</strong></span> <span class='ocrx_word' id='word_1_480' title='bbox 688 4053 749 4113; x_wconf 89' lang='lat' dir='ltr'><strong>in</strong></span> <span class='ocrx_word' id='word_1_481' title='bbox 788 4052 1040 4131; x_wconf 90' lang='lat' dir='ltr'><strong>publicis</strong></span> <span class='ocrx_word' id='word_1_482' title='bbox 1078 4050 1432 4115; x_wconf 89' lang='lat' dir='ltr'><strong>lectionibus</strong></span> <span class='ocrx_word' id='word_1_483' title='bbox 1446 4097 1463 4129; x_wconf 90' lang='lat'><strong>,</strong></span> <span class='ocrx_word' id='word_1_484' title='bbox 1484 4018 1998 4144; x_wconf 88' lang='lat' dir='ltr'><strong>disputationibus</strong></span> <span class='ocrx_word' id='word_1_485' title='bbox 2005 4098 2031 4148; x_wconf 77' lang='lat'><strong>.’</strong></span> <span class='ocrx_word' id='word_1_486' title='bbox 2059 4052 2626 4131; x_wconf 88' lang='lat' dir='ltr'><strong>praedicationibus,</strong></span> <span class='ocrx_word' id='word_1_487' title='bbox 2647 4072 2758 4131; x_wconf 94' lang='lat' dir='ltr'><strong>pro</strong></span> <span class='ocrx_word' id='word_1_488' title='bbox 2777 4054 3115 4116; x_wconf 88' lang='lat' dir='ltr'><strong>authentica</strong></span> <span class='ocrx_word' id='word_1_489' title='bbox 3133 4054 3341 4116; x_wconf 89' lang='lat' dir='ltr'><strong>haberi</strong></span> 
     </span>
     <span class='ocr_line' id='line_1_46' title="bbox 416 4131 3340 4213; baseline 0.001 -20"><span class='ocrx_word' id='word_1_490' title='bbox 416 4135 658 4213; x_wconf 83' lang='lat' dir='ltr'><strong>volunt3</strong></span> <span class='ocrx_word' id='word_1_491' title='bbox 698 4134 780 4194; x_wconf 91' lang='lat' dir='ltr'><strong>ita</strong></span> <span class='ocrx_word' id='word_1_492' title='bbox 818 4143 881 4194; x_wconf 86' lang='lat' dir='ltr'><strong>vt</strong></span> <span class='ocrx_word' id='word_1_493' title='bbox 919 4152 1099 4195; x_wconf 88' lang='lat' dir='ltr'><strong>nemo</strong></span> <span class='ocrx_word' id='word_1_494' title='bbox 1140 4152 1273 4195; x_wconf 89' lang='lat' dir='ltr'><strong>eam</strong></span> <span class='ocrx_word' id='word_1_495' title='bbox 1314 4131 1529 4210; x_wconf 87' lang='lat' dir='ltr'><strong>quouis</strong></span> <span class='ocrx_word' id='word_1_496' title='bbox 1567 4142 1874 4211; x_wconf 86' lang='lat' dir='ltr'><strong>praetextu</strong></span> <span class='ocrx_word' id='word_1_497' title='bbox 1914 4133 2156 4210; x_wconf 83' lang='lat' dir='ltr'><strong>reijcere</strong></span> <span class='ocrx_word' id='word_1_498' title='bbox 2195 4134 2410 4195; x_wconf 87' lang='lat' dir='ltr'><strong>audeat</strong></span> <span class='ocrx_word' id='word_1_499' title='bbox 2435 4144 2540 4195; x_wconf 90' lang='lat' dir='ltr'><strong>aut</strong></span> <span class='ocrx_word' id='word_1_500' title='bbox 2567 4144 2927 4211; x_wconf 87' lang='lat' dir='ltr'><strong>praesumat.</strong></span> <span class='ocrx_word' id='word_1_501' title='bbox 2967 4136 3121 4195; x_wconf 79' lang='lat' dir='ltr'><strong>cum</strong></span> <span class='ocrx_word' id='word_1_502' title='bbox 3140 4139 3340 4196; x_wconf 84' lang='lat' dir='ltr'><strong>tamen</strong></span> 
     </span>
     <span class='ocr_line' id='line_1_47' title="bbox 417 4211 3344 4305; baseline 0.001 -33"><span class='ocrx_word' id='word_1_503' title='bbox 417 4214 580 4291; x_wconf 91' lang='lat' dir='ltr'><strong>apud</strong></span> <span class='ocrx_word' id='word_1_504' title='bbox 621 4233 830 4275; x_wconf 89' lang='lat' dir='ltr'><strong>omnes</strong></span> <span class='ocrx_word' id='word_1_505' title='bbox 868 4214 1065 4275; x_wconf 90' lang='lat' dir='ltr'><strong>bonos</strong></span> <span class='ocrx_word' id='word_1_506' title='bbox 1104 4217 1160 4275; x_wconf 74' lang='grc' dir='ltr'><strong>δι</strong></span> <span class='ocrx_word' id='word_1_507' title='bbox 1200 4211 1333 4291; x_wconf 91' lang='lat' dir='ltr'><strong>pios</strong></span> <span class='ocrx_word' id='word_1_508' title='bbox 1372 4221 1639 4293; x_wconf 87' lang='lat' dir='ltr'><strong>constet,</strong></span> <span class='ocrx_word' id='word_1_509' title='bbox 1679 4213 1827 4275; x_wconf 92' lang='lat' dir='ltr'><strong>illud</strong></span> <span class='ocrx_word' id='word_1_510' title='bbox 1866 4214 2056 4291; x_wconf 90' lang='lat' dir='ltr'><strong>magis</strong></span> <span class='ocrx_word' id='word_1_511' title='bbox 2095 4230 2224 4305; x_wconf 67' lang='lat' dir='ltr'><strong>esse</strong></span> <span class='ocrx_word' id='word_1_512' title='bbox 2261 4213 2669 4274; x_wconf 90' lang='lat' dir='ltr'><strong>authenticum</strong></span> <span class='ocrx_word' id='word_1_513' title='bbox 2706 4216 2873 4292; x_wconf 93' lang='lat' dir='ltr'><strong>quod</strong></span> <span class='ocrx_word' id='word_1_514' title='bbox 2910 4219 2949 4276; x_wconf 76' lang='lat' dir='ltr'><strong>a</strong></span> <span class='ocrx_word' id='word_1_515' title='bbox 2965 4216 3102 4276; x_wconf 90' lang='lat' dir='ltr'><strong>Deo</strong></span> <span class='ocrx_word' id='word_1_516' title='bbox 3122 4215 3344 4293; x_wconf 89' lang='lat' dir='ltr'><strong>prodiit</strong></span> 
     </span>
     <span class='ocr_line' id='line_1_48' title="bbox 419 4290 3342 4373; baseline 0.001 -20"><span class='ocrx_word' id='word_1_517' title='bbox 419 4296 475 4353; x_wconf 87' lang='lat'>&amp;</span> <span class='ocrx_word' id='word_1_518' title='bbox 536 4312 601 4353; x_wconf 88' lang='lat' dir='ltr'><strong>re</strong></span> <span class='ocrx_word' id='word_1_519' title='bbox 662 4294 717 4352; x_wconf 88' lang='lat'>&amp;</span> <span class='ocrx_word' id='word_1_520' title='bbox 780 4294 965 4355; x_wconf 89' lang='lat' dir='ltr'><strong>modo</strong></span> <span class='ocrx_word' id='word_1_521' title='bbox 982 4339 999 4372; x_wconf 92' lang='lat'><strong>,</strong></span> <span class='ocrx_word' id='word_1_522' title='bbox 1061 4311 1241 4372; x_wconf 91' lang='lat' dir='ltr'><strong>quam</strong></span> <span class='ocrx_word' id='word_1_523' title='bbox 1298 4293 1466 4370; x_wconf 91' lang='lat' dir='ltr'><strong>quod</strong></span> <span class='ocrx_word' id='word_1_524' title='bbox 1515 4294 1595 4354; x_wconf 88' lang='lat' dir='ltr'><strong>ab</strong></span> <span class='ocrx_word' id='word_1_525' title='bbox 1646 4294 1911 4353; x_wconf 89' lang='lat' dir='ltr'><strong>humano</strong></span> <span class='ocrx_word' id='word_1_526' title='bbox 1952 4290 2224 4373; x_wconf 86' lang='lat' dir='ltr'><strong>ingenio,</strong></span> <span class='ocrx_word' id='word_1_527' title='bbox 2264 4292 2683 4373; x_wconf 75' lang='lat' dir='ltr'><strong>purioremque</strong></span> <span class='ocrx_word' id='word_1_528' title='bbox 2724 4314 2852 4357; x_wconf 89' lang='lat' dir='ltr'><strong>esse</strong></span> <span class='ocrx_word' id='word_1_529' title='bbox 2892 4296 3122 4357; x_wconf 87' lang='lat' dir='ltr'><strong>fontem</strong></span> <span class='ocrx_word' id='word_1_530' title='bbox 3161 4312 3342 4372; x_wconf 89' lang='lat' dir='ltr'><strong>quam</strong></span> 
     </span>
    </p>
   </div>
   <div class='ocr_carea' id='block_1_10' title="bbox 414 4371 3342 4534">
    <p class='ocr_par' dir='ltr' id='par_1_16' title="bbox 414 4371 3342 4534">
     <span class='ocr_line' id='line_1_49' title="bbox 414 4371 1403 4451; baseline 0.002 -19"><span class='ocrx_word' id='word_1_531' title='bbox 414 4372 637 4435; x_wconf 89' lang='lat' dir='ltr'><strong>riuulos</strong></span> <span class='ocrx_word' id='word_1_532' title='bbox 674 4371 776 4451; x_wconf 90' lang='lat' dir='ltr'><strong>qui</strong></span> <span class='ocrx_word' id='word_1_533' title='bbox 814 4393 891 4434; x_wconf 80' lang='lat' dir='ltr'><strong>ex</strong></span> <span class='ocrx_word' id='word_1_534' title='bbox 928 4392 1002 4434; x_wconf 91' lang='lat' dir='ltr'><strong>eo</strong></span> <span class='ocrx_word' id='word_1_535' title='bbox 1044 4374 1403 4435; x_wconf 86' lang='lat' dir='ltr'><strong>deriuantur.</strong></span> 
     </span>
     <span class='ocr_line' id='line_1_50' title="bbox 3017 4454 3342 4534; baseline 0 -19"><span class='ocrx_word' id='word_1_536' title='bbox 3017 4474 3044 4515; x_wconf 89' lang='grc' dir='ltr'><strong>ι</strong></span> <span class='ocrx_word' id='word_1_537' title='bbox 3055 4471 3113 4534; x_wconf 83' lang='lat'><strong>5.</strong></span> <span class='ocrx_word' id='word_1_538' title='bbox 3171 4454 3342 4516; x_wconf 83' lang='lat' dir='ltr'><strong>Licet</strong></span> 
     </span>
    </p>
   </div>
  </div>
 </body>
</html>
