3923 4875
595 281 712 342 280
1533 289 1862 340 russas
1925 293 2571 342 'rnnoLocch-z.

582 477 802 536 quaeso
817 501 834 534 ‚
893 458 1058 534 quod
1097 467 1408 534 peccamm
1449 466 1570 533 est,
1626 461 1682 518 &
1721 477 1828 535 per
1867 473 2241 534 consequens
2281 459 2413 518 Deo
2456 473 2705 518 exosum
2722 501 2739 534 ,
2796 459 3247 520 Sacramentum
3286 479 3417 522 esse
3466 463 3541 522 &

587 538 834 618 gratiam
877 539 1146 597 conferre
1163 582 1180 616 ,
1221 534 1475 615 poterit?

670 638 759 695 13.
843 619 1028 678 Porro
1077 619 1224 678 haec
1277 617 1340 677 in
1389 637 1572 678 vnam
1619 636 1862 678 carnem
1901 619 2221 677 coniunctio
2260 619 2439 678 debet
2480 637 2611 678 esse
2654 623 2739 682 (vt
2776 619 3053 694 diximus)
3096 623 3355 696 legitima
3372 667 3389 698 ,
3434 621 3523 682 id

588 709 677 758 est
717 716 1054 776 congruens
1093 698 1208 775 legi
1247 697 1485 758 diuinae
1525 701 1581 758 &
1620 709 1892 762 naturae.
1933 715 2088 773 quae
2122 697 2325 757 omnia
2350 699 2502 757 iusta
2532 699 2588 756 δι
2620 698 2869 758 honesta
2898 699 3213 777 praecipit.
3246 719 3529 778 aequum

589 778 786 856 itaque
839 789 928 839 est
977 783 1032 840 &
1082 778 1480 838 necessarium
1503 823 1519 856 ,
1581 799 1654 838 ex
1707 777 1850 854 legis
1906 777 2145 838 diuinae
2200 779 2494 854 aequitate
2548 781 2604 838 &
2643 779 3024 857 necessitate,
3088 791 3151 840 vt
3194 780 3533 859 coniugale

589 859 890 918 vinculum
933 860 1036 918 fiat
1073 875 1213 918 cum
1255 871 1566 935 parentum
1607 875 1932 937 consensu3
1976 877 2049 916 ex
2088 858 2383 934 aequitate
2426 859 2482 916 &
2523 859 2834 919 honestate
2870 864 3015 920 vero
3053 861 3325 938 publica,
3365 881 3529 921 con·

586 956 790 1000 sensus
831 938 1008 998 etiam
1047 957 1256 999 eorum
1272 983 1289 1017 ,
1329 939 1432 1016 qui
1474 940 1790 998 Parentum
1829 937 2025 997 vicem
2064 950 2302 1014 gerunt,
2345 938 2676 1014 requiritur.
2717 941 2905 998 Exod.
2932 959 3027 1000 22.
3057 943 3147 999 16.
3194 943 3376 1002 Dent.
3416 961 3529 1000 22.

585 1021 770 1078 Num.
815 1037 913 1095 30.
955 1037 1052 1096 39.
1112 1039 1166 1078 2.
1203 1021 1360 1078 Sam.
1411 1038 1502 1094 13.
1553 1038 1640 1096 13.
1709 1038 1761 1079 1.
1798 1021 1930 1078 Cor.
1978 1035 2032 1092 7.
2076 1020 2171 1095 56.
2246 1019 2550 1096 Exempla.
2595 1020 2733 1079 Iud.
2790 1039 2881 1092 14.
2931 1035 3020 1096 15.
3084 1021 3261 1081 Gene.
3306 1041 3402 1095 24.
3456 1041 3529 1095 4.

588 1101 666 1158 (θ’
703 1119 756 1160 2.
801 1103 896 1160 28.
984 1119 1033 1159 1.
1083 1099 1306 1177 Impius
1345 1098 1596 1175 proinde
1636 1107 1727 1158 est
1763 1097 2027 1158 Romani
2060 1099 2319 1175 Neptuni
2359 1110 2638 1177 conatus,
2698 1101 2867 1175 quod
2906 1099 3195 1161 Tridente
3237 1118 3347 1161 suo
3386 1100 3525 1178 pie-

583 1189 764 1240 tatem
822 1181 976 1239 hanc
1036 1181 1170 1239 Deo
1231 1180 1288 1237 &
1345 1178 1692 1239 Parentibus
1751 1177 2017 1240 debitam
2074 1188 2287 1238 contra
2346 1179 2461 1238 Dei
2520 1179 2688 1239 verbi
2730 1179 3147 1240 auctoritatem
3190 1181 3521 1242 deturbare

583 1260 860 1338 student3
908 1259 1122 1320 Concil.
1171 1261 1343 1319 Trid.
1384 1279 1520 1319 sess.
1569 1279 1662 1333 24.
1704 1260 1761 1320 &
1804 1258 2032 1318 dictum
2066 1257 2218 1317 illius
2258 1259 2609 1336 impudens,
2652 1261 2820 1336 quod
2852 1259 3197 1321 huiusmodi
3228 1260 3519 1339 coniugia

583 1359 708 1400 non
749 1338 932 1399 modo
972 1339 1256 1417 legitima,
1300 1340 1406 1400 sed
1445 1339 1622 1400 etiam
1662 1349 2029 1400 sacramenta
2069 1357 2197 1397 esse
2236 1348 2486 1417 asserat,
2526 1341 2813 1402 Bellarm.
2854 1343 2922 1400 de
2958 1344 3215 1401 matrim.
3260 1353 3393 1422 cap.
3420 1361 3521 1401 20.

583 1420 900 1480 immemor
939 1419 1162 1480 decreti
1205 1419 1358 1480 illius
1399 1418 1694 1496 Gratiani,
1755 1421 1995 1478 Decret.
2023 1428 2195 1497 part.
2242 1439 2295 1478 2.
2335 1439 2517 1477 causa
2558 1439 2657 1495 30.
2698 1441 2754 1496 q.
2801 1435 2855 1498 5.
2895 1441 2943 1480 c.
2994 1441 3042 1479 1.
3115 1423 3380 1482 Petenda
3420 1431 3521 1482 est

587 1518 737 1560 vxor
773 1503 812 1560 a
853 1501 1194 1576 parentibus
1211 1545 1227 1578 ,
1269 1501 1380 1560 &c.
1421 1517 1590 1560 secus
1630 1499 1790 1559 enim
1831 1509 1967 1558 sunt
2006 1498 2322 1576 adulteria,
2364 1508 2565 1575 stupra
2604 1501 2717 1559 &c.

676 1600 768 1654 14.
850 1581 1179 1658 Honestas,
1219 1596 1370 1657 quae
1411 1579 1637 1658 legibus
1677 1590 1921 1640 naturae
1961 1577 2406 1656 praescribitur,
2442 1579 2593 1638 inter
2632 1598 2815 1640 carne
2854 1579 3229 1658 propinquos
3245 1626 3263 1658 ,
3304 1580 3518 1641 coniu—

584 1660 748 1738 gium
801 1670 960 1719 vetat
981 1704 998 1737 ,
1060 1659 1170 1720 nisi
1211 1661 1350 1720 cum
1391 1679 1555 1720 mera
1593 1660 1944 1736 necessitaS,
2008 1667 2110 1718 aut
2146 1659 2402 1736 speciale
2443 1658 2559 1719 Dei
2600 1661 2951 1720 mandatum
2990 1661 3069 1720 ad
3110 1661 3415 1722 Ecclesias
3456 1665 3519 1722 δε

584 1737 976 1817 Respublicas
1013 1742 1107 1814 (vt
1147 1739 1209 1800 in
1250 1740 1442 1817 prima
1480 1742 1845 1819 populorum
1886 1737 2141 1816 origine)
2182 1739 2245 1798 id
2284 1741 2563 1816 postulat.

674 1835 764 1897 15.
847 1820 994 1878 Sunt
1045 1831 1245 1880 autem
1293 1839 1473 1880 carne
1526 1820 1887 1897 propinqui,
1947 1829 2051 1879 aut
2090 1819 2330 1896 cognati
2352 1864 2369 1898 ,
2430 1819 2495 1878 id
2530 1829 2620 1878 est
2662 1839 2735 1880 ex
2774 1821 2986 1881 eadem
3028 1819 3209 1898 stirpe
3254 1827 3515 1900 γενάρχῳ

585 1901 699 1962 orti
720 1945 737 1976 ,
799 1901 855 1960 &
895 1898 1318 1977 consanguinei
1358 1900 1668 1960 dicuntur:
1727 1909 1830 1960 aut
1868 1897 2169 1958 conciliati
2210 1903 2265 1960 δι
2305 1897 2447 1958 facti
2488 1901 2619 1958 sola
2656 1900 2995 1979 nuptiarum
3036 1901 3507 1972 necessitudine,

587 1985 642 2042 δι
683 1979 889 2039 affmes
929 1981 1321 2057 appellantur.

670 2063 760 2119 16.
853 2058 1284 2136 Consanguinei
1329 2059 1782 2122 considerantur
1835 2059 1896 2118 in
1947 2058 2105 2118 linea
2153 2069 2315 2119 recta
2356 2061 2411 2119 &
2454 2061 2796 2121 collaterali.
2858 2063 2929 2120 In
2968 2059 3124 2121 linea
3166 2068 3327 2120 recta
3368 2069 3515 2118 sunt

583 2138 845 2206 οἰνίσκος
877 2139 1001 2200 siue
1023 2141 1442 2208 ascendentes,
1486 2143 1689 2213 Pater,
1731 2142 1931 2210 AuuS,
1972 2155 2262 2218 proauus,
2294 2141 2407 2200 &c.
2443 2152 2544 2201 aut
2576 2148 2875 2208 κατιοντες
2894 2140 3021 2200 siue
3042 2140 3475 2201 descendentes
3493 2183 3513 2212 ,

587 2219 770 2296 filius,
813 2238 1031 2300 nepos,
1073 2239 1404 2298 pronepos,
1448 2224 1560 2281 &c.
1601 2219 1706 2296 qui
1740 2237 1950 2280 omnes
1991 2219 2121 2297 ipso
2162 2231 2407 2280 naturae
2448 2221 2657 2280 ordine
2702 2221 3131 2299 impediuntur,
3172 2223 3230 2281 &
3272 2221 3334 2279 in
3376 2238 3506 2296 per-

585 2309 829 2376 petuum
863 2303 946 2360 ob
979 2300 1278 2380 sanguinis
1307 2301 1724 2376 reuerentiam,
1759 2299 2150 2377 prohibentur
2171 2301 2473 2360 connubia
2492 2299 2752 2377 iungere.
2794 2303 2978 2362 Levit.
3010 2305 3098 2360 18.
3122 2318 3178 2376 7.
3210 2302 3277 2376 (s.
3305 2306 3504 2374 1744).

670 2396 759 2455 17.
843 2383 912 2441 In
947 2381 1102 2443 linea
1141 2382 1468 2443 collaterali
1521 2391 1694 2459 sunt,
1757 2379 1859 2457 qui
1899 2381 1977 2440 ab
2019 2379 2231 2441 eadem
2270 2379 2450 2459 stirpe
2490 2381 2867 2442 dextrorsum
2905 2383 2962 2442 δι
3004 2380 3402 2442 sinistrorsum
3446 2397 3509 2439 se

581 2459 949 2539 diffundunt,
991 2464 1194 2539 quales
1227 2473 1362 2523 sunt
1403 2462 1734 2539 superiores
1774 2460 2047 2539 quidem,
2089 2464 2416 2521 auunculus
2433 2507 2449 2540 ,
2493 2472 2762 2538 patruus,
2804 2472 3046 2539 patruus
3072 2478 3320 2539 magnus
3340 2504 3357 2537 ,
3398 2460 3511 2519 &c.

578 2540 896 2628 Inferiores
936 2547 1078 2603 vero
1120 2543 1398 2621 fratrum,
1461 2546 1854 2617 sororumque
1895 2539 2035 2619 filij,
2098 2542 2305 2602 fratres
2339 2541 2597 2617 denique
2638 2553 2698 2602 et
2738 2560 2975 2602 sorores
3014 2542 3073 2602 in
3118 2552 3283 2602 recta
3322 2540 3513 2617 linea,

580 2637 704 2680 siue
745 2641 818 2681 ex
860 2641 978 2683 vno
1023 2622 1148 2682 siue
1191 2643 1264 2683 ex
1304 2633 1557 2699 Vtroque
1599 2633 1842 2700 parente
1883 2621 2027 2679 nati.

667 2704 758 2760 18.
842 2704 948 2762 Est
1002 2713 1202 2763 autem
1256 2702 1412 2762 linea
1452 2701 1804 2762 collateralis
1847 2702 2085 2777 duplex.
2149 2704 2197 2760 Ι.
2242 2700 2541 2780 aequalis,
2584 2704 2721 2761 cum
2768 2702 3091 2780 aequaliter
3130 2722 3167 2761 a
3206 2698 3515 2761 communi

579 2780 758 2859 stirpe
821 2783 1040 2843 distant
1102 2783 1358 2861 cognati.
1441 2785 1517 2842 II.
1557 2781 1922 2858 InaequaliS,
1990 2783 2131 2841 cum
2170 2781 2589 2857 inaequaliter,
2655 2780 2758 2859 qui
2802 2782 3189 2859 inaequaliter
3244 2781 3399 2841 inter
3450 2798 3515 2839 se

579 2860 798 2921 distant
839 2862 1114 2942 propiuS,
1177 2862 1617 2923 matrimonium
1665 2862 1926 2939 legitime
1979 2860 2333 2921 contrahere
2386 2880 2510 2920 non
2566 2874 2815 2938 possunt
2835 2908 2850 2938 ,
2911 2861 3051 2939 quia
3093 2864 3410 2921 Parentum
3452 2862 3509 2919 &

583 2939 908 3001 liberorum
949 2943 1141 3005 vicem
1182 2942 1490 3003 obtinent:
1541 2962 1593 3002 1.
1635 2944 1784 3001 Tim.
1832 2958 1884 3019 5.
1929 2960 1985 3013 4.
2040 2941 2143 3017 qui
2186 2946 2329 3001 vero
2368 2941 2725 3018 aequaliter,
2784 2953 3035 3019 possunt
3074 2942 3135 3002 in
3178 2942 3365 3019 gradu
3408 2938 3515 3015 qui

580 3033 822 3097 quartus
863 3033 954 3083 est
992 3025 1324 3083 secundum
1363 3023 1841 3100 supputationem
1881 3020 2169 3099 Ciuilem,
2226 3021 2531 3099 antiquam
2573 3025 2628 3082 &
2669 3042 2869 3083 veram
2902 3042 2915 3082 :
2978 3022 3287 3083 Secundus
3330 3024 3475 3081 vero
3492 3064 3511 3097 ‚

583 3100 911 3161 secundum
951 3103 1041 3163 ius
1081 3103 1400 3181 irregulare
1441 3101 1922 3163 Canonistarum.

671 3200 763 3259 19.
844 3183 939 3242 De
991 3182 1274 3244 affinitate
1323 3182 1534 3243 iunctis
1584 3202 1692 3260 par
1732 3192 1822 3242 est
1868 3182 2056 3242 ratio:
2118 3182 2207 3241 vir
2248 3182 2407 3242 enim
2447 3182 2504 3239 &
2542 3200 2691 3242 vxor
2732 3194 2869 3242 sunt
2910 3202 3029 3241 vna
3068 3200 3244 3260 car03
3305 3180 3509 3255 itaque

592 3278 716 3353 quo
771 3263 960 3339 gradu
1007 3264 1300 3341 quispiam
1354 3274 1444 3323 est
1497 3262 1932 3339 consangineus
1986 3261 2183 3341 vxori,
2238 3280 2313 3323 eo
2368 3260 2545 3321 etiam
2594 3262 2784 3339 gradu
2824 3264 2891 3323 fit
2930 3262 3125 3323 affinis
3168 3260 3381 3321 marito
3396 3305 3415 3339 ,
3454 3259 3515 3318 δι

591 3359 721 3402 vice
761 3360 950 3403 versa.

670 3441 764 3483 2ο.
847 3422 1028 3483 Ratio
1087 3433 1288 3484 autem
1347 3422 1781 3500 supputationis
1839 3422 2133 3501 graduum
2192 3440 2373 3499 quam
2413 3432 2617 3482 tenent
2659 3421 3043 3501 Canonistae,
3086 3432 3145 3482 et
3184 3430 3512 3497 sequuntur

584 3502 875 3579 Pontificij
893 3549 910 3580 ,
973 3520 1110 3563 cum
1172 3503 1401 3563 ratione
1464 3522 1588 3563 non
1649 3502 1787 3563 satis
1845 3502 2167 3563 conuenit:
2226 3506 2509 3564 Bellarm.
2566 3504 2633 3561 de
2682 3505 2941 3563 matrim.
2994 3513 3124 3582 cap.
3172 3503 3263 3560 26.
3280 3500 3509 3563 smalto

587 3583 780 3643 minus
823 3582 1100 3644 distantia
1141 3584 1535 3661 legitimarum
1577 3602 2000 3661 personarum,
2063 3582 2189 3642 siue
2237 3600 2419 3661 quam
2474 3593 2683 3643 contra
2739 3583 2856 3641 Dei
2905 3586 2961 3643 &
3001 3592 3246 3642 naturae
3287 3582 3514 3656 legem,

588 3674 798 3723 contra
849 3664 1088 3724 laudata
1138 3674 1404 3725 veterum
1454 3668 1724 3741 exempla
1739 3710 1756 3742 ,
1818 3666 1872 3723 δι
1922 3664 2164 3722 Patrum
2218 3662 2554 3723 testimonia
2568 3708 2585 3739 ,
2646 3668 2899 3738 August.
2943 3664 3042 3722 lib.
3092 3678 3183 3739 15.
3224 3663 3293 3719 de
3340 3661 3509 3718 Ciuit.

585 3744 740 3821 Dei,
799 3752 926 3821 cap.
971 3747 1061 3804 16.
1116 3744 1372 3823 primum
1416 3744 1698 3805 Nicolaus
1739 3746 1900 3821 Papa
1939 3742 2139 3819 posuit
2160 3789 2176 3818 ,
2238 3744 2427 3821 gradu
2471 3760 2522 3817 7.
2567 3752 2626 3801 et
2668 3742 2993 3821 Gregorius
3034 3741 3324 3801 firmauit:
3386 3738 3513 3798 siue

583 3840 764 3899 quam
799 3828 1008 3901 postea
1027 3824 1429 3886 Innocentius
1453 3844 1509 3900 3.
1550 3827 1663 3885 hac
1703 3824 1956 3900 abolita,
1999 3822 2319 3884 somniauit
2339 3868 2356 3900 ,
2398 3827 2453 3883 &
2492 3822 2570 3881 ad
2610 3822 2773 3882 hunc
2812 3842 2997 3900 vsque
3038 3822 3199 3883 diem
3242 3818 3512 3880 Pontifex

583 3904 988 3985 conseruauit,
1047 3908 1256 3966 Concil.
1307 3906 1478 3965 Trid.
3475 3976 3488 3986 ·

666 4002 758 4043 21.
841 3986 1028 4045 Porro
1071 4004 1194 4045 non
1235 3984 1407 4044 nouit
1447 4004 1616 4045 sacra
1655 3985 1954 4061 Scriptura
1996 3982 2361 4060 spiritualem
2401 3986 2455 4043 &
2496 3984 2751 4058 legalem
2792 3982 3247 4059 cognationem,
3291 3989 3349 4037 et
3384 3979 3513 4037 reh-

585 4078 732 4137 quas
775 4063 1116 4144 affinitates,
1158 4083 1305 4143 quas
1347 4066 1637 4142 Pontificij
1683 4064 2025 4142 coniugium
2066 4073 2439 4123 contractum
2481 4062 2759 4123 dirimere
2794 4072 3089 4123 statuunt:
3140 4066 3327 4134 Greg.
3341 4058 3437 4116 lib.
3458 4077 3515 4129 4.

585 4144 668 4201 tit.
713 4162 802 4201 11.
839 4164 924 4221 c.3
961 4147 1193 4206 Decret.
1233 4164 1284 4205 2.
1312 4155 1461 4224 par.
1497 4164 1678 4205 causa
1711 4150 1807 4221 38.
1837 4166 1896 4221 q.
1937 4164 1987 4203 1.
2012 4146 2089 4203 ἂν
2110 4159 2162 4219 5.
2206 4146 2395 4203 multo
2436 4142 2631 4202 minus
2662 4145 2815 4203 ferre
2849 4154 3048 4221 potest
3076 4140 3415 4228 superbiam
3457 4139 3512 4196 δι

587 4224 983 4300 arrogantiam
1022 4225 1125 4303 filij
1167 4224 1512 4303 perditionis
1527 4270 1544 4304 ,
1587 4224 1688 4303 qui
1727 4226 1838 4285 sibi
1877 4222 2288 4284 auctoritatem
2325 4234 2563 4301 arrogat
2576 4268 2594 4301 ,
2636 4242 2709 4282 ex
2728 4219 3507 4301 plenitudine(vtloqu1tur)

585 4302 920 4383 potestatis,
973 4306 1096 4367 imo
1133 4310 1277 4367 vero
1319 4305 1634 4385 impietatis
1648 4352 1664 4376 ,
1719 4303 2103 4383 dispensandi
2142 4303 2203 4363 in
2244 4303 2523 4364 omnibus
2563 4302 2938 4381 cognationis
2978 4302 3264 4383 gradibus
3280 4344 3297 4376 ,
3337 4314 3507 4376 prae-

3234 4390 3507 4455 terquam
