3923 4875
608 309 722 393 256
1543 329 1872 378 riusts
1928 327 2583 377 rnnonoorcat.

609 489 966 552 miraculose
1031 491 1405 571 conferebat,
1447 493 1562 555 iam
1603 496 1768 555 Deus
1809 494 2084 554 conferre
2119 512 2245 554 non
2286 495 2461 555 solet.
2500 495 2581 554 Et
2618 491 2904 572 quicquid
2944 492 3022 555 de
3060 492 3279 573 Spiritu
3318 496 3379 556 S.
3418 493 3521 554 im·

607 571 901 632 mittendo
965 572 1421 647 promissionum
1483 577 1799 652 habemus,
1838 573 2055 634 iustum
2102 572 2338 634 illorum
2380 573 2711 635 mediorum
2752 593 2924 636 vsum
2962 593 3086 635 non
3128 573 3302 636 tollit.
3366 577 3521 634 Nam

605 655 693 728 (vt
731 649 812 710 ait
853 650 1240 729 Augustinus)
1280 654 1565 732 Quisquis
1607 654 1751 715 dicit
1789 673 1914 715 non
1955 673 2081 714 esse
2112 653 2452 714 hominibus
2481 653 2963 733 praecipiendum
2997 655 3173 732 quid,
3207 655 3304 715 vel
3321 673 3523 731 quem-

615 731 942 792 admodum
1003 732 1261 792 doceant
1274 779 1293 813 ,
1355 733 1404 794 si
1456 737 1734 795 doctores
1787 733 1969 795 efficit
2008 733 2254 812 Spiritus
2294 735 2546 795 Sanctus
2616 745 2813 812 potest
2846 732 3043 795 dicere
3060 753 3195 815 ²nec
3234 733 3525 795 orandum

607 829 766 888 esse,
806 810 946 887 quia
985 811 1279 874 Dominus
1312 813 1422 892 ait,
1463 817 1688 876 Matth.
1729 817 1788 874 6.
1830 813 1954 874 Scit
1994 816 2165 873 Pater
2203 824 2397 874 vester
2435 814 2539 892 qui
2621 813 2793 876 vobis
2834 813 3229 876 necessarium
3250 814 3325 875 sit
3343 815 3523 893 prius-

606 910 788 970 quam
829 891 1040 968 petatis
1079 893 1158 953 ab
1200 913 1224 954 ε
1238 912 1277 954 o
1291 939 1306 966 ,
1346 905 1448 955 aut
1483 894 1842 972 Apostolum
1885 895 2133 954 Paulum
2173 912 2296 954 non
2335 893 2611 955 debuisse
2644 893 2977 973 praecipere
3016 894 3185 965 Tito,
3226 897 3285 955 δι
3324 894 3525 954 Timo-

607 975 747 1032 theo
789 970 934 1048 quid
975 971 1381 1051 praeciperent
1419 975 1562 1035 aliis.
1599 976 1698 1034 lib.
1740 976 1809 1033 de
1849 975 2065 1034 Doctr.
2110 973 2323 1034 Olet-m.
2366 993 2423 1047 4.
2462 994 2534 1035 ca
2578 1021 2595 1035 .
2641 976 2732 1034 16.

689 1053 744 1110 6.
825 1051 1080 1110 Modum
1122 1064 1320 1116 autem
1355 1072 1534 1131 quem
1575 1064 1778 1116 tenere
1817 1053 2038 1114 debent
2078 1054 2351 1114 Pastores
2392 1053 2453 1114 in
2492 984 2802 1132 dgcendo,
2843 1052 2982 1114 satis
3002 1052 3183 1114 docet
3200 1053 3331 1132 ipsa
3348 1055 3527 1114 Sacra

607 1132 938 1210 Scriptura,
977 1131 1245 1211 simplice
1284 1135 1339 1193 δι
1380 1133 1588 1195 humili
1627 1133 1764 1195 stilo
1779 1179 1796 1212 ,
1841 1133 2146 1194 materiam
2190 1133 2501 1195 sublimem
2538 1134 2796 1195 tradens.
2836 1136 2965 1194 Nec
3008 1133 3167 1193 enim
3206 1136 3341 1213 plus
3380 1133 3525 1211 sapi-

611 1211 832 1272 endum
871 1221 962 1272 est
991 1217 1170 1290 quam
1213 1213 1460 1292 Spiritus
1503 1216 1751 1274 Sanctus
1789 1213 1972 1292 sapit,
2012 1213 2115 1291 qui
2152 1231 2283 1276 sese
2320 1213 2521 1293 captui
2556 1224 2763 1275 nostro
2782 1213 3277 1292 accommodans,
3300 1223 3529 1275 tannim

611 1289 986 1369 eloquentiae
1025 1304 1299 1354 ornatum
1341 1294 1676 1356 rudioribus
1715 1295 2037 1354 obscurum
2070 1293 2239 1371 sequi
2276 1293 2484 1355 noluit.
2522 1296 2729 1355 Habet
2766 1295 2979 1355 Paulus
3018 1311 3187 1353 suam
3206 1297 3530 1370 δεινότητα,

611 1389 723 1432 nec
761 1370 1032 1448 imperite
1073 1373 1334 1451 loquitur
1374 1377 1554 1436 Sacra
1594 1375 1912 1451 Scriptura.
1953 1376 2191 1452 Itaque,
2230 1391 2344 1434 nos
2383 1372 2445 1434 in
2486 1373 2686 1434 sacris·
2704 1376 2860 1435 bene
2891 1372 3129 1434 dicendi
3146 1373 3375 1434 donum
3394 1375 3529 1432 sim·

611 1451 841 1530 pliciter
879 1470 1001 1512 non
1041 1453 1420 1529 damnamus,
1463 1457 1569 1516 sed
1610 1455 1882 1515 affectata
1920 1453 2167 1514 nimium
2208 1453 2559 1515 Rhetorices
2598 1464 2943 1546 praecepta,
2982 1453 3197 1530 quibus
3234 1452 3533 1514 ambitiosi

612 1531 890 1592 homines
929 1533 1226 1596 humanae
1267 1535 1588 1613 sapientiae
1627 1537 1810 1596 verba
1850 1533 2153 1595 venditant
2168 1579 2187 1610 ,
2226 1550 2393 1594 suam
2432 1553 2556 1595 non
2607 1533 2828 1595 Christi
2866 1533 3117 1612 gloriam
3154 1543 3531 1611 quaerentes,

613 1612 1120 1690 reprehendimus.
1162 1613 1478 1676 Caeterum
1526 1618 1830 1676 Pastorem
1866 1623 2106 1690 oportet
2145 1616 2415 1674 Verbum
2458 1617 2824 1696 ὄρθοτομεῖνς
2869 1633 2925 1674 2.
2964 1613 3122 1676 Tim.
3166 1633 3222 1674 2.
3270 1627 3359 1690 15.
3406 1612 3531 1672 siue

615 1692 774 1754 enim
814 1692 1150 1753 doctrinam
1191 1699 1320 1754 κατ’
1369 1697 1580 1771 &Romu
1615 1695 1834 1756 dictam
1877 1705 2203 1774 proponat,
2242 1693 2367 1754 siue
2404 1695 2743 1774 redarguat,
2783 1693 2909 1754 siue
2946 1692 3222 1773 instruat,
3260 1693 3387 1752 siue
3404 1711 3533 1753 cor-

609 1771 758 1850 rigat
795 1775 976 1848 (quae
1016 1772 1184 1834 verbi
1216 1775 1666 1836 administrandi
1707 1783 1904 1854 partes
1942 1774 2242 1850 dicuntur)
2281 1773 2495 1854 ingenij
2538 1790 2789 1835 acumen
2826 1774 2885 1834 δι
2922 1772 2983 1834 in
3013 1771 3276 1834 dicendo
3294 1771 3386 1833 vis
3407 1771 3530 1850 Spi-

611 1851 754 1912 ritus
791 1869 916 1912 non
957 1853 1212 1932 vulgaris
1253 1854 1585 1932 requiritur.

695 1949 749 2008 7.
831 1931 1106 1992 Secunda
1167 1952 1302 2010 pars
1343 1933 1524 2011 officij
1565 1933 1786 2013 proprii
1829 1932 2173 2014 PastoraliS,
2210 1943 2301 1994 est
2341 1931 2771 1994 administratio
2812 1933 3335 1994 Sacramentorum
3348 1977 3367 2011 ,
3406 1931 3531 1992 siue

613 2010 942 2090 sigillorum
1004 2016 1042 2070 a
1103 2013 1236 2072 Deo
1277 2015 1582 2076 Ecclesiae
1635 2016 1910 2075 datorum
1949 2013 2013 2074 in
2054 2013 2297 2093 singulis
2336 2013 2691 2104 applicatio,
2728 2030 2882 2090 quae
2922 2023 3048 2073 tum
3089 2015 3333 2074 demum
3372 2022 3535 2072 recta

615 2101 710 2151 est
753 2093 894 2150 cum
933 2089 1244 2169 diligenter
1285 2094 1654 2156 obseruatur.
1702 2116 1753 2156 1.
1794 2097 1834 2152 ὰ
1871 2113 1987 2172 quo
2026 2095 2155 2172 fiat,
2194 2112 2411 2171 nempe
2450 2097 2489 2154 a
2527 2093 2784 2171 legitime
2834 2103 3052 2154 vooeto
3092 2092 3173 2153 ad
3218 2092 3281 2153 id
3321 2108 3536 2153 munus

615 2169 890 2249 homine3
933 2173 1188 2250 Regium
1229 2173 1390 2234 enim
1429 2174 1684 2254 sigillum
1728 2176 1805 2235 ab
1847 2172 1966 2235 alio
2018 2191 2197 2252 quam
2238 2175 2315 2234 ab
2357 2193 2433 2234 eo
2474 2173 2573 2233 cui
2610 2172 2730 2233 hoc
2770 2189 2987 2234 munus
3025 2171 3318 2234 incumbit
3354 2190 3535 2250 appo-

615 2249 792 2310 situm
809 2295 825 2328 ‚
867 2249 1011 2310 nihil
1051 2253 1323 2331 prodest:
1363 2253 1550 2316 immo
1589 2254 1739 2316 iram
1779 2253 1934 2333 regis
1974 2265 2298 2333 prouocat,
2338 2255 2396 2315 δι
2436 2253 2753 2314 maiestatis
2794 2255 2986 2313 laesae
3016 2253 3105 2313 rei
3122 2253 3417 2314 habentur
3434 2250 3539 2329 qui

613 2329 754 2390 talia
793 2331 1046 2391 audent:
1087 2338 1310 2409 quanto
1351 2335 1540 2413 magis
1581 2337 1731 2412 ho(f.
1781 2339 2091 2412 1723.)nos
2131 2335 2229 2394 ille
2269 2335 2406 2394 Deo
2448 2331 2795 2394 tribuendus
2832 2343 2941 2394 est.
2981 2332 3169 2408 Quod
3206 2351 3329 2393 non
3362 2333 3536 2393 obse·

617 2420 854 2472 ruantes
893 2413 1184 2490 Pontificij
1201 2460 1219 2493 ,
1268 2417 1323 2476 δι
1365 2413 1460 2491 alij
1479 2461 1498 2494 ,
1537 2416 1848 2493 falluntur,
1893 2415 2090 2475 Laicis
2130 2417 2186 2477 &
2226 2412 2498 2475 foeminis
2536 2412 2599 2474 in
2638 2430 2783 2475 casu
2833 2413 3197 2475 necessitatis
3235 2412 3539 2491 baptizare

618 2490 1039 2569 permittentes.
1080 2496 1158 2555 Et
1197 2494 1566 2557 intolerabile
1613 2496 1761 2557 illud
1799 2495 2137 2556 Bellarmini
2176 2495 2399 2573 dogma
2440 2504 2556 2570 est,
2595 2496 2695 2553 lib.
2742 2495 2811 2554 de
2847 2496 3031 2571 Bapt.
3062 2504 3187 2572 cap.
3212 2511 3268 2570 7.
3288 2509 3411 2569 quo
3429 2492 3538 2571 ait,

613 2574 760 2631 Non
801 2572 1158 2651 baptizatum
1192 2582 1364 2651 posse
1410 2577 1742 2657 baptizare,
1783 2578 1952 2636 madh
1984 2578 2163 2636 ritum
2202 2575 2370 2636 sciat.
2388 2575 2468 2634 11.
2518 2574 2745 2650 Quibus
2758 2618 2776 2653 ,
2817 2572 3121 2652 fidelibus,
3161 2572 3385 2635 scilicet
3404 2590 3539 2650 pro-

615 2651 869 2711 fessione
891 2696 908 2725 ‚
969 2664 1147 2731 atque
1187 2655 1502 2716 foederatis
1541 2656 1687 2750 Dei,
1743 2658 1798 2717 δι
1839 2673 1994 2733 quos
2032 2654 2520 2715 circumstantiae
2560 2656 3078 2715 sacramentorum
3114 2672 3242 2714 non
3279 2661 3535 2713 arceant.

615 2732 724 2792 111.
781 2732 891 2793 Vbi
927 2734 1005 2793 ἐν
1045 2737 1282 2811 quando
1295 2756 1317 2795 .·
1356 2737 1496 2796 Non
1537 2748 1628 2797 est
1667 2746 1748 2797 ita
1785 2734 2183 2796 necessarium
2226 2745 2461 2813 tempus
2500 2751 2763 2811 seruare,
2812 2734 2923 2794 sed
2942 2734 3193 2795 liberum
3214 2744 3304 2793 est
3322 2733 3537 2793 Eccle-

614 2812 733 2872 siae
747 2855 766 2890 ,
833 2813 1020 2873 modo
1085 2814 1145 2875 id
1188 2816 1292 2875 fiat
1329 2815 1573 2894 publico
1613 2816 1840 2895 (quoad
1884 2816 2008 2876 eius
2049 2815 2173 2876 fieri
2215 2817 2437 2892 potest)
2477 2816 2534 2891 δι
2574 2814 2729 2875 iusto
2770 2813 3075 2875 Ecclesiae
3112 2823 3309 2873 coetu.
3380 2814 3537 2889 Quo·

615 2893 782 2951 modo
795 2934 814 2969 ,
855 2911 931 2952 ex
971 2893 1338 2957 institutione
1377 2896 1654 2977 Domini,
1694 2894 1840 2956 nihil
1877 2894 2245 2958 detrahendo
2285 2896 2385 2954 vel
2425 2893 2705 2955 addendo
2720 2938 2740 2972 ,
2779 2894 2859 2953 ita
2893 2906 2955 2954 vt
2976 2897 3116 2954 vere
3136 2892 3336 2954 dicere
3354 2892 3541 2970 possit

614 2970 950 3050 Episcopus
989 2977 1265 3052 exemplo
1307 2974 1508 3055 Pauli,
1558 2996 1608 3036 1.
1657 2976 1798 3036 Cor.
1839 2995 1865 3033 1
1883 2994 1906 3033 1
1919 3021 1933 3035 .
1981 2992 2075 3051 23.
2116 2973 2343 3052 Accepi
2383 2975 2421 3033 a
2460 2974 2729 3035 Domino
2768 2973 2937 3049 quod
2995 2976 3051 3035 &
3092 2972 3311 3035 tradidi
3347 2970 3537 3033 vobis.

696 3054 756 3111 8.
835 3051 1002 3112 Hinc
1034 3066 1298 3131 potestas
1339 3056 1598 3117 clauium
1613 3101 1631 3135 ,
1671 3054 1796 3117 siue
1837 3054 2095 3133 ligandi,
2132 3057 2189 3115 8τ
2230 3054 2505 3115 soluendi
2544 3055 2793 3113 facultas
2842 3058 2881 3113 a
2918 3052 3157 3114 Christo
3199 3051 3541 3114 Pastoribus

622 3130 903 3193 omnibus
946 3132 1007 3192 in
1046 3153 1302 3211 persona
1342 3137 1772 3214 Apostolorum
1815 3135 1954 3195 data
1994 3133 2130 3195 fuitt
2170 3135 2383 3194 Mami.
2432 3136 2521 3193 18.
2573 3136 2664 3194 18.
2706 3134 2860 3193 Nam
2912 3134 3050 3193 cum
3088 3134 3325 3194 coelum
3364 3131 3541 3192 nobis

621 3220 904 3287 tanquam
951 3214 1186 3274 firmum
1229 3215 1597 3276 domicilium
1635 3224 2032 3294 proponatur,
2074 3213 2241 3274 cuius
2281 3224 2455 3292 porta
2492 3224 2580 3274 est
2613 3212 2909 3284 Christus,
2956 3214 3129 3274 huius
3170 3215 3317 3273 vero
3356 3210 3543 3272 clauis

618 3293 740 3368 qua
797 3292 974 3353 nobis
1032 3306 1234 3371 patere
1293 3296 1509 3374 possit,
1549 3297 1728 3375 fides3
1769 3298 1923 3356 hanc
1963 3306 2309 3373 proponunt
2349 3294 2624 3353 Pastores
2663 3294 2831 3353 verbi
2868 3292 3376 3353 administratione
3412 3309 3542 3350 am-

615 3371 1027 3452 plectendam,
1086 3375 1141 3433 &
1203 3376 1598 3437 Sacramentis
1659 3374 2164 3435 confirmandam:
2230 3373 2285 3432 δι
2326 3373 2651 3433 secundum
2689 3373 3081 3451 Euangelicas
3120 3372 3544 3451 promissiones

620 3452 1058 3529 poenitentibus
1097 3454 1345 3533 gratiam
1387 3458 1640 3533 certam,
1681 3453 2203 3534 impoenitentibus
2242 3456 2385 3513 vero
2427 3453 2483 3512 δι
2514 3452 2577 3513 in
2615 3464 2867 3531 peccato
2900 3452 3303 3531 manentibus,
3322 3452 3543 3512 iustum

620 3530 738 3591 Dei
798 3530 1082 3593 iudicium
1145 3534 1531 3627 denuntiant,
1577 3536 1658 3595 im
1722 3546 1786 3595 vt
1833 3554 1906 3595 ex
1955 3533 2379 3614 promissione,
2419 3534 2593 3593 Ioan.
2644 3552 2737 3591 20.
2782 3552 2873 3611 23.
2913 3550 3169 3610 quorum
3208 3529 3543 3593 remiseritis

623 3623 870 3689 peccata
909 3613 1285 3674 remittuntur
1325 3614 1441 3694 eis,
1483 3634 1534 3675 si
1571 3632 1825 3693 quorum
1867 3614 2247 3691 retinueritis,
2290 3624 2518 3673 retenta
2556 3623 2723 3691 sunt,
2759 3612 2855 3673 isti
2872 3612 3069 3674 Deum
3089 3612 3201 3672 sibi
3220 3610 3541 3691 propitium

627 3692 908 3763 sentiant,
953 3692 1066 3753 illis
1108 3698 1252 3755 vero
1295 3694 1411 3754 sint
1449 3695 1686 3755 diuinae
1726 3694 1948 3773 gratiae
1991 3696 2329 3773 praeclusae
2370 3694 2560 3771 fores,
2598 3712 2672 3753 ex
2710 3691 3055 3755 conditione
3090 3710 3322 3771 semper
3338 3688 3543 3751 addita

630 3772 1030 3849 poenitentiae
1045 3820 1061 3850 ,
1105 3784 1208 3834 aut
1241 3774 1722 3853 impoenitentiae
1762 3774 1888 3835 siue
1928 3772 2319 3835 indurationis
2358 3772 2586 3834 cordis:
2629 3774 2795 3849 quod
2836 3772 2976 3833 satis
3018 3773 3279 3832 declarat
3294 3789 3418 3831 non
3437 3771 3541 3829 ab·

623 3853 879 3913 solutam
922 3854 1084 3913 illam
1123 3864 1478 3933 potestatem
1496 3901 1514 3935 ,
1555 3857 1660 3917 sed
1693 3853 2157 3915 conditionalem
2178 3898 2195 3933 ,
2234 3872 2360 3914 non
2398 3851 2749 3932 plenariam,
2790 3853 2896 3914 sed
2936 3851 3374 3913 ministerialem
3394 3868 3541 3910 esse.

707 3953 766 4009 9.
848 3934 1195 3995 Efficaciam
1236 3933 1536 4013 ministerij
1585 3938 1729 3997 satis
1769 3934 1932 3995 videt
1971 3933 2075 4011 qui
2112 3937 2335 3993 attente
2376 3932 2598 4010 cogitat
2637 3950 2763 3993 esse
2796 3934 3024 3993 tantum
3061 3930 3540 4007 instrumentum,

629 4030 752 4072 non
797 4032 997 4074 veram
1039 4031 1307 4075 caussam
1349 4033 1557 4077 eorum
1598 4033 1752 4094 quae
1808 4032 1915 4092 per
1966 4013 2029 4074 id
2067 4013 2126 4073 in
2168 4012 2510 4074 hominibus
2550 4012 2911 4092 efficiuntur3
2948 4012 3102 4072 sicut
3140 4011 3300 4073 enim
3338 4009 3541 4071 instru-

635 4102 900 4153 mentum
943 4106 1186 4155 eatenus
1227 4097 1384 4155 valet
1423 4106 1714 4172 quatenus
1754 4114 1896 4155 vera
1938 4110 2148 4154 caussa
2192 4094 2453 4153 efficiens
2487 4092 2563 4152 ad
2603 4092 2827 4170 aliquid
2848 4092 3227 4153 efficiendum
3246 4110 3321 4153 eo
3339 4090 3541 4169 vtitur3

622 4170 736 4249 sic,
778 4173 1163 4234 ministerium
1210 4176 1344 4235 Deo
1385 4195 1494 4253 per
1531 4176 1598 4237 id
1638 4185 1920 4255 operante
1964 4176 2173 4234 efficax
2214 4182 2302 4233 est
2316 4216 2333 4251 ,
2372 4192 2479 4251 per
2520 4191 2585 4233 se
2618 4174 2761 4233 vero
2802 4171 2951 4233 nihil
2968 4172 3169 4233 efficit.
3187 4173 3365 4232 Vnde
3380 4169 3540 4230 idem

639 4251 1022 4314 ministerium
1088 4255 1148 4313 in
1193 4256 1372 4315 Sacra
1412 4256 1716 4336 Scriptura
1755 4254 2075 4331 aliquando
2116 4252 2443 4331 extollitur,
2484 4252 2804 4329 aliquando
2843 4256 2986 4312 vero
3026 4251 3388 4345 deprimitur.
3428 4250 3541 4309 Ex·

647 4333 908 4413 tollitur,
965 4336 1209 4413 quando
1271 4354 1410 4395 cum
1472 4354 1676 4397 caussa
1729 4334 2041 4414 principali
2078 4332 2459 4394 coniunctum
2504 4333 2937 4393 consideratur:
2998 4334 3053 4393 δι
3092 4332 3177 4393 illi
3212 4330 3547 4393 tribuuntur

3392 4426 3543 4487 quae
