3923 4875
1425 256 1528 309 nn
1585 266 1808 310 VERA
1863 264 2415 312 THEOLOGIA.
3292 264 3362 331 57

459 424 913 517 communicari3
952 428 1007 486 &
1047 427 1338 487 humanae
1377 426 1700 519 tenuitatis,
1731 445 1854 488 ιιοιι
1875 447 2052 506 posse
2074 448 2145 489 ea
2161 448 2373 506 capere
2393 446 2545 505 quae
2565 428 2937 505 perfectionis
2957 428 3191 489 diuinae
3212 441 3364 489 sunt.

459 508 616 565 Tum
655 505 784 583 ipsa
821 522 1059 583 quoque
1097 506 1420 583 personalis
1460 506 1601 567 vnio
1640 510 1996 568 Naturarum
2037 510 2285 568 duarum
2327 509 2387 567 in
2430 509 2666 567 Christo
2708 528 2831 568 rem
2876 509 2955 568 ita
2988 528 3115 569 sese
3148 511 3366 569 habere

459 584 679 645 euincit
715 585 1063 646 necessitate
1094 588 1383 647 absoluta.
1423 589 1564 647 Non
1599 586 1756 648 enim
1775 587 2099 665 personalis
2122 588 2263 648 vnio
2284 599 2384 647 aut
2404 587 2815 647 confusionem
2837 588 3042 668 efficit,
3063 599 3163 648 aut
3185 599 3369 648 trans-

455 666 748 725 fusionem
787 665 1211 744 proprietatum
1254 666 1332 725 ad
1372 668 1527 727 hanc
1566 678 1668 727 aut
1705 666 1866 727 illam
1909 669 2198 728 Naturam
2238 668 2685 757 pertinentium3
2729 668 2834 728 sed
2854 670 3043 727 saluas
3064 668 3367 760 Vtriusque

456 745 714 805 Naturae
781 746 1172 823 proprietates
1219 746 1439 807 seruari
1479 746 1762 825 praecipit
1808 748 1870 807 in
1911 748 2217 808 communi
2256 746 2564 839 suppo-sito
2607 712 2685 805 &³
2704 746 3144 825 operationibus
3184 748 3367 809 istius.

455 828 662 901 Itaque
703 825 765 884 in
804 825 1046 886 homine
1087 846 1256 887 mens
1276 825 1576 905 intelligit,
1599 846 1722 887 non
1760 845 2004 905 corpus:
2042 828 2275 905 Corpus
2314 827 2604 887 ministrat
2622 826 2807 887 menti
2826 826 3369 919 instrumentaliter,

457 924 530 964 ac
567 923 693 965 non
731 924 898 965 mens
935 905 1204 983 corpori:
1247 906 1656 967 Communiter
1697 912 1869 986 vero,
1909 908 1967 965 &
2007 908 2397 987 intelligenter
2436 906 2610 967 simul
2631 908 2685 965 &
2706 907 3220 967 instrumentaliter
3248 908 3369 985 agit

456 985 825 1061 suppositum
865 985 1010 1045 illud
1051 1004 1125 1045 ex
1161 1005 1416 1063 corpore
1455 986 1511 1044 &
1553 998 1750 1047 mente
1790 953 2204 1066 constitutum,
2239 988 2403 1063 quod
2436 985 2742 1047 hominem
2764 989 3146 1064 appellamus.
3187 988 3369 1061 Quod

454 1065 506 1124 si
546 1064 759 1125 mentis
799 1064 1127 1143 proprietas
1165 1064 1393 1144 integra
1431 1066 1616 1126 menti
1654 1078 1993 1159 permanet,
2026 1087 2140 1127 nec
2167 1067 2434 1144 corporis
2456 1086 2584 1127 esse
2605 1077 2831 1144 potest,
2854 1069 3214 1145 eademque3
3236 1087 3369 1144 pro-

458 1143 768 1222 prietatum
825 1164 1251 1237 corporearum
1293 1145 1446 1206 ratio
1486 1144 1628 1237 (iam
1676 1146 1835 1206 enim
1876 1147 1925 1207 si
1965 1158 2175 1207 contra
2216 1157 2594 1237 statueretur,
2628 1166 2752 1206 ιιοιι
2791 1148 2944 1208 foret
2983 1148 3365 1225 proprietas).

454 1223 601 1302 quid
639 1224 717 1285 de
755 1224 1014 1287 diuinate
1027 1269 1045 1304 ,
1086 1237 1189 1287 aut
1229 1246 1300 1287 ea
1337 1225 1581 1287 scientia
1621 1226 1883 1303 formali,
1925 1246 2077 1303 quae
2116 1231 2345 1287 summe
2393 1225 2635 1304 propria
2666 1225 2902 1287 diuinae
2935 1227 3221 1287 essentiae
3254 1239 3371 1303 est,

451 1314 555 1364 aut
592 1303 706 1363 alia
745 1305 952 1380 quauis
988 1306 1380 1386 proprietate,
1420 1304 1779 1367 statuamus?
1817 1310 2125 1368 Postremo
2167 1326 2289 1367 non
2332 1318 2529 1383 potest
2568 1306 2734 1366 aliter
2772 1304 2834 1365 id
2874 1305 3065 1383 ipsum
3103 1306 3281 1385 poni,
3322 1306 3371 1366 si

451 1384 742 1461 integram
782 1397 1056 1445 constare
1095 1389 1367 1477 volumus
1405 1386 1696 1447 rationem
1727 1387 1925 1447 salutis
1967 1398 2224 1448 nostrae.
2265 1388 2420 1446 Nam
2462 1388 2615 1446 salus
2657 1388 2817 1445 nulla
2854 1386 3082 1446 homini
3122 1397 3316 1463 potest
3334 1408 3371 1445 a

450 1464 690 1524 Christo
728 1466 864 1525 Iesu
884 1466 1258 1544 contingere,
1278 1465 1390 1525 nisi
1407 1476 1663 1557 ponatur
1684 1466 1784 1526 illa
1803 1467 2131 1526 voluntaria
2154 1466 2537 1545 dispensatio,
2564 1466 2887 1525 secundum
2909 1484 3087 1542 quam
3107 1465 3373 1525 Christus

454 1549 544 1621 (vt
583 1546 643 1603 in
683 1546 860 1604 rebus
901 1555 1133 1605 vtamur
1163 1512 1438 1638 Apostoli
1474 1548 1696 1623 Philip.
1723 1567 1776 1605 2.
1801 1564 1854 1621 7.
1875 1548 2034 1607 Heb.
2069 1567 2121 1606 2.
2156 1567 2244 1620 14.
2268 1549 2393 1639 &.4·
2430 1550 2545 1623 15.)
2577 1546 2702 1623 ipse
2733 1544 2978 1604 inaniuit
2998 1565 3156 1623 sese,
3178 1548 3372 1606 forma

452 1624 606 1684 serui
646 1634 924 1703 accepta,
965 1624 1170 1685 similis
1209 1624 1549 1687 hominibus
1586 1628 1802 1705 factus,
1839 1627 2014 1686 etiam
2037 1646 2152 1717 'per
2181 1626 2382 1687 omnia
2413 1625 2689 1686 fratribus
2723 1624 2925 1685 similis
2944 1630 2998 1685 δι
3018 1591 3270 1686 tentatus
3310 1624 3369 1683 in

451 1704 730 1764 omnibus
757 1670 1050 1796 similiter,
1091 1706 1198 1765 sed
1237 1708 1460 1783 absque
1488 1718 1756 1784 peccato,
1797 1706 1983 1781 Quod
2003 1708 2051 1767 si
2072 1726 2177 1783 per
2199 1707 2399 1767 omnia
2416 1706 2643 1766 similis:
2668 1726 2811 1783 ergo
2832 1709 2886 1765 &
2908 1725 3013 1783 per
3034 1705 3338 1765 scientiam
3354 1748 3373 1781 ,

454 1784 724 1862 quamuis
774 1784 996 1862 alioqui
1032 1785 1327 1877 disparem
1370 1786 1426 1845 δι
1465 1788 1645 1876 longe
1685 1786 2050 1877 superiorem
2090 1798 2293 1846 nostra
2334 1785 2575 1846 scicntia
2614 1785 2913 1864 omnium,
2954 1784 3157 1845 similis
3198 1783 3373 1844 nobis

453 1864 741 1924 dicendus
781 1874 888 1925 est.
953 1864 1116 1941 Quid
1157 1860 1365 1943 plura?
1407 1864 1744 1942 quicunque
1784 1866 2088 1927 scientiam
2126 1866 2343 1926 Christi
2384 1886 2501 1943 qua
2540 1870 2759 1938 homo
2790 1885 2915 1925 non
2947 1875 3156 1956 putant
3172 1864 3373 1925 distin-

452 1945 751 2034 guendam
789 1946 868 2005 ab
899 1944 1163 2005 eiusdem
1195 1944 1438 2005 scientia
1459 1948 1576 2021 qua
1594 1947 1758 2005 Deus
1770 1946 1844 2022 ,ij
1868 1948 2136 2024 profecto
2172 1946 2451 2023 paulatim
2485 1945 2623 2005 licet
2653 1946 3087 2023 imprudenteS,
3109 1944 3168 2005 in
3191 1946 3373 2023 Apol-

453 2022 650 2084 linaris
689 2035 882 2084 castra
903 2024 1276 2086 delabuntur.
1317 2028 1400 2085 Vt
1420 2025 1578 2085 enim
1597 2045 1886 2103 personae
1907 2026 2145 2085 diuinae
2167 2024 2493 2089 substantia
2512 2044 2635 2085 non
2658 2026 2809 2085 tollit
2829 2025 3061 2085 animae
3072 1992 3373 2085 humanae

453 2103 514 2163 in
556 2104 869 2165 Seruatore
909 2115 1116 2165 nostro
1148 2105 1454 2165 veritatem
1473 2105 1666 2181 (quod
1707 2104 2038 2182 Apollinari
2080 2106 2411 2180 videbatur)
2454 2105 2539 2164 sic
2568 2103 2769 2163 diuina
2800 2104 2901 2163 illa
2924 2104 3199 2183 scientia,
3221 2122 3372 2180 quac²

453 2183 775 2245 essentialis
816 2195 905 2245 est
936 2184 1272 2275 proprietas
1311 2184 1560 2245 Deitatis
1600 2184 1662 2244 in
1701 2205 1954 2262 persona
1996 2184 2245 2276 Christi,
2286 2204 2412 2244 non
2452 2184 2685 2263 perimit
2704 2182 3039 2274 scientiam,
3064 2203 3217 2259 quae
3240 2204 3373 2261 Ριο-

451 2262 670 2341 prietas
710 2261 1085 2325 humanitatis
1125 2274 1241 2343 est3
1282 2263 1399 2325 Sed
1436 2264 1735 2325 concurrit
1775 2276 2019 2343 Vtraque
2057 2264 2119 2325 in
2160 2265 2439 2356 vnitatein
2484 2262 2798 2341 suppositi,
2839 2264 2895 2321 δι
2916 2274 3109 2323 seruat
3128 2274 3373 2338 vtraque

453 2344 515 2401 in
570 2344 784 2433 eodem
840 2343 1078 2405 Christo
1127 2310 1432 2406 veritatem
1473 2361 1660 2405 suam.
1723 2345 1980 2405 Scientia
2020 2344 2219 2404 diuina
2259 2356 2347 2405 est
2386 2344 2447 2403 in
2490 2344 2725 2404 Christo
2769 2341 3372 2421 incommunicabilis3

452 2422 558 2484 sed
597 2420 686 2484 sui
725 2434 926 2483 tamen
968 2424 1417 2515 ἀπαυγάσματος
1458 2424 1973 2486 communicatiua.
2017 2426 2201 2500 Quod
2231 2426 2579 2504 ἀπαύγασμα
2610 2423 2733 2484 siue
2765 2422 3198 2499 resplendentia
3216 2387 3372 2482 inest

453 2514 696 2563 naturae
723 2505 1018 2564 humanae
1054 2505 1271 2564 Christi
1297 2504 1632 2581 plenissime
1673 2507 1728 2564 δι
1757 2505 2196 2582 perfectissime.
2242 2506 2623 2581 Quapropter
2664 2503 2859 2562 omnis
2898 2503 3207 2579 plenitudo
3230 2501 3367 2560 Dei-

453 2583 588 2642 tatis
641 2583 906 2644 habitare
959 2582 1170 2643 dicitur
1221 2584 1280 2642 in
1330 2584 1460 2660 ipso
1513 2585 1926 2664 corporaliter3
1978 2590 2033 2646 δε
2075 2606 2147 2645 ex
2186 2605 2256 2644 ea
2289 2583 2653 2661 plenitudine
2693 2581 2982 2658 consequi
3020 2580 3366 2659 gravissime

453 2665 659 2741 praeff.
707 2663 1044 2746 1385)d1cat
1083 2664 1438 2742 ApostoluS,
1478 2667 1642 2740 quod
1683 2681 1882 2726 sumus
1934 2665 1995 2724 in
2034 2685 2107 2724 eo
2149 2663 2463 2742 completi,
2494 2664 2595 2740 qui
2616 2674 2704 2724 est
2722 2671 2901 2737 caput
2921 2661 3114 2720 omnis
3136 2660 3363 2736 imperij

457 2745 512 2801 &
540 2742 846 2819 potestatis
884 2745 998 2803 διε.
1045 2743 1231 2802 Colos.
1283 2762 1330 2801 1.
1373 2763 1458 2804 vs,
1507 2765 1597 2803 12.
1639 2746 1746 2804 Est
1782 2744 1958 2822 igitur
1996 2743 2057 2803 in
2099 2744 2335 2804 Christo
2356 2744 2505 2803 haec
2524 2741 2884 2820 Theologia,
2916 2759 3095 2817 quam
3117 2739 3371 2799 Vnionis

458 2824 843 2900 appellamus.
887 2821 1050 2897 Quid
1090 2823 1166 2883 sit
1205 2831 1441 2903 autem,
1484 2843 1558 2882 ex
1600 2823 2084 2884 antecedentibus
2125 2833 2215 2883 est
2242 2825 2424 2883 ferme
2445 2823 2783 2914 cognitum,
2808 2820 3010 2898 quoad
3032 2819 3157 2880 eius
3178 2821 3235 2878 in
3258 2821 3373 2878 hac

456 2911 662 2962 nostra
713 2901 1049 2962 infirmitate
1089 2903 1372 2980 cognosci
1411 2913 1626 2980 potest.
1685 2906 1795 2963 Est
1837 2903 1993 2964 enim
2036 2905 2187 2963 haec
2226 2902 2559 2993 Theologia
2599 2901 2847 2962 omnino
2900 2902 3227 2976 adaequata
3265 2898 3376 2976 illi,

455 2998 636 3058 quam
674 2981 945 3060 proxime
980 2982 1374 3060 praecedente
1412 2983 1603 3062 capite
1664 2983 1916 3044 diximus
1955 2982 2350 3061 Theologiam
2385 2980 2727 3073 simpliciter
2754 2980 2895 3042 vel'
2879 2999 2941 3039 ιιι
2980 3000 3045 3041 se
3062 2977 3372 3057 appellari·
3360 3023 3376 3056 ,

459 3079 639 3152 quam
698 3064 814 3122 late
874 3072 1037 3139 patet
1095 3061 1428 3139 Theologia
1487 3051 1864 3140 simpliciter
1887 3063 2075 3140 dicta,
2137 3074 2333 3122 creata
2370 3061 2659 3138 (inquam)
2700 3065 2755 3122 &
2793 3059 3231 3120 communicata
3272 3075 3377 3117 seu

457 3139 807 3219 participata
846 3141 977 3220 illa,
1017 3151 1138 3201 tam
1176 3143 1293 3202 late
1331 3151 1495 3218 patet
1528 3142 1747 3202 Christi
1779 3142 2095 3204 seruatoris
2128 3141 2314 3202 nostri
2349 3139 2683 3219 Thffllogia
2704 3141 3030 3201 secundum
3052 3139 3379 3199 humanita-

457 3231 579 3280 tem
612 3220 823 3297 ipsius:
864 3188 1025 3281 Nihil
1053 3231 1142 3281 est
1162 3219 1224 3281 in
1248 3222 1422 3281 rebus
1442 3221 1681 3301 creatiS,
1703 3223 1816 3284 nisi
1835 3224 1913 3283 ab
1931 3224 2044 3283 hac
2063 3220 2397 3300 Theologia
2412 3221 2662 3298 Christi,
2682 3220 2909 3281 ratione
2939 3221 3056 3278 vlla
3081 3219 3377 3296 θεολόγον.

461 3303 637 3359 Hanc
675 3299 776 3360 ille
817 3299 1210 3380 Theologiam
1251 3300 1482 3378 accepit
1519 3305 1556 3360 a
1595 3304 1766 3362 Patre
1805 3314 2050 3380 propter
2088 3322 2231 3382 nos,
2274 3306 2329 3362 δι
2368 3321 2480 3362 nos
2519 3302 2598 3361 ab
2639 3266 2769 3361 i'llo.
2812 3303 3028 3359 Plenus
3070 3298 3288 3376 gratiae
3322 3301 3376 3355 δι

459 3380 717 3440 veritatis
752 3391 873 3459 est,
915 3385 970 3442 &
1009 3400 1120 3441 nos
1160 3399 1370 3440 omnes
1411 3381 1734 3458 accipimus
1771 3383 1846 3443 de
1867 3384 1992 3442 eius
2011 3348 2393 3473 plenitudine.
2432 3383 2607 3442 Ioan.
2634 3401 2683 3440 1.
2714 3383 2803 3440 16.
2824 3381 3211 3439 Demonstrat
3230 3377 3375 3434 illud

461 3461 628 3536 quod
670 3425 952 3538 dicimus,
993 3461 1144 3522 iusta
1182 3461 1551 3538 comparatio
1592 3461 1892 3554 Vtriusque
1924 3462 2292 3540 Theologiae
2326 3462 2651 3522 secundum
2673 3459 3078 3520 definitionem
3099 3457 3376 3532 ipsarum.

433 3541 620 3600 'Nam
660 3541 736 3601 de
776 3540 875 3600 illa
916 3507 1169 3601 diximus
1198 3541 1592 3618 praecedente
1631 3543 1825 3621 capite
1838 3589 1856 3622 ,
1905 3545 2224 3618 Theologia
2262 3544 2595 3618 simpliciter
2630 3543 2783 3600 decta
2814 3547 2901 3599 est
2928 3547 3042 3596 tota
3076 3537 3375 3611 Sapeentia

461 3638 660 3678 rerum
702 3622 1042 3680 diuinarum
1083 3641 1208 3679 cum
1248 3641 1316 3679 re
1353 3629 1555 3680 creata
1595 3625 2082 3683 communicabilis·
2108 3633 2219 3700 pro
2250 3624 2718 3680 communicantis
2748 3621 2929 3678 mode.
2972 3621 3101 3676 Iam
3121 3617 3197 3674 ad
3220 3617 3375 3672 hanc

463 3702 672 3760 oculos
711 3703 767 3759 &
809 3700 1232 3778 cogitationem
1275 3711 1587 3780 conuerte3
1630 3702 1832 3764 omnia
1869 3705 2074 3764 eadem
2118 3705 2289 3780 plane
2328 3720 2455 3760 esse
2476 3699 2535 3760 in
2565 3711 2809 3774 vtraque
2832 3696 3088 3772 videbiS,
3121 3695 3169 3753 si
3192 3695 3377 3752 deter-

463 3779 849 3841 minationem
899 3793 1098 3860 actus,
1159 3783 1214 3840 δι
1255 3779 1505 3842 subiecti
1559 3783 1894 3861 exceperis3
1944 3801 2127 3859 quum
2166 3781 2449 3858 dicimus,
2498 3782 2819 3853 Theologea
2874 3779 3109 3836 Vnionis
3148 3783 3234 3832 est
3268 3775 3375 3831 8“α-

453 3862 680 3936 pientia
741 3869 861 3920 tota
921 3881 1120 3920 rerum
1185 3862 1557 3938 diuinarum,
1618 3866 2031 3923 commumcata
2091 3882 2216 3920 cum
2285 3861 2521 3919 Christo
2584 3859 2935 3936 ὂεανθρώπφ
2951 3900 2967 3933 ,
3005 3858 3075 3914 id
3107 3862 3219 3931 est,
3259 3873 3376 3929 qua

465 3940 669 4000 Sermo
717 3941 877 4000 Caro
912 3947 1110 4014 factus
1149 3948 1263 4015 est,
1305 3907 1612 3999 secundessm
1650 3944 2066 4003 humanitatem
2107 3944 2242 3999 eius.
2284 3943 2439 3998 Nam
2478 3959 2587 4016 pro
2630 3956 2703 3996 eo
2737 3939 2901 4013 quod
2941 3936 3039 3995 illa
3078 3935 3378 3992 communi·

464 4021 670 4078 cabilis
719 4019 1062 4099 dicebatur,
1116 4017 1390 4078 nimirum
1445 4021 1710 4096 potentia
1749 4029 1836 4100 (vt
1878 4023 1958 4082 ita
1998 4021 2285 4092 dicamus)
2336 4015 2814 4092 indeterminate,
2854 4015 2951 4074 hic
2988 4013 3377 4074 determinato

463 4109 600 4159 actu
641 4103 1060 4160 communicata
1100 4098 1333 4159 dicitur.
1388 4101 1546 4159 Tum
1591 4121 1699 4178 Ριο
1741 4122 1814 4162 eo
1855 4102 2021 4178 quod
2062 4099 2393 4160 subiectum
2432 4100 2657 4157 nullum
2698 4097 2903 4155 aderat
2937 4094 2999 4154 in
3039 4093 3380 4153 definitione

463 4178 616 4238 illius
633 4223 650 4256 ,
709 4197 786 4239 eo
844 4180 1009 4258 quod
1067 4178 1409 4257 simpliciter
1469 4183 1524 4240 &
1574 4181 1634 4240 in
1689 4201 1750 4243 se
1789 4181 2310 4255 considerabatur,
2350 4177 2450 4236 hic
2490 4178 2821 4237 subiectum
2860 4173 3283 4254 amplissimum
3325 4177 3379 4231 ἃ

459 4259 930 4337 incomparabile
979 4260 1323 4338 adhibetur,
1366 4258 1624 4321 dicendo
1667 4263 1821 4322 hanc
1861 4283 1987 4322 cum
2033 4263 2267 4322 Christo
2318 4257 2668 4336 θεανθρώπῳ
2706 4259 3177 4316 commumcatam
3221 4272 3376 4312 esse:

1902 4347 1938 4402 8
3200 4331 3380 4406 Quod
