3923 4875
1334 361 1653 404 'tunsus
1711 359 2362 404 TutOLooicAit.
3196 365 3303 428 153

402 521 687 579 denotare
734 522 1031 594 putamus)
1082 519 1301 596 quippe
1340 521 1479 578 ci'im
1520 519 1741 578 creatio
1776 518 1849 578 sit
1887 535 2039 596 opus
2079 517 2346 580 trinitatis
2389 520 2464 578 ad
2508 531 2672 578 extra
2711 523 2798 596 (vt
2839 527 3078 599 vocant)
3120 526 3307 588 tribus

402 615 643 675 quoque
680 597 947 674 personis
984 597 1296 675 compet-it,
1330 608 1574 672 seruato
1611 610 1809 657 tamen
1850 598 2074 656 ordine·
2103 617 2174 656 ac
2216 599 2398 657 niodo
2439 598 2496 656 in
2539 599 2880 675 operando,
2920 599 3002 660 ita
3044 616 3102 663 vt
3137 609 3306 666 Pater

405 697 508 755 per
550 675 730 736 filium
772 679 827 737 δι
866 677 965 754 Sp.
1008 678 1319 752 Sanctum,
1362 677 1510 738 filius
1548 679 1587 736 a
1621 679 1791 736 Patre
1830 695 1936 753 per
1974 677 2074 753 Sp.
2117 678 2176 736 S.
2215 679 2348 735 loa.
2401 697 2445 735 1.
2488 695 2544 752 3.
2590 679 2714 738 Col.
2760 699 2809 738 1.
2853 681 2942 738 16.
2983 681 3226 758 Spiritus
3247 688 3306 746 S.

402 761 439 816 a
480 759 654 816 Patre
708 757 764 815 ἃ
824 755 947 815 filio
1003 755 1308 816 creauerit.
1369 759 1513 816 Gen.
1562 776 1611 816 i.
1656 777 1709 816 2.
1752 757 1874 814 Iob.
1918 773 2018 834 33.
2059 776 2114 828 4.
2167 759 2270 815 Ps.
2312 775 2408 832 33.
2451 757 2507 815 6.
2549 756 2822 817 tribuitur
2860 758 3102 834 quidem
3143 766 3300 824 Patri

403 835 512 896 soli
552 834 773 896 creatio
814 834 873 894 in
914 837 1191 911 symbolo
1230 837 1365 896 fidei
1405 845 1671 913 nostrae,
1715 845 1775 895 vt
1814 839 1872 896 ἅτ
1910 836 2032 895 filio
2053 836 2444 912 Redemptio»,
2466 836 2521 894 &
2542 835 2863 913 SpirimiffS.
2885 838 3299 919 sanctificatio,

404 918 468 990 (f.
516 917 711 991 1636.)
768 915 871 974 sed
930 917 1047 975 hoc
1106 915 1171 975 fit
1225 915 1363 992 quia
1420 915 1479 974 in
1526 933 1736 976 eorum
1783 933 2036 992 persona
2087 914 2350 992 proxime
2411 913 2542 974 illae
2580 915 2842 976 actiones
2901 918 3299 983 terminantur.

402 993 673 1071 Sequitur
722 996 915 1070 Fk'nis,
962 995 1065 1070 qui
1116 996 1333 1072 duplex
1369 1005 1488 1086 est,
1529 994 1723 1074 operis
1760 995 1815 1054 δι
1856 994 2178 1072 operantis:
2219 997 2445 1073 operis,
2485 1005 2547 1054 vt
2589 994 2790 1054 omnia
2827 995 2946 1056 suis
2986 997 3302 1062 inseruiant

404 1073 601 1134 vsibus
618 1119 635 1151 ,
676 1073 986 1150 praecipue
1028 1079 1166 1135 vero
1206 1074 1375 1135 saluti
1411 1071 1655 1151 aliisque
1692 1073 2218 1134 commoditatibus
2255 1073 2568 1134 hominum.
2597 1077 2652 1135 &
2674 1074 2928 1134 maxime
2949 1079 3300 1141 electorum:

410 1156 554 1213 Gen.
606 1171 655 1212 1.
698 1157 792 1213 28.
833 1156 937 1214 Ps.
980 1158 1037 1213 8.
1085 1171 1139 1228 7.
1176 1155 1333 1214 ch.
1378 1175 1431 1214 2.
1484 1171 1537 1229 7.
1579 1158 1639 1214 8.
1696 1153 1866 1213 Finis·
1913 1155 2212 1232 operantt’s
2269 1165 2360 1213 est
2417 1152 2568 1212 illius
2619 1153 2841 1232 gloria,
2883 1173 3018 1215 nam
3061 1175 3138 1218 ex
3175 1171 3305 1222 toto

399 1251 579 1308 opere
639 1232 949 1292 creationis
1008 1231 1365 1294 admirabilis
1422 1233 1535 1293 Dei
1578 1234 1831 1312 bonitas,
1876 1232 2162 1310 sapientia
2198 1235 2254 1292 δι
2297 1233 2562 1308 potentia
2599 1235 2832 1294 elucent
2849 1280 2865 1308 ,
2916 1237 3061 1297 Gen.
3115 1259 3159 1296 1.
3202 1260 3301 1316 31.

401 1313 505 1372 Ps.
556 1331 682 1385 io4.
728 1331 820 1383 24.
862 1313 1009 1373 Pro,
1061 1315 1149 1372 16.
1190 1333 1246 1386 4.
1288 1316 1413 1372 [εν.
1462 1331 1551 1373 ro.
1600 1333 1690 1373 11.
1742 1333 1829 1371 re.
1872 1331 2122 1408 quarum
2163 1311 2384 1390 agnitio
2417 1311 3302 1396 &celebratiO,coi-de,lingua

398 1393 451 1450 δε
493 1411 701 1467 opere,
752 1403 813 1452 vt
862 1391 1173 1469 praecipue
1229 1393 1563 1453 hominibus
1602 1395 1657 1454 δι
1696 1393 1939 1471 Angelis
1977 1391 2283 1464 conuenit,
2325 1389 2406 1450 ita
2450 1391 2766 1452 creationis
2805 1411 3019 1470 scopus
3063 1397 3298 1460 vltimus

396 1469 619 1529 existi-t:
681 1472 979 1531 hominem
1040 1471 1212 1548 igitur
1268 1481 1511 1550 propter
1570 1491 1633 1532 se
1690 1471 1913 1532 creauit
1959 1473 2154 1549 DeuS,
2197 1470 2428 1548 reliqua·
2462 1470 2670 1531 omnia·
2707 1482 2947 1549 propter
2989 1474 3292 1538 hominem

396 1567 547 1625 quae
586 1549 645 1608 in
688 1551 799 1610 hae
842 1549 1215 1612 vniuersitate
1255 1562 1390 1613 sunt

476 1649 532 1700 4.
613 1631 869 1690 Caussae
906 1628 1167 1690 internae
1206 1641 1557 1708 sequuntur,
1595 1628 1835 1692 materia
1873 1629 2097 1691 scilicet
2137 1633 2192 1692 δι
2232 1631 2442 1690 forma.
2486 1629 2735 1690 Materia
2777 1633 3170 1706 praeexistens
3186 1682 3204 1713 ,
3225 1657 3297 1698 ex

396 1725 514 1783 qua
553 1710 715 1768 Deus
757 1709 1039 1769 mundum
1080 1711 1237 1770 hunc
1276 1709 1521 1781 creauit,
1562 1712 1721 1772 nulla
1760 1708 1891 1770 fuit:
1931 1710 2112 1787 idque
2155 1710 2450 1770 vocabulo
2483 1709 2724 1770 creandi
2759 1711 2958 1785 (quod
2981 1712 3040 1771 in
3061 1717 3300 1792 propria

394 1805 497 1846 sua
536 1787 959 1866 significatione
998 1789 1451 1866 productionem
1488 1793 1527 1850 a
1566 1810 1701 1850 non·
1728 1809 1859 1850 esse
1895 1790 1982 1848 ad·
2013 1808 2140 1849 esse
2179 1800 2374 1849 notat:
2418 1807 2558 1848 nam
2591 1791 2728 1849 cum
2747 1791 2910 1850 Deus
2935 1793 3094 1852 solus
3115 1809 3296 1856 aeter-

392 1884 503 1926 nus
556 1865 753 1941 initio,
806 1871 950 1945 fine,
990 1873 1043 1930 &
1088 1871 1459 1930 successione
1499 1889 1705 1930 carens
1744 1871 1799 1929 δι
1841 1868 2186 1929 immortalis
2225 1868 2326 1945 sit,
2376 1891 2398 1928 1
2457 1869 2602 1928 Tim.
2643 1871 2702 1930 6.
2751 1870 2840 1929 16.
2884 1871 3200 1949 omniaque
3239 1877 3294 1934 δι

390 1944 517 2006 sine
554 1947 911 2025 exceptione
942 1948 1299 2027 condiderit,
1340 1950 1627 2027 sequitur,
1672 1968 1795 2009 non
1836 1969 1907 2009 ex
1948 1947 2192 2008 materia
2231 1948 2426 2024 aliqua
2455 1959 2728 2025 aeterna,
2759 1951 2944 2008 multe
2969 1951 3159 2012 minus
3180 1955 3294 2014 Dei

390 2026 666 2102 essentia,
706 2028 809 2087 sed
850 2033 883 2087 e
922 2029 1105 2088 nihilo
1146 2041 1422 2106 tanquam
1465 2029 1717 2090 termino
1758 2027 2022 2106 potentia
2063 2028 2176 2088 Dei
2214 2026 2499 2088 extitisse:
2539 2029 2642 2086 Ps.
2685 2047 2782 2104 33.
2823 2048 2880 2103 9.
2921 2031 3091 2092 Rom.
3117 2053 3172 2106 4.
3205 2053 3293 2108 17.

394 2106 548 2164 Heb.
618 2123 704 2165 ιι.
730 2113 737 2123 ’
766 2126 825 2184 3.
882 2109 1121 2184 Itaque,
1183 2107 1469 2186 quicquid
1516 2121 1635 2186 est,
1688 2107 1831 2167 illud
1869 2121 1972 2168 aut
2010 2107 2374 2174 immediate,
2423 2119 2488 2166 vt
2523 2108 2788 2183 caelum,
2827 2117 3015 2185 terra,
3060 2115 3287 2190 angeli,

390 2183 615 2244 anima:
655 2197 760 2246 aut
798 2185 1082 2260 mediate,
1124 2197 1187 2246 vt
1224 2188 1367 2256 alia.
1412 2186 1637 2248 ratione
1674 2188 1863 2264 prima
1908 2186 2216 2264 materiae,
2257 2207 2330 2247 ex
2371 2185 2554 2246 nihilo
2577 2199 2873 2247 emanant.
2915 2187 3068 2248 Nam
3090 2211 3286 2252 rerum

390 2281 809 2341 corporearum
861 2267 1159 2326 materiam
1202 2271 1403 2343 (quam
1440 2269 1641 2327 Moses
1680 2269 1816 2326 tohu
1858 2269 1913 2326 ἃ
1952 2269 2132 2339 holm,
2168 2265 2264 2340 alij
2299 2267 2478 2324 chaos
2508 2267 2838 2342 appellant,
2879 2267 3046 2326 LXX
3081 2271 3290 2330 ‹iu-ra-

392 2343 711 2422 σκὲναςον,
748 2346 805 2403 &
848 2346 1191 2423 Philosophi
1230 2347 1517 2439 «inopom,
1560 2347 1847 2426 ducum,
1889 2347 2328 2421 ἀσχημάτιςον.
2364 2351 2576 2404 (ἔπαιον
2616 2343 2790 2404 fuisse
2817 2343 3112 2422 dixerunt)
3137 2351 3294 2412 Deus

391 2439 465 2479 ex
504 2421 687 2484 nihilo
728 2423 891 2503 prius
926 2425 987 2485 in
1030 2437 1297 2503 tempore
1337 2427 1635 2499 condidit,
1680 2435 1740 2485 vt
1778 2446 1851 2485 ex
1891 2444 1964 2484 ea
2004 2424 2248 2485 visibilia
2288 2422 2488 2483 omnia
2525 2424 2562 2481 ὲ.
2595 2422 2920 2499 priuatione
2953 2423 3011 2485 in
3033 2429 3286 2491 formam

388 2503 713 2563 naturalem
754 2506 1138 2579 produceret:
1182 2504 1335 2564 vnde
1378 2505 1583 2566 melius
1622 2504 1682 2565 in
1724 2505 2022 2585 Scriptura
2058 2506 2220 2565 Deus
2251 2504 2580 2581 appellatur
2597 2504 2872 2580 noaqvq'c,
2893 2506 3088 2581 quiex
3111 2510 3292 2570 nihilo
3369 2577 3380 2583 ,

388 2579 607 2657 aliquid
650 2584 854 2659 faeiat,
894 2589 1075 2661 quam
1114 2588 1152 2645 a
1196 2587 1435 2645 Platone
1474 2587 1531 2644 &z
1572 2583 1911 2664 Philosoph.
1956 2586 2303 2664 δημιουργὸς
2321 2630 2337 2657 ,
2379 2581 2480 2661 qui
2522 2600 2596 2640 ex
2632 2581 2968 2673 inordinato
2988 2586 3148 2667 aliud
3173 2600 3292 2648 tan·

388 2670 514 2719 tum
574 2663 806 2723 ordinet
853 2665 909 2723 δι
950 2665 1283 2725 constituat.
1334 2666 1483 2725 lust.
1523 2667 1721 2725 Mart.
1760 2664 1821 2725 in
1861 2664 1966 2725 lib.
2006 2664 2236 2723 exhort.
2275 2664 2354 2722 ad
2403 2666 2574 2722 (ient.
2615 2661 2926 2736 Physicum
2969 2668 3110 2723 vero
3151 2665 3292 2727 illud

384 2738 651 2818 axioma,
709 2761 785 2801 ex
840 2744 1021 2803 nihilo
1068 2745 1221 2803 nillil
1241 2746 1357 2820 fit,
1395 2742 1536 2819 quia
1579 2742 1893 2819 Physicum
1931 2752 2162 2801 tantum
2201 2754 2314 2819 est,
2357 2758 2668 2817 rerumque
2707 2743 3060 2802 naturalium
3101 2748 3294 2807 ordini

386 2818 711 2881 constituto
724 2866 742 2897 ,
802 2840 925 2883 non
979 2834 1177 2882 autem
1224 2820 1639 2883 constituendo
1692 2821 1999 2898 conuenit,
2039 2820 2138 2881 hic
2175 2839 2298 2881 non
2338 2820 2567 2882 obtinet
2581 2864 2599 2898 ,
2642 2818 2740 2879 vbi
2782 2820 2858 2881 de
2899 2822 3196 2885 creatione
3237 2830 3291 2887 &

386 2898 658 2973 potentia
687 2900 905 2961 Diuina
946 2906 1149 2981 (quam
1191 2901 1535 2980 Philosophi
1578 2902 1947 2981 ignorarunt)
1991 2918 2189 2961 sermo
2230 2912 2338 2961 est.

468 2994 523 3054 5.
606 2982 779 3040 Nunc
816 2982 895 3040 de
932 2984 1157 3041 Forma
1199 2982 1520 3042 videamus.
1560 2984 1744 3041 Prout
1782 2980 1956 3060 igitur
1997 2978 2310 3041 creationis
2347 2978 2520 3039 huius
2559 2979 2713 3038 duae
2747 2990 2882 3039 sunt
2913 2992 3106 3057 partes
3121 3028 3138 3059 ,
3161 3005 3294 3061 pro·

384 3055 587 3117 ductio
628 3076 819 3119 rerum
838 3106 855 3137 ,
898 3064 953 3121 &
992 3060 1417 3139 sapientissima
1462 3080 1663 3122 earum
1704 3060 2013 3138 dispositio
2055 3062 2186 3120 Deo
2228 3070 2472 3137 vti-aque
2511 3056 2782 3149 propria,
2823 3060 2951 3118 lob.
2977 3082 3032 3136 9.
3054 3068 3108 3123 8.
3147 3066 3292 3127 Esa.

389 3154 487 3207 40.
531 3156 624 3197 22.
666 3140 742 3197 ἂν
785 3159 879 3212 44.
925 3159 1017 3212 24.
1082 3140 1179 3201 Sic
1217 3140 1393 3201 etiam
1442 3142 1631 3201 forma
1670 3141 1792 3202 duo
1831 3143 1980 3201 haec
2019 3136 2460 3217 complectitur,
2500 3137 3024 3227 consideraturque
3067 3140 3292 3206 inteme

384 3216 438 3273 &
478 3220 752 3278 externe:
784 3220 1007 3277 interne
1045 3218 1103 3279 in
1144 3220 1347 3279 abdita
1387 3219 1554 3281 huius
1598 3219 1984 3281 vniuersitatis
2027 3218 2083 3278 vi
2122 3220 2178 3278 δι
2219 3230 2456 3278 natura:
2499 3218 2762 3292 ceterae,
2803 3234 2860 3275 in
2899 3219 3082 3279 modo
3099 3266 3117 3297 ,
3141 3228 3290 3285 mul-

390 3292 665 3373 titudine,
726 3296 1095 3377 diuersitate,
1145 3302 1199 3359 &
1254 3299 1687 3377 pulchritudine
1733 3318 1928 3361 rerum
1968 3297 2235 3359 omnium
2275 3297 2678 3373 conditarum,
2719 3314 2840 3387 non
2886 3308 3006 3357 tam
3049 3314 3290 3379 propter

388 3375 543 3433 coeli
580 3379 637 3436 δι
676 3376 1036 3454 reliquorum
1080 3378 1483 3439 sublunarium
1524 3380 1833 3455 pulchram
1872 3380 2119 3457 faciem,
2157 3396 2338 3453 quam
2380 3387 2623 3455 propter
2640 3386 3000 3451 aptissimam
3021 3384 3285 3445 omnium

388 3451 447 3511 in
490 3472 581 3531 se,
620 3455 867 3515 &inter
906 3476 971 3516 se
1009 3458 1309 3535 εὐταξίαν,
1346 3464 1582 3537 φιλίαν,
1622 3462 1677 3519 8ῑ
1714 3466 2051 3537 κοινωνίαν,
2101 3460 2180 3519 ab
2219 3478 2338 3518 vno
2371 3457 2474 3517 illo
2515 3455 2706 3533 primo
2745 3458 2800 3515 δι
2859 3460 3285 3533 perfectissimo

394 3532 541 3591 Eute
580 3534 873 3595 liberrime
910 3556 985 3596 ex
1023 3535 1205 3612 ipsius
1244 3537 1556 3615 sapientia,
1596 3539 1857 3599 bonitate
1898 3540 1953 3599 δι
1993 3539 2257 3615 potentia
2296 3540 2642 3616 profectam:
2691 3535 2845 3595 vnde
2883 3542 3128 3603 mundus
3173 3546 3280 3605 La-

394 3610 529 3670 tinis
584 3616 621 3671 a
684 3616 929 3692 puritate
988 3618 1043 3676 δι
1106 3616 1391 3676 munditie
1440 3616 1633 3677 dictus
1683 3630 1799 3693 est,
1848 3621 2006 3679 Plin.
2058 3622 2158 3681 lib.
2202 3639 2254 3679 2.
2293 3628 2422 3697 cap.
2465 3636 2522 3693 3.
2560 3625 2624 3674 vt
2663 3620 2717 3676 ἃ
2757 3616 3000 3677 Graecis
3042 3643 3075 3676 κ
3095 3626 3282 3701 ‘ci-poc,

392 3690 640 3765 Egymol.
700 3716 855 3771 mag.
904 3696 1094 3754 Arist.
1134 3697 1203 3754 de
1240 3698 1483 3775 munda,
1532 3706 1658 3774 cap.
1701 3700 1758 3760 6.
1798 3700 1949 3777 παρά
1993 3700 2058 3757 τὸ
2101 3705 2354 3776 κοσμεῖν»,
2400 3698 2432 3755 o‘
2473 3700 2542 3755 toi
2582 3700 2767 3755 πάντα
2807 3694 2870 3753 ἓν
2907 3697 3094 3776 ἑαυτῷ
3135 3706 3282 3775 ἔχων

394 3774 804 3847 κεκοσμημένα.
864 3776 1169 3834 Hactenus
1208 3774 1286 3835 de
1326 3775 1562 3837 caussis,

470 3850 529 3907 6.
606 3854 902 3927 affectum
960 3864 1156 3913 autem
1214 3873 1287 3913 ex
1339 3855 1500 3915 hisce
1553 3856 1742 3917 causis
1794 3857 2148 3933 productum
2186 3869 2272 3918 est
2313 3853 2599 3928 munduS,
2638 3856 2740 3931 qui
2779 3856 2922 3916 nihil
2961 3870 3052 3918 est
3090 3859 3282 3940 aliud,

390 3930 569 4002 quam
628 3932 997 4009 superiorum
1060 3932 1515 4011 inferiorumque
1575 3954 1926 4015 compages,
1979 3939 2036 3997 &
2093 3938 2329 4013 σύςημα
2369 3954 2442 3995 ex
2481 3934 2678 4012 coela,
2717 3948 2902 4014 terra,
2940 3939 2996 3996 &
3037 3943 3284 4003 caeteris

388 4004 589 4083 rebus,
646 4028 799 4087 quae
852 4011 912 4071 in
972 4010 1040 4073 iis
1098 4011 1351 4073 existunt
1404 4014 1793 4091 pulcherrime
1830 4014 1983 4076 inter
2021 4034 2086 4077 se
2125 4016 2432 4077 ordinatae
2472 4013 2527 4072 δι
2564 4014 2938 4093 distributae,
2977 4018 3014 4075 ὲ.
3055 4020 3186 4079 Deo
3227 4024 3284 4082 δι

390 4099 631 4163 propter
670 4092 863 4151 Deum
904 4102 1379 4169 coagmentatum
1420 4096 1475 4155 δι
1515 4106 1950 4157 conseruatum.
1991 4098 2330 4156 Diuisiones
2369 4108 2564 4154 rerum
2597 4108 2926 4155 creatarum
2945 4112 3104 4156 nunc
3123 4101 3284 4161 vide-

388 4183 584 4241 amus,
628 4180 691 4227 vt
728 4182 853 4231 tum
900 4171 1069 4231 huius
1110 4172 1302 4232 effecti
1338 4184 1634 4252 naturam,
1656 4186 1779 4235 tum
1802 4174 2108 4235 efficientis
2127 4173 2536 4235 excellentiam
2555 4191 2630 4233 eo
2653 4176 2857 4237 melius
2879 4174 3282 4255 intelligamus.

390 4244 607 4304 Partes
644 4254 785 4327 ergo
826 4251 1029 4310 mundi
1068 4252 1219 4310 duae
1249 4262 1415 4325 sunt,
1456 4256 1683 4313 caelum
1726 4258 1781 4314 ἃ
1820 4266 2008 4327 terra,
2049 4265 2224 4331 prout
2262 4272 2361 4313 eas
2399 4250 2619 4331 passim
2654 4254 2954 4331 Scriptura
2984 4262 3283 4337 proponit.

389 4325 492 4383 Ps.
542 4344 673 4400 ι24.
716 4332 770 4388 8.
813 4334 915 4391 Ps.
964 4350 1093 4409 134.
1133 4350 1189 4409 3.
1230 4333 1341 4394 Es.
1381 4349 1477 4408 37.
1524 4336 1616 4393 16.
1654 4332 1843 4410 iisque
1882 4333 2132 4395 vocibus
2171 4336 2513 4411 plerumque
2556 4336 3283 4408 evvsxdogaxciicresetiam

3078 4440 3286 4481 omnes
