3923 4875
632 33 751 98 410
1696 29 2104 88 tinnulo!
2165 41 2374 86 rans
2431 35 2470 86 1.

627 203 877 280 pedibus
916 203 1149 263 illorum
1190 201 1509 263 obtrudere
1522 247 1541 279 ,
1580 211 1683 262 aut
1722 203 1875 264 bene
1916 203 2286 282 cupientibus
2325 204 2444 264 vim
2485 205 2694 264 afferre
2733 199 2908 265 male.
2967 205 3185 264 Nonne
3221 204 3314 264 lex
3357 201 3548 264 male·

624 282 849 342 dictum
894 303 1031 342 eum
1071 280 1459 360 pronunciat,
1518 282 1619 358 qui
1660 302 1843 344 caeco
1894 283 1955 342 in
2008 284 2102 344 via
2151 285 2573 345 offendiculum
2627 281 2930 360 posuerit?
2983 293 3185 344 nonne
3223 283 3286 344 id
3325 297 3548 343 natura

624 361 840 440 docet,
892 365 1061 440 quod
1113 361 1258 423 olim
1308 377 1519 422 caecus
1557 361 1655 421 ille
1694 361 1907 424 cecinit
1948 359 2220 425 Ennius?
2299 365 2506 424 Homo
2547 363 2650 442 qui
2699 363 2914 426 erranti
2952 365 3200 424 comiter
3239 375 3540 423 monstrat

624 441 779 501 viam
792 487 810 520 ,
870 441 1059 517 Quasi
1099 443 1301 502 lumen
1342 441 1419 503 de
1458 459 1569 502 suo
1608 442 1829 504 lumine
1866 444 2160 505 accendat
2199 443 2372 503 facit:
2435 443 2828 504 Nihilominus
2871 442 2980 521 ipsi
3022 447 3210 506 lucet.
3269 463 3408 503 cum
3451 442 3542 502 illi

624 521 981 582 accenderit.
1043 521 1229 597 Quod
1264 521 1317 581 si
1354 523 1503 582 haec
1542 521 1603 582 in
1644 524 1821 582 rebus
1858 523 2130 602 corporis
2170 524 2227 582 δε
2265 523 2422 584 vitae
2461 523 2782 602 praesentis
2821 525 3014 600 DeuS,
3055 525 3313 600 Natura,
3355 523 3542 598 boni,

624 621 833 662 omnes
870 601 1129 679 denique
1170 613 1634 681 praeceperunt3
1674 602 1852 681 longe
1890 603 2143 682 amplius
2185 604 2454 680 profecto
2495 603 2550 662 ἃ
2592 603 2926 682 diligentius
2968 605 3168 664 danda
3200 615 3288 663 est
3317 622 3510 680 opera
3525 647 3541 673 ‚

624 693 687 740 vt
726 682 787 741 in
828 685 1005 743 rebus
1044 681 1227 742 animi
1265 681 1321 740 &
1360 680 1439 742 ad
1478 682 1735 742 futuram
1777 683 1935 744 illam
1975 695 2276 744 aeternam
2316 683 2497 761 vitam
2537 682 2963 761 pertinentibus
3007 684 3298 760 prosimus
3343 683 3544 742 omni-

622 763 734 822 bus
756 806 773 840 ,
814 763 1079 823 obsimus
1122 759 1363 822 nemini.
1426 761 1533 841 Et,
1576 781 1681 839 per
1720 763 1916 823 Deum
1956 764 2386 839 immortalem,
2427 763 2573 841 quid
2614 775 2702 822 est
2739 765 2906 842 quod
2947 781 3060 822 nos
3100 763 3420 840 impediat,
3459 783 3544 822 ne

625 841 849 902 miseris
900 841 1015 902 illis
1066 861 1137 903 ex
1188 843 1401 902 morbo
1454 841 1511 900 δε
1562 859 1761 902 errore
1810 843 1991 903 animi
2045 843 2449 904 laborantibus
2503 847 2896 904 acclamemus
2949 844 3024 902 ad
3075 845 3334 920 bonum,
3401 845 3456 902 δε
3499 848 3542 902 ὲ

624 921 1053 983 malefaciendo
1093 921 1495 982 abstineamus
1534 925 1715 998 quam
1754 919 2136 984 fidelissime?
2197 925 2352 984 Nam
2393 921 2442 982 si
2480 923 2562 984 illi
2601 923 2763 984 oeeci
2801 935 2936 985 sunt
2951 968 2968 1000 ,
3027 934 3086 983 at
3125 943 3236 982 nos
3277 922 3498 984 fuimus
3522 944 3540 981 :

624 1001 689 1062 Si
729 1003 1011 1063 oberrant
1064 1001 1382 1080 caecitate,
1432 1011 1493 1060 at
1527 1019 1639 1061 nos
1676 1003 2117 1064 oberrauimus:
2180 1003 2240 1064 Si
2289 1003 2546 1080 denique
2589 1003 3015 1081 impedimento
3055 1015 3218 1078 sunt,
3259 1015 3320 1062 at
3349 1001 3540 1080 impe-

624 1081 953 1142 dimentum
994 1082 1249 1156 habent,
1290 1093 1355 1140 vt
1393 1099 1505 1140 nos
1544 1081 1894 1142 habuimus:
1936 1099 2059 1160 quo
2095 1083 2277 1162 magis
2307 1095 2511 1144 nostra
2541 1083 3056 1144 commiseratione
3097 1085 3152 1142 &
3181 1081 3540 1144 alleuatione

622 1160 789 1240 digni
824 1173 977 1222 sunt.
1020 1161 1083 1222 Si
1122 1162 1255 1238 quis
1294 1178 1439 1239 ergo
1480 1161 1557 1222 de
1596 1161 1915 1240 scripturae
1956 1173 2154 1224 mente
2191 1183 2318 1224 non
2357 1163 2495 1224 satis
2526 1164 2874 1224 informatus
2893 1209 2911 1241 ,
2933 1176 3130 1223 tamen
3151 1165 3316 1222 bono
3329 1163 3540 1222 animo

620 1243 701 1302 ad
740 1244 933 1302 Deum
966 1240 1365 1318 contenderitv,
1408 1239 1583 1300 etiam
1624 1243 1700 1301 de
1742 1261 1815 1303 eo
1856 1244 2192 1304 laetandum
2227 1255 2318 1304 est
2339 1244 2504 1320 quod
2526 1255 2802 1321 procurat
2821 1245 2989 1304 bono
3010 1243 3235 1313 animo,
3259 1243 3540 1319 quamuis

622 1339 747 1382 non
786 1334 1065 1400 procuret
1107 1323 1358 1382 bonum:
1400 1319 1591 1382 foueri
1630 1333 1866 1399 oportet
1906 1323 2072 1401 quod
2111 1325 2336 1383 bonum
2377 1337 2499 1400 est,
2539 1343 2802 1384 errorem
2837 1323 2998 1402 tolli3
3019 1323 3536 1400 quemadmodum

622 1399 767 1461 olim
809 1402 1043 1462 dicebat
1084 1402 1479 1479 AugustinuS,
1521 1402 1797 1462 Errorem
1840 1405 2018 1480 tolle,
2059 1405 2115 1464 &
2155 1422 2328 1463 serua
2369 1403 2688 1465 hominem.
2731 1403 3010 1463 Similiter
3047 1403 3097 1462 si
3135 1402 3268 1478 quis
3307 1402 3366 1462 in
3411 1421 3534 1461 me·

622 1480 787 1541 dium
842 1483 1201 1559 producatur
1222 1531 1236 1542 .
1253 1482 1435 1540 fretus
1480 1480 1609 1541 sola
1656 1492 1899 1542 naturae
1950 1485 2081 1544 luce
2096 1529 2114 1562 ,
2155 1483 2258 1560 qui
2298 1486 2492 1543 Deum
2533 1483 2788 1562 requirat
2828 1482 3092 1560 simplice
3131 1481 3367 1558 anim03
3411 1499 3538 1542 non

623 1565 845 1621 temere
886 1561 1274 1640 depellendus
1313 1561 1389 1619 de
1430 1561 1647 1639 gradu,
1690 1564 1797 1622 sed
1837 1563 2084 1624 sollicite
2125 1563 2512 1641 appellandus
2551 1581 2666 1641 est,
2707 1565 2762 1622 &
2801 1563 2970 1624 omni
3008 1563 3208 1622 officio
3242 1581 3316 1621 ac
3335 1561 3538 1638 potius

623 1641 839 1718 pietate
878 1643 959 1703 ad
998 1639 1231 1720 pietatis
1268 1639 1538 1701 notitiam
1580 1642 2027 1718 producendus:
2069 1644 2288 1704 laetitia
2327 1643 2639 1721 spiritualis
2679 1643 2756 1705 de
2793 1643 2911 1704 hoc
2951 1643 3190 1703 homine
3209 1641 3536 1720 capienda:

622 1739 818 1798 neque
878 1725 1071 1782 solum
1124 1739 1231 1783 ore
1290 1722 1347 1780 &
1404 1739 1676 1782 sermone
1715 1725 1986 1783 testanda
2045 1723 2221 1800 soris,
2283 1725 2388 1784 sed
2449 1742 2523 1784 ex
2581 1725 2766 1784 corde
2807 1726 2862 1785 δι
2903 1722 3146 1783 veritate
3183 1721 3538 1782 intrinsecus

624 1801 1011 1878 effundenda,
1057 1811 1123 1862 vt
1181 1799 1614 1861 sanctissimum
1675 1803 1835 1862 hunc
1895 1805 2252 1880 Prophetam
2313 1804 2437 1881 (qui
2477 1803 2584 1863 fuit
2617 1803 2706 1863 vir
2743 1805 3074 1863 secundum
3115 1821 3224 1862 cor
3261 1801 3538 1876 Domini)

624 1900 700 1941 ex
748 1880 951 1942 animo
990 1883 1045 1940 δι
1086 1881 1269 1943 corde
1308 1891 1437 1942 toto
1479 1879 1793 1942 imitemun
1859 1883 2044 1958 Quod
2083 1883 2132 1944 si
2170 1883 2342 1944 huius
2381 1885 2716 1960 exemplum
2757 1901 2878 1942 non
2917 1893 3112 1960 potest
3151 1885 3226 1941 eo
3279 1900 3392 1942 nos
3433 1882 3538 1941 ad-

624 1961 845 2020 ducere
866 2005 885 2034 ,
958 1961 1265 2021 videamus
1335 1963 1543 2021 saltem
1604 1960 1747 2038 quid
1808 1963 2086 2040 Apostoli
2147 1964 2305 2040 apud
2365 1963 2630 2023 infideles
2693 1964 2947 2042 egerint:
3010 1972 3234 2039 quanto
3293 1963 3502 2022 labore
3519 2007 3540 2038 ,

626 2041 853 2118 studi0,
897 2041 1049 2120 fide,
1088 2040 1373 2119 religione
1412 2042 1628 2100 Paulus
1668 2041 1901 2103 dicatur
1934 2061 2075 2102 cum
2117 2041 2227 2102 illis
2269 2053 2532 2103 versatus
2572 2062 2730 2123 esse,
2771 2047 2825 2104 &
2865 2041 3086 2120 quanta
3138 2040 3536 2102 sollicitudine

626 2137 765 2180 cum
808 2119 1053 2182 infirmis
1092 2141 1165 2181 ea
1216 2119 1747 2182 communicauisse
1800 2140 1953 2200 quae
1993 2134 2305 2201 acceperat
2345 2141 2380 2182 a
2421 2122 2706 2183 Domino.
2747 2124 2961 2184 Plenus
3001 2134 3088 2182 est
3120 2123 3330 2182 harum
3353 2121 3538 2182 histo·

626 2199 843 2260 riarum
882 2211 1041 2262 totus
1082 2205 1414 2261 Auctorum
1454 2201 1633 2280 liber,
1676 2204 1886 2278 plenae
1928 2205 2424 2263 documentorum
2467 2203 2768 2281 epistolae.
2807 2203 3081 2280 Denique
3119 2213 3386 2262 seruator
3407 2201 3538 2278 ipse

624 2281 925 2359 ChristuS,
964 2279 1067 2358 qui
1112 2281 1233 2341 suis
1270 2281 1577 2358 Apostolis
1636 2301 1911 2343 sermone
1973 2285 2029 2342 δι
2088 2284 2364 2360 exemplo
2425 2283 2698 2361 praeiuit,
2759 2290 3014 2360 suosque
3057 2282 3378 2342 imitatores
3421 2299 3536 2340 nos

624 2379 753 2422 esse
794 2361 1012 2442 voluit,
1052 2370 1252 2422 nonne
1292 2361 1457 2422 illum
1495 2361 1690 2441 ipsum
1728 2361 2032 2441 iuuenem,
2069 2363 2252 2441 quise
2273 2363 2474 2422 omnia
2493 2363 2900 2424 obseruauisse
2917 2363 3152 2422 dicebat
3169 2363 3208 2420 a
3229 2362 3536 2421 iuuentute

624 2442 827 2502 dilexit
864 2445 921 2502 δι
962 2443 1193 2503 monuit
1252 2437 1473 2518 officij?
1524 2442 1795 2520 quamuis
1834 2462 1909 2505 eo
1950 2456 2221 2523 tempore
2261 2462 2381 2505 non
2421 2446 2650 2521 legatur
2687 2446 2852 2504 illurn
2891 2443 3111 2503 amoris
3149 2440 3302 2502 illius
3343 2441 3536 2502 moni·

624 2528 941 2599 torumque
982 2523 1240 2582 fructum
1279 2521 1537 2600 aliquem
1578 2523 1938 2601 percepisse,
1979 2526 2200 2583 nedum
2241 2522 2530 2601 edidisse3
2571 2524 2676 2584 sed
2718 2528 2926 2584 contra
2947 2522 3270 2583 indoluisse
3290 2532 3538 2600 propter

622 2620 958 2663 sermonem
1020 2603 1272 2682 Christi,
1332 2606 1389 2663 ὅτ
1448 2602 1856 2663 contristatum
1915 2604 2147 2664 abiisse.
2207 2605 2394 2664 Marc.
2464 2622 2553 2665 ro.
2600 2623 2695 2666 22.
2756 2605 3167 2680 Quamobrem
3208 2603 3346 2661 cum
3387 2602 3536 2677 Dei,

622 2684 915 2761 Naturae,
956 2686 1011 2743 &
1048 2683 1379 2761 Scripturae
1422 2702 1625 2744 sacrae
1664 2682 2046 2762 testimoniiS,
2088 2684 2143 2743 &
2185 2684 2417 2762 piorum
2459 2684 2727 2745 omnium
2743 2729 2760 2761 ,
2799 2684 3068 2760 adeoque
3110 2682 3330 2744 Christi
3349 2681 3536 2759 ipsius

622 2763 903 2840 exemplis
955 2763 1277 2823 doceamur
1334 2764 1513 2823 finem
1576 2765 1735 2823 hunc
1790 2782 1917 2823 esse
1956 2763 2185 2823 homini
2226 2762 2410 2824 cuiuis
2449 2762 2820 2842 propositum
2861 2768 2972 2839 (est
3011 2774 3207 2823 autem
3247 2766 3284 2821 a
3325 2760 3538 2822 natur-a

622 2842 991 2919 propositus,
1032 2844 1089 2902 ὅτ
1128 2846 1164 2901 a
1206 2844 1339 2903 Deo
1380 2842 1712 2921 exposituS,
1754 2848 1874 2921 qua
1914 2843 2259 2921 obscurius,
2297 2848 2416 2921 qua
2457 2844 2786 2905 euidentius
2828 2864 2938 2921 pro
2979 2845 3283 2903 voluntate
3329 2841 3536 2919 ipsius)

622 2940 727 2982 cur
780 2934 1023 2982 naturae
1062 2925 1321 3001 bonum,
1379 2923 1649 3000 quamuis
1712 2923 2317 3001 imperfectissimum,
2381 2924 2444 2983 in
2503 2924 2746 2984 homine
2787 2920 3174 2984 damnemus?
3233 2922 3356 2982 Cur
3394 2940 3536 2981 eum

620 3014 863 3081 propter
922 3004 1075 3061 mala
1136 3003 1461 3080 praeteritis
1512 3004 1687 3064 bonis
1729 3002 2098 3080 impellamus
2139 3004 2198 3063 in
2240 3004 2468 3063 ruinam
2512 2998 2938 3065 miserabilem?
2978 3022 3084 3063 cur
3125 3004 3536 3062 subuertamus

620 3081 971 3159 impotentia
1011 3083 1221 3161 animi,
1263 3087 1317 3144 &
1360 3082 1577 3145 malitia
1620 3081 1853 3144 nostra?
1894 3084 2218 3143 Videamus
2257 3083 2456 3161 potius
2475 3130 2491 3159 ,
2530 3095 2594 3143 vt
2632 3082 2942 3144 scintillam
2971 3082 3116 3143 boni
3133 3082 3536 3141 accendamus

620 3166 799 3239 quam
843 3174 904 3221 vt
946 3161 1387 3243 extinguamus3
1422 3164 1477 3221 δι
1498 3182 1811 3223 accensam
1831 3164 2139 3224 foueamus
2161 3183 2232 3223 ac
2253 3162 2635 3224 fortificemus
2653 3162 3114 3240 studiosissime,
3133 3160 3536 3237 laetitiamque

620 3254 883 3302 sanctam
932 3243 1329 3305 communiter
1376 3244 1453 3303 de
1502 3263 1573 3304 ea
1612 3242 1913 3321 capiamus
1956 3262 2093 3304 cum
2133 3242 2308 3303 bonis
2349 3242 2629 3303 omnibus
2669 3244 2726 3302 &
2767 3260 2905 3303 cum
2947 3242 3189 3318 Angelis
3229 3240 3434 3301 electis
3473 3240 3534 3299 in

620 3323 821 3382 caelo:
882 3340 960 3381 ne
1019 3324 1171 3383 forte
1212 3324 1379 3399 quod
1417 3323 1559 3383 olim
1600 3323 1980 3401 praedicabat
2021 3322 2220 3383 Dauid
2261 3324 2338 3383 de
2377 3342 2486 3383 suo
2527 3321 2772 3401 spiritali
2811 3322 3031 3400 gaudio
3071 3322 3132 3381 in
3169 3322 3282 3382 hac
3321 3339 3532 3397 causa,

620 3402 681 3463 id
744 3401 919 3463 nobis
980 3401 1040 3461 in
1099 3404 1453 3463 horrendam
1512 3403 2077 3464 condemnationem
2138 3414 2400 3464 vertatur
2460 3402 2680 3463 iudicio
2741 3403 2894 3482 Dei3
2931 3414 3248 3479 postquam
3284 3400 3535 3477 vestigia

620 3481 867 3543 Dauidis
908 3502 982 3541 ex
1020 3482 1265 3543 historia
1304 3482 1499 3562 sacrA,
1538 3485 1595 3544 δι
1638 3502 1711 3543 ex
1755 3482 1949 3543 verbis
1989 3481 2170 3560 ipsius
2211 3484 2328 3543 hoc
2370 3485 2508 3544 loco
2543 3482 2858 3543 didicimus
2891 3484 2970 3542 ad
2991 3501 3232 3542 omnem
3251 3481 3532 3559 pietatem

619 3562 1181 3639 humaninatemque
1220 3582 1361 3642 erga
1400 3564 1643 3641 quosuis
1684 3563 1957 3623 homines
1999 3562 2284 3640 religione
2322 3562 2553 3623 summa
2593 3562 2992 3623 contendisse.

700 3642 825 3702 Hic
866 3648 1007 3704 vero
1067 3644 1451 3721 respondebit
1512 3648 1761 3704 sortasse
1800 3642 2122 3720 quispiam,
2163 3643 2240 3703 de
2279 3642 2425 3702 Fine
2464 3660 2641 3719 quem
2683 3642 2796 3703 sibi
2837 3662 3046 3703 omnes
3087 3640 3356 3701 homines
3394 3652 3532 3701 ante

619 3725 827 3783 oculos
869 3734 1131 3800 ponunt,
1192 3742 1315 3783 non
1372 3724 1699 3783 admodum
1740 3722 2020 3783 dubitari:
2062 3724 2168 3782 sed
2211 3734 2400 3782 totum
2439 3724 2708 3783 laborem
2747 3733 3017 3782 nostrum
3057 3720 3118 3780 in
3159 3740 3234 3781 eo
3273 3740 3428 3789 esse,
3469 3730 3534 3779 vt

620 3803 775 3863 viam
830 3803 947 3879 qua
1002 3802 1341 3881 peruenitur
1395 3803 1473 3862 ad
1524 3804 1730 3864 Finem
1782 3804 1976 3878 illum,
2019 3814 2342 3863 teneamuS.
2384 3804 2599 3863 Recte:
2641 3804 2805 3863 Bene
2845 3814 2934 3862 est
2973 3800 3146 3879 igitur
3185 3799 3234 3862 si
3273 3803 3350 3861 de
3388 3800 3534 3860 Fine

619 3882 769 3942 inter
804 3902 1013 3943 omnes
1052 3895 1302 3944 constat.
1344 3887 1425 3943 At
1466 3882 1881 3961 quotusquisff.
1923 3884 2187 3959 69o)que
2217 3894 2306 3942 est
2343 3882 2444 3958 qui
2485 3882 2559 3942 de
2601 3882 2825 3943 miseris
2845 3880 3184 3942 hominibus
3205 3879 3532 3959 ignorantia

622 3974 722 4021 aut
764 3961 1099 4023 infirmitate
1138 3963 1397 4039 abreptis
1438 3964 1523 4023 sic
1564 3964 1787 4024 iudicet
1827 3984 1899 4022 ex
1940 3960 2240 4023 charitatis
2283 3958 2522 4022 officio?
2561 3966 2740 4039 quam
2771 3962 2938 4023 multi
2958 3972 3204 4039 propter
3223 3959 3534 4038 opiniones

626 4044 701 4102 de
742 4041 871 4101 aliis
934 4056 1257 4121 conceptas
1320 4044 1523 4103 fratres
1576 4062 1747 4121 suOS,
1790 4042 2016 4103 alienos
2055 4062 2290 4115 seruos,
2333 4053 2573 4120 propter
2611 4060 2763 4121 quos
2805 4041 3072 4103 Christus
3113 4054 3380 4101 mortuus
3417 4054 3533 4177 esrtg

3309 4131 3470 4179 teme
