3923 4875
565 350 674 390 222
1491 341 1820 388 'minsas
1876 340 2531 389 THtOLOGICAt.

551 507 744 582 ciunt,
801 525 1172 584 quaeramus.
1232 524 1288 581 3.
1349 506 1411 567 Si
1449 505 1596 582 quid
1637 508 1916 598 prospere
1955 503 2159 582 cedat,
2205 509 2334 568 Deo
2376 525 2499 568 non
2540 508 2714 569 nobis
2754 508 3134 586 imputemus.
3179 531 3237 584 4.
3278 511 3340 572 Si
3382 533 3453 574 ex

553 587 753 648 animo
795 606 914 647 non
955 589 1262 663 succedat,
1301 588 1380 648 ab
1421 587 1784 665 impatientia
1823 584 2257 664 abstineamus,
2288 606 2491 680 ’neque
2532 587 2671 649 ideo
2712 609 2821 650 nos
2874 589 3119 652 miseros
3174 591 3464 653 existime-

553 685 684 727 mus
726 682 928 727 nostra
967 679 1126 729 sorte
1167 633 1288 728 no'n
1329 667 1620 746 contenti,
1663 668 1770 728 sed
1815 666 1890 726 de
1929 665 2209 726 omuibus
2250 669 2303 728 ei
2341 667 2560 746 gratias
2602 688 2865 748 agamus,

626 769 682 821 4.
767 748 894 808 Nec
935 751 1160 808 tantum
1204 751 1348 808 haec
1391 750 1584 809 Deum
1627 746 1976 824 respiciunt,
2020 747 2125 806 sed
2159 746 2335 809 etiam
2371 749 2675 828 homines,
2708 751 2979 842 quamuis
3000 751 3379 828 secundario,
3400 756 3456 813 δι

555 839 842 905 quatenus
895 829 1018 888 eius
1074 827 1393 906 imaginem
1451 829 1736 888 referunt·
1795 828 1950 888 adeo
1996 837 2055 886 vt
2095 826 2413 888 Christiani
2454 829 2633 904 officii
2678 831 2779 908 sit3
2828 831 3181 907 1.Quos·.ris
3226 835 3456 894 honore

552 908 912 984 praeuenire.
973 929 1024 969 2.
1087 909 1148 969 in
1209 911 1584 986 procuranda
1641 909 1894 968 aliorum
1955 908 2277 968 commoda
2336 907 2474 969 totis
2539 911 2757 971 viribus
2820 910 3178 972 incumbere
3226 932 3283 989 3.
3314 933 3453 991 erga

552 999 890 1053 extraneos.
947 988 1241 1064 abiectOS,
1283 990 1636 1065 immeritos,
1677 990 1797 1049 imo
1819 985 1910 1047 δι’
1893 987 2195 1063 inimicos,
2218 989 2301 1049 vti
2322 988 2667 1050 liberalitate
2678 1007 2871 1082 ,quae
2893 991 3113 1052 nemini
3135 1006 3381 1072 noceat,
3404 997 3459 1054 &

551 1068 825 1145 precibus
865 1087 974 1144 pro
1009 1069 1098 1129 his
1141 1072 1472 1131 obsecrare.
1530 1069 1627 1130 Ad
1666 1085 1816 1146 quae
1854 1067 2059 1128 omnia
2097 1086 2277 1128 nemo
2320 1089 2393 1146 p
2362 1070 2652 1147 erueniet,
2678 1035 2804 1130 ιιί3ἰ
2844 1069 2947 1146 qui
2978 1073 3243 1134 animum
3290 1077 3326 1133 a
3358 1075 3445 1134 sui

549 1147 1022 1210 consideratione
1061 1149 1392 1210 abduxerit.

629 1245 682 1306 5.
763 1230 1000 1290 Horum
1043 1235 1224 1308 porro
1265 1230 1649 1290 terminorum
1693 1227 1886 1288 media
1925 1227 2241 1305 praecipua
2261 1239 2397 1289 sunt
2418 1229 2543 1289 tria.
2566 1231 2851 1306 Primum,
2874 1232 3215 1292 Tolerantia
3234 1233 3445 1310 crucis,

541 1327 644 1369 seu
685 1327 880 1370 rerum
918 1309 1331 1384 aduersarum,
1371 1327 1622 1387 quarum
1665 1325 1871 1368 causas
1911 1307 2279 1400 sapientibus
2322 1309 2493 1369 huius
2536 1310 2721 1370 seculi
2758 1328 2999 1388 prorsus
3038 1311 3273 1388 ignotas
3292 1315 3455 1373 Deus

541 1389 601 1450 in
643 1389 914 1450 Ecclesia
953 1407 1058 1451 sua
1099 1389 1404 1466 patefecit
1447 1401 1508 1450 vt
1547 1409 1622 1448 ex
1661 1389 1729 1449 iis
1763 1388 1939 1449 etiam
1970 1387 2411 1450 consolationes
2430 1391 2629 1450 firmas
2650 1403 2999 1467 peteremus·
3023 1392 3373 1452 Consolatio
3404 1414 3450 1452 1.

541 1485 658 1542 est,
697 1481 760 1529 vt
797 1469 1194 1530 obedientiam
1233 1468 1548 1530 discamus.
1595 1490 1646 1528 2.
1692 1480 1754 1528 vt
1791 1467 2167 1529 imbecillitas
2207 1479 2413 1529 nostra
2454 1469 2629 1529 nobis
2670 1472 2755 1531 ob
2796 1472 3004 1532 oculos
3048 1483 3327 1532 versetur.
3394 1492 3451 1548 3.

540 1561 602 1608 vt
643 1561 918 1628 augescat
957 1549 1018 1609 in
1057 1549 1230 1611 nobis
1276 1549 1604 1641 inuocatio,
1647 1547 1960 1626 patientia,
2004 1547 2155 1608 vitae
2197 1548 2447 1610 nouitas.
2472 1569 2529 1622 4.
2555 1561 2614 1608 vt
2634 1553 2974 1612 conformes
2995 1552 3231 1613 Christo
3250 1553 3455 1612 redda-

540 1647 702 1705 mur,
745 1629 1052 1690 doctrinae
1095 1629 1218 1692 eius
1259 1629 1662 1690 testimonium
1701 1629 1940 1706 danteS,
1972 1628 2128 1689 &ita
2150 1628 2525 1690 haereditatis
2544 1631 2773 1690 futurae
2794 1630 3013 1692 indicia
3032 1634 3453 1708 praeferamus.

615 1712 672 1768 6.
755 1712 910 1769 Vera
954 1711 1262 1770 tolerantia
1322 1711 1446 1770 siue
1495 1713 1779 1783 patientta
1821 1727 1944 1768 non
1985 1719 2074 1768 est
2116 1712 2375 1768 ἀπάθεια
2422 1720 2524 1770 aut
2562 1711 2965 1786 ἀναισθησία,
3008 1729 3161 1802 quae
3208 1731 3449 1772 omnem

543 1788 768 1850 doloris
807 1809 1044 1850 sensum
1085 1791 1340 1868 auferat,
1384 1791 1622 1868 qualem
1662 1789 1842 1850 Stoici
1885 1789 2209 1865 somniant,
2252 1787 2673 1849 simulachrum
2712 1791 3211 1883 magnanimitatis
3248 1792 3451 1870 depin-

542 1881 779 1947 gentes,
821 1872 986 1946 quod
1027 1885 1318 1948 nusquam
1360 1883 1654 1948 repertum
1699 1881 1812 1930 est.
1855 1870 1960 1931 sed
2001 1869 2058 1928 in
2092 1886 2167 1928 eo
2208 1882 2481 1946 apparet,
2524 1869 2573 1930 si
2612 1870 2830 1943 fidelis,
2872 1871 3221 1948 grauissimo
3268 1873 3447 1932 afflic-

544 1949 776 2009 tionum
839 1950 1105 2026 pondere
1166 1968 1430 2028 pressus,
1471 1949 1698 2042 timoris
1739 1948 1854 2010 Dei
1893 1951 2191 2009 cancellos
2233 1967 2353 2009 non
2398 1961 2765 2028 perrumpat:
2810 1951 3183 2012 considerata
3224 1951 3449 2013 scilicet

550 2028 844 2104 aequitate
905 2031 960 2088 &
1015 2030 1332 2090 clementia
1393 2032 1506 2092 Dei
1544 2030 1605 2090 in
1647 2030 1822 2092 nobis
1863 2028 2249 2106 castigandis
2292 2049 2529 2090 necnon
2570 2030 2824 2090 consilio
2866 2031 2992 2092 eius
3034 2044 3285 2108 paterno
3328 2049 3449 2109 quo

541 2107 712 2169 saluti
751 2119 990 2169 nostrae
1031 2109 1114 2170 ita
1157 2113 1468 2170 consulere
1509 2113 1651 2171 vult.

628 2207 678 2264 7.
722 2189 902 2250 Vnde
942 2191 1314 2268 perspicuum
1357 2201 1473 2263 est,
1516 2205 1642 2252 tum
1677 2189 1964 2250 Ethnicos
2004 2192 2285 2266 (quorum
2324 2193 2423 2266 e(f.
2476 2193 2642 2267 1694.
2647 2189 2873 2268 >gregia
2912 2193 3068 2252 facta
3107 2205 3455 2270 superarunt

541 2289 606 2346 p-
588 2267 804 2328 aemia
844 2270 900 2328 &
941 2271 1086 2330 fines
1128 2271 1494 2362 propositos,
1537 2271 1758 2349 quique
1799 2289 1936 2329 vera
1976 2271 2385 2330 consolatione
2424 2269 2688 2330 destituti
2728 2270 3064 2332 necessitati
3108 2275 3449 2332 succumbe·

542 2350 710 2423 bant)
773 2352 811 2407 a
851 2369 987 2409 vera
1028 2349 1306 2427 patientia
1344 2353 1522 2443 longe
1561 2351 1846 2412 abfuisse:
1892 2362 2017 2410 tum
2059 2351 2237 2409 etiam
2282 2350 2631 2411 Haereticos
2672 2351 2729 2410 δι
2768 2349 3139 2428 Libertinos,
3178 2351 3447 2430 aliosque

540 2427 858 2509 eiusmodi,
899 2430 1001 2508 qui
1041 2433 1202 2491 nulla
1241 2429 1529 2493 charitate
1569 2452 1710 2511 erga
1751 2433 1946 2491 Deum
1988 2446 2088 2497 aut
2130 2429 2401 2491 homines
2442 2429 2621 2509 moti,
2662 2447 2803 2491 suos
2824 2451 3051 2492 errores
3076 2433 3450 2511 pertinaciter

539 2509 618 2570 ad
680 2520 933 2571 mortem
995 2530 1180 2589 vsque
1239 2512 1597 2591 defendunt,
1658 2513 1907 2574 Satanae
1970 2510 2195 2589 potius„
2256 2513 2311 2571 ὅτ
2371 2522 2785 2589 portentorum
2846 2530 3089 2573 suorum
3132 2524 3413 2589 martyres
3428 2560 3446 2592 ,

543 2592 724 2667 quam
765 2590 984 2651 Christi
1027 2611 1174 2652 esse.

621 2673 678 2730 8.
739 2670 1007 2731 Medium
1065 2674 1340 2747 alterum,
1401 2680 1491 2730 est
1551 2679 1832 2729 venturae
1873 2670 2167 2731 beatitatis
2206 2670 2359 2732 seria
2399 2670 2736 2747 meditatie,
2779 2688 2934 2747 quae
2974 2672 3225 2733 comites
3267 2674 3447 2733 habet

535 2748 829 2811 fastidium
889 2755 946 2811 δι
999 2762 1408 2843 contemptum
1447 2749 1600 2810 vitae
1643 2750 1953 2831 terrestris;
1995 2762 2283 2828 quatenus
2322 2752 2487 2811 Deus
2527 2762 2655 2811 tum
2696 2751 2773 2811 de
2816 2753 2985 2812 huius
3032 2752 3184 2813 vime
3216 2755 3445 2813 vmbra-

531 2828 646 2889 tilis
693 2829 970 2908 vanitate,
1015 2831 1260 2891 miseriis
1300 2829 1585 2895 assiduis
1623 2833 1680 2889 δι
1713 2830 1789 2890 de
1831 2831 2209 2908 corruptione
2251 2842 2451 2891 nostra
2488 2830 2739 2891 naturali
2780 2852 2885 2909 per
2926 2832 3307 2925 quotidianos
3326 2834 3445 2911 lap-

529 2926 627 2970 sus
667 2928 778 2970 nos
817 2909 1078 2981 iustruit,
1121 2924 1246 2971 tum
1309 2910 1460 2970 vitae
1494 2912 1722 2971 futurae
1763 2912 1977 2987 gaudia
2019 2932 2125 2990 per
2154 2911 2433 3002 Spiritum
2454 2928 2626 2971 suum
2644 2911 2820 2972 nobis
2846 2912 3163 2973 delibanda
3182 2914 3445 3004 praebet.

611 3010 665 3066 9.
747 2991 866 3049 Ista
913 2991 1035 3050 duo
1076 3002 1305 3067 autem,
1349 2990 1687 3051 moderatus
1722 3002 2097 3069 contemptus
2140 2984 2527 3083 terrestrium,
2572 2994 2627 3052 δι
2661 2991 3085 3054 immoderatus
3126 3012 3297 3054 amor
3318 2992 3441 3065 sui,

529 3068 684 3129 adeo
727 3070 1112 3147 repugnantia
1151 3082 1315 3145 sunt,
1361 3082 1421 3131 vt
1460 3070 1571 3130 illis
1610 3070 1782 3131 simul
1821 3072 2069 3132 detineri
2112 3074 2303 3132 nullus
2332 3072 2537 3148 possit.
2600 3074 2981 3133 Moderatum
3016 3072 3294 3134 dicimus·
3336 3092 3449 3133 nec

531 3148 690 3209 enim
747 3148 826 3209 ita
889 3150 1032 3210 odio
1071 3152 1346 3211 habenda
1384 3161 1474 3211 est
1513 3170 1788 3229 praesens
1829 3151 1975 3229 vita,
2020 3164 2078 3211 vt
2120 3171 2241 3213 non
2282 3172 2414 3213 eam
2458 3152 2971 3243 benedictionibus
3012 3154 3127 3213 Dei
3166 3154 3449 3213 adnume-

531 3246 766 3306 remuS,
807 3232 946 3290 cum
985 3232 1064 3291 ad
1103 3241 1366 3291 nostram
1407 3232 1652 3292 salutem
1694 3234 2169 3307 promouendam
2210 3233 2413 3292 faciat.
2456 3231 2671 3309 partim
2716 3232 2857 3309 quia
2894 3235 3059 3293 Deus
3079 3234 3255 3294 nobis
3274 3232 3449 3293 variis

531 3307 833 3369 beneficiis
889 3314 944 3371 δι
1002 3311 1372 3372 documentis
1435 3327 1601 3371 suam
1639 3310 1700 3370 in
1731 3331 1802 3371 ea
1845 3312 2169 3373 bonitatem
2210 3324 2483 3373 testatur:
2528 3311 2739 3389 partim
2790 3318 2933 3375 vero
2969 3313 3107 3392 quia
3148 3333 3253 3390 per
3294 3312 3455 3372 varia

535 3388 858 3449 certamina
897 3390 976 3450 ad
1015 3410 1302 3452 coronam
1341 3393 1658 3453 coelestem
1693 3410 1803 3451 nos
1843 3402 2171 3469 praeparat.
2214 3393 2384 3468 Quae
2424 3392 2471 3452 si
2513 3392 2843 3484 exceperis,
2885 3412 3027 3453 cum
3046 3394 3117 3454 iis
3150 3393 3451 3454 verissime

535 3468 781 3540 senties,
844 3469 947 3546 qui
1005 3472 1298 3549 optimum
1348 3490 1474 3532 esse
1513 3470 1789 3531 dixerunt
1829 3474 1922 3532 vel
1963 3491 2085 3533 non
2128 3472 2323 3551 nasci,
2362 3474 2455 3533 vel
2496 3472 2616 3533 cito
2656 3471 2836 3533 vitam
2880 3490 3018 3533 cum
3064 3484 3255 3533 morte
3296 3490 3453 3533 com·

542 3560 788 3610 mutare.

626 3650 714 3689 10.
796 3629 950 3689 Cum
989 3640 1187 3691 autem
1229 3630 1432 3690 fideles
1473 3630 1533 3689 id
1565 3632 1700 3690 Deo
1741 3632 2025 3709 debeant,
2066 3644 2131 3692 vt
2170 3650 2389 3693 nomen
2430 3632 2557 3691 eius
2600 3632 2692 3691 vel
2732 3651 2839 3709 per
2882 3644 3165 3707 mortem,
3206 3634 3302 3692 vel
3344 3652 3451 3723 per

540 3709 722 3768 vitam
784 3710 1144 3786 glorificent:
1207 3710 1386 3787 ipsius
1427 3728 1567 3770 vero
1609 3710 1682 3770 sit
1722 3711 2037 3773 decernere
2084 3712 2277 3772 media
2316 3730 2457 3772 suae
2499 3712 2723 3788 gloriae
2764 3712 3171 3773 illustrandae:
3206 3711 3289 3771 ita
3329 3711 3453 3771 eius

540 3789 780 3849 arbitrio
825 3791 1027 3850 mortis
1071 3790 1342 3867 vitaeque
1383 3790 1696 3852 terminum
1737 3791 2067 3869 relinquere
2106 3792 2358 3871 debent,
2398 3803 2463 3851 vt
2500 3804 2752 3853 mortem
2794 3791 2907 3853 sibi
2926 3804 3151 3853 temere
3170 3810 3294 3851 non
3314 3811 3455 3851 con-

540 3869 821 3945 sciscant,
895 3888 1063 3930 more
1117 3870 1423 3930 hominum
1467 3888 1604 3929 vera
1643 3872 1928 3949 religione
1972 3838 2416 3946 destitutorum,
2458 3890 2572 3931 nec
2612 3892 2745 3932 eam
2788 3875 2917 3951 plus
2956 3890 3149 3950 aequo
3191 3872 3455 3931 reformi-

539 3952 706 4009 dent.
747 3951 850 4009 sed
893 3949 1154 4011 medium
1195 3960 1487 4026 tenenteS,
1531 3951 1696 4027 quod
1737 3952 1997 4011 ostendit
2040 3955 2279 4029 Paulus,
2330 3974 2379 4012 1.
2428 3954 2691 4014 Corinth.
2738 3969 2793 4030 5.
2826 3955 2999 4013 Rom.
3020 3958 3077 4012 8.
3099 3954 3177 4011 ad
3198 3957 3455 4012 mortem

538 4029 808 4089 alacriter
849 4042 1122 4108 pergant,
1165 4050 1288 4090 non
1333 4031 1470 4108 quia
1517 4030 1696 4090 velint
1737 4032 1899 4108 exui,
1933 4032 2039 4091 sed
2084 4032 2221 4108 quia
2256 4031 2594 4110 superindui
2634 4034 2894 4111 cupiant.

621 4128 714 4169 11.
795 4110 956 4185 Quin
997 4114 1052 4171 δι
1093 4130 1164 4171 ex
1207 4110 1305 4171 illa
1341 4110 1845 4188 contemplatione
1885 4114 2044 4172 hunc
2084 4114 2341 4172 fructum
2381 4124 2857 4188 consequuntur,
2888 4122 2949 4171 vt
2968 4113 3143 4173 etiam
3166 4112 3213 4171 si
3234 4112 3455 4188 opes&

538 4190 798 4249 honores
856 4190 1173 4269 impiorum
1235 4191 1626 4267 amplissimos
1667 4190 2029 4267 intueantur,
2072 4192 2119 4252 si
2159 4194 2567 4270 splendorem,
2612 4192 2661 4252 si
2704 4196 2933 4284 luxum,
2974 4192 3022 4252 si
3058 4192 3452 4251 delectamen-

537 4279 734 4329 torum
793 4270 1052 4362 denique
1108 4270 1376 4331 omnium
1427 4270 1788 4330 affluentiam
1829 4283 2102 4349 cernant,
2144 4284 2302 4333 sorte
2346 4290 2451 4333 sua
2492 4274 2755 4333 contenti
2794 4272 3017 4333 laetitia
3056 4272 3322 4347 exiliant,
3364 4288 3453 4330 su-

536 4348 839 4411 biicientes
875 4350 1086 4414 animis
1127 4350 1244 4415 suis
1283 4350 1440 4413 diem
1475 4368 1598 4429 quo
1642 4352 1934 4411 Dominus
1976 4354 2282 4431 absterget
2296 4356 2375 4413 ab
2396 4370 2605 4413 eorum
2626 4354 2815 4415 oculis
2834 4372 3075 4415 omnem
3096 4355 3419 4429 lacrymam
3396 4395 3454 4489 lg

3303 4439 3395 4490 sto
