3923 4875
605 374 684 432 90
1573 365 1674 410 DE
1725 366 1952 408 VERA
2011 365 2534 410 THEOLOGIA.

607 528 831 602 dicere,
884 526 969 586 sic
1020 545 1151 586 eam
1194 527 1668 605 contemplamur
1681 573 1698 605 ,
1750 535 1816 586 vt
1855 527 2044 587 solam
2084 537 2356 586 naturam
2393 523 2762 604 Theologiae
2799 540 2909 584 suo
2950 523 3196 602 proprio
3235 525 3354 584 fine
3391 523 3518 584 fini·

611 608 797 668 busue
858 607 1063 666 instrui
1121 616 1426 684 oporteat,
1487 605 1591 683 qui
1651 605 1923 685 proprius
1973 605 2105 666 finis
2155 606 2233 665 ad
2271 604 2640 683 Theologiae
2676 613 2946 664 naturam
2984 603 3258 682 pertinet.
3320 607 3518 680 Atque

608 689 759 747 haee
819 685 1061 764 quidem
1074 732 1093 764 ‚
1154 689 1293 746 cum
1353 687 1809 763 supernaturalis
1856 686 1961 765 sit,
2015 685 2192 746 etiam
2231 686 2412 746 finem
2451 685 2956 762 supernaturalem
2996 687 3052 744 &
3092 694 3336 744 naturae
3379 700 3519 744 suae

606 765 1069 827 conuenientem
1109 767 1385 844 postulat.
1446 765 1794 826 Necessario
1847 775 2043 826 autem
2085 783 2198 825 nos
2237 775 2338 825 aut
2377 766 2558 824 finem
2595 763 2835 824 vnicum
2848 807 2867 840 .,
2905 772 3008 824 aut
3045 763 3200 823 duos
3243 765 3323 824 ad
3361 779 3517 823 sum-

608 864 772 907 mum
832 845 1149 906 attribuere
1208 855 1449 924 oportet
1502 845 1895 922 Theologiae:
1951 843 2092 922 quia
2128 863 2251 905 non
2291 844 2504 904 diffluit
2542 841 2602 902 in
2643 843 2838 904 varios
2875 843 3191 916 terminos,
3234 853 3518 920 tanquam

608 927 659 986 si
698 926 923 986 incerta
961 937 1117 986 esset
1153 924 1559 1001 instabilisque
1596 923 1908 1005 sapientia3
1948 923 2056 984 sed
2095 935 2197 984 aut
2231 925 2413 984 finem
2451 921 2691 984 vnicum
2731 922 2930 982 statuit
2971 923 3072 982 illa
3109 939 3282 984 suum
3301 921 3363 982 in
3383 924 3520 984 sub-

608 1004 765 1066 iecto
824 1022 934 1077 suo
992 1005 1151 1066 circa
1208 1005 1375 1083 quod
1424 1015 1715 1082 versatur,
1762 1015 1864 1064 aut
1914 1003 1988 1079 (si
2027 1006 2174 1065 alter
2213 1020 2454 1082 quoque
2495 1002 2628 1064 finis
2664 1001 3029 1062 adiiciendus
3069 1005 3180 1079 est)
3220 1002 3321 1062 hic
3361 1020 3514 1063 vnus

608 1095 809 1145 tamen
863 1085 924 1144 in
974 1085 1254 1146 omnibus
1310 1083 1438 1144 aliis
1478 1087 1653 1145 rebus
1691 1085 1771 1144 ad
1811 1083 2145 1144 subiectum
2187 1083 2491 1162 proprium
2531 1081 2712 1160 ipsius
2752 1081 3037 1142 ordinatis
3075 1082 3210 1142 finis
3249 1092 3518 1142 constan-

606 1164 827 1225 tissime
864 1166 1095 1225 fururus
1135 1174 1252 1243 est,
1291 1183 1363 1224 ac
1402 1183 1527 1224 non
1566 1165 1764 1242 plures
1806 1179 2084 1241 vnquam.
2125 1165 2233 1225 Est
2269 1174 2468 1224 autem
2509 1161 2842 1223 subiectum
2876 1160 3036 1222 idem
3057 1161 3326 1222 omnium
3355 1180 3520 1223 com-

610 1261 789 1303 mune
803 1289 821 1321 ,
893 1243 1317 1323 propriumque
1386 1242 1756 1321 Theologiae
1813 1254 2084 1320 nostrae,
2143 1245 2334 1304 Deus:
2395 1244 2474 1302 ad
2530 1241 2726 1321 ipsum
2787 1241 3059 1302 homines
3072 1287 3090 1320 ‚
3152 1242 3522 1321 Theologiae

612 1322 867 1401 alumni,
908 1324 1256 1384 ordinantur
1296 1322 1495 1402 ipsius,
1554 1325 1649 1384 De
1687 1322 2029 1384 hominibus
2067 1327 2210 1384 vero
2227 1368 2245 1401 ,
2285 1322 2389 1401 qui
2427 1322 2506 1382 ad
2539 1320 3025 1382 communionem
3054 1320 3226 1382 huius
3247 1321 3525 1400 singulari

608 1402 901 1463 beneficio
958 1403 1076 1464 Dei
1134 1403 1335 1464 vocati
1393 1414 1529 1464 sunt
1544 1448 1560 1477 ‚
1611 1405 1792 1482 longe
1813 1402 1998 1480 {aliud
2035 1401 2320 1463 iudicium
2361 1401 2486 1463 fieri
2524 1419 2768 1461 necesse
2807 1411 2931 1462 est:
2977 1400 3116 1478 quia
3155 1420 3278 1462 non
3316 1412 3525 1462 natura

612 1485 805 1543 solum
845 1484 924 1542 ad
964 1485 1141 1543 finem
1183 1484 1555 1544 contendunt
1595 1482 1707 1544 sibi
1746 1482 2122 1560 propositum
2135 1527 2152 1561 ,
2193 1492 2295 1542 aut
2331 1483 2636 1542 voluntate
2675 1479 2930 1541 naturali
2968 1484 3024 1541 δι
3062 1483 3381 1542 reformata
3420 1501 3526 1560 per

612 1561 888 1641 gratiam:
940 1563 1047 1622 sed
1100 1562 1279 1623 etiam
1321 1563 1623 1623 voluntate
1662 1563 1934 1623 consulta
1975 1561 2424 1638 inconsultaque
2466 1559 2803 1638 promiscue
2817 1606 2836 1640 ,
2877 1570 2940 1621 vt
2979 1577 3088 1621 suo
3128 1561 3266 1622 loco
3308 1561 3520 1622 dicturi

613 1658 831 1701 sumus.
887 1643 1028 1702 Duo
1067 1641 1244 1720 igitur
1282 1642 1353 1718 (si
1391 1641 1469 1701 ita
1509 1643 1727 1721 placet)
1766 1643 1913 1701 fines
1954 1653 2256 1718 ponuntur
2293 1639 2688 1718 Theologiae:
2749 1641 2920 1701 Vnus
2958 1650 3137 1718 atque
3173 1640 3484 1719 primarius
3502 1685 3521 1720 ‚

610 1722 688 1782 ad
748 1723 945 1782 Deum
986 1721 1333 1800 respiciens;
1372 1723 1551 1800 alter,
1593 1720 2002 1799 secundarius,
2037 1720 2116 1781 ad
2156 1741 2268 1781 nos
2307 1724 2364 1780 δι
2401 1719 2740 1780 vniuersum
2779 1721 3104 1781 humanum
3143 1737 3362 1812 genus:
3424 1722 3520 1780 De

613 1800 828 1877 quibus
868 1801 1077 1862 ordine
1114 1800 1395 1878 deinceps
1432 1802 1730 1878 agendum
1770 1810 1878 1861 est.
1938 1800 2039 1860 Ad
2077 1800 2331 1878 primum
2373 1802 2552 1860 finem
2593 1802 2713 1860 hoc
2745 1799 2982 1861 axioma
3013 1810 3296 1880 pertinet3
3347 1802 3521 1861 Thes.

615 1897 816 1940 xxxn.
854 1881 1199 1940 Primarius
1225 1883 1374 1958 finis
1414 1883 1513 1941 vel
1540 1900 1797 1940 summus
1848 1881 2226 1959 Theologiae,
2265 1887 2354 1940 est
2377 1882 2586 1956 gloria
2624 1880 2776 1942 Dei:
2815 1883 2968 1940 Itane
3007 1883 3155 1940 enim
3207 1881 3523 1956 Theologia

615 1961 877 2018 omnibus
935 1962 1301 2038 spectandam
1361 1961 1591 2020 exhibet
1606 2005 1623 2039 ‚
1692 1962 1770 2020 ὃν·
1826 1979 2020 2019 omnes
2079 1962 2249 2020 etiam
2310 1961 2449 2019 boni
2501 1979 2609 2020 vsu
2665 1963 2985 2040 sapientiae
3040 1961 3216 2020 leuius
3271 1962 3523 2036 legitimo

614 2059 740 2098 eam
799 2045 1061 2098 testatam
1104 2039 1373 2116 faciunt..
1406 2048 1602 2118 prout
1634 2041 1921 2120 sapientia
1958 2041 2315 2117 iustzjficatur
2354 2042 2395 2096 ὰ
2437 2039 2576 2107 filiis
2614 2041 2755 2100 suis.
2795 2041 2978 2100 Matt.
3019 2056 3082 2101 11.
3129 2057 3220 2118 19.
3284 2038 3521 2099 Nemini

616 2117 863 2178 dubium
921 2137 1051 2181 esse
1106 2129 1333 2197 potest,
1396 2123 1485 2194 (vt
1540 2123 1676 2180 ante
1728 2118 2093 2194 dicebamus)
2149 2119 2291 2197 quin
2331 2135 2526 2179 rerum
2567 2119 2714 2180 fines
2755 2124 2831 2181 eo
2873 2119 3170 2197 digniores
3211 2117 3356 2198 sint,
3399 2136 3522 2196 quo

617 2196 886 2274 digniora
938 2200 1175 2275 obJecta
1227 2208 1391 2278 sunt,
1430 2199 1509 2259 ad
1548 2217 1701 2276 quae
1716 2245 1733 2279 ,
1772 2207 2058 2276 tanquam
2095 2199 2172 2258 ad
2213 2199 2392 2258 finem
2429 2198 2647 2259 iustum
2661 2243 2680 2276 ,
2719 2198 2869 2260 iuste
2909 2198 3316 2260 contenditur:
3357 2217 3520 2277 prae-

616 2275 814 2336 sertim
873 2279 1011 2337 cum
1071 2274 1363 2339 certitudo
1424 2277 1553 2340 finis
1613 2280 1692 2338 ad
1752 2277 2098 2357 dignitatem
2157 2277 2337 2356 ipsius
2397 2278 2650 2338 accedit.
2709 2278 2924 2356 quibus
2973 2278 3202 2339 duabus
3241 2278 3304 2339 in
3343 2279 3520 2339 rebus

614 2355 867 2419 maxime
927 2358 1119 2434 posita
1178 2368 1267 2418 est
1326 2357 1702 2419 scientiarum
1764 2357 2059 2437 omnium,
2109 2357 2528 2434 actionumque
2566 2358 2922 2435 praestantia
2959 2368 3138 2435 atque
3181 2357 3520 2419 auctoritas.

612 2437 721 2496 Est
770 2448 967 2497 autem
1024 2437 1120 2498 hic
1160 2437 1526 2517 Theologiae
1567 2441 1869 2517 objectum
1912 2440 2076 2499 Deus
2089 2483 2108 2515 ‚
2156 2458 2296 2499 nam
2337 2442 2652 2517 propterea
2693 2437 3026 2518 Tbeologia
3063 2442 3420 2517 appellatur:
3463 2450 3522 2499 et

612 2516 853 2594 quidem
904 2519 1068 2578 Deus
1122 2535 1293 2579 verus
1311 2562 1329 2596 ,
1368 2537 1505 2579 nam
1548 2522 1861 2596 propterea
1902 2516 2238 2597 Theologia
2274 2520 2534 2579 reuelata
2572 2520 2667 2579 vel
2707 2518 2988 2597 inspirata
3027 2518 3271 2579 dicitur:
3315 2536 3517 2596 quem—

610 2596 937 2665 admodum
989 2602 1124 2657 ante
1177 2598 1543 2658 ostendimus
1583 2599 1857 2658 eamdem
1897 2617 2026 2660 esse
2064 2598 2459 2677 Theologiam
2497 2597 2872 2660 reuelationis
2911 2618 2982 2659 ac
3021 2608 3303 2659 nostram.
3364 2598 3516 2659 Cum

608 2676 806 2753 itaque
845 2677 1271 2755 amplissimum
1310 2678 1454 2738 illud
1496 2679 1799 2755 objectum
1840 2677 1943 2757 sit,
1987 2694 2108 2755 quo
2147 2678 2480 2757 Theologia
2509 2690 2714 2739 nostra
2746 2690 3072 2757 occupatur
3085 2724 3102 2758 ,
3123 2681 3283 2739 recte
3304 2678 3520 2755 prima—

610 2755 763 2815 rium
806 2759 903 2817 vel
939 2774 1237 2817 summum
1276 2758 1455 2817 finem
1497 2756 1677 2836 ipsius
1714 2758 1967 2836 gloriam
2006 2758 2122 2819 Dei
2163 2776 2290 2819 esse
2328 2757 2769 2835 praedicamus:
2813 2760 2952 2836 quia
2993 2758 3138 2819 nihil
3179 2758 3254 2818 de
3286 2766 3522 2819 caetero

608 2835 721 2913 ipsi
761 2854 869 2913 per
909 2855 1019 2897 nos
1059 2847 1255 2915 potest
1296 2838 1615 2915 accedere,
1656 2839 1764 2898 sed
1801 2848 2028 2898 tantum
2070 2837 2250 2916 ipsius
2289 2836 2478 2916 gloria
2515 2838 2692 2899 nobis
2732 2837 3129 2915 innotescere,
3161 2840 3218 2897 &
3249 2836 3408 2915 apud
3428 2856 3520 2897 res

608 2928 835 2975 creatas
873 2914 1147 2977 illustrari
1186 2914 1505 2993 sapientiae
1544 2916 1717 2978 huius
1758 2917 2136 2979 reuelatione.
2177 2920 2378 2994 Atque
2415 2919 2564 2979 haec
2603 2917 2684 2978 ita
2721 2937 2787 2979 se
2821 2918 3045 2978 habere
3079 2919 3316 2979 duobus
3349 2933 3520 2995 argu·

611 2994 821 3055 mentis
863 3000 1043 3072 quam
1082 2994 1518 3057 euidentissime
1558 2998 2063 3059 demonstramus:
2105 3014 2360 3075 quorum
2403 3016 2586 3059 vnum
2627 3007 2716 3058 est
2751 3002 2790 3058 a
2820 3008 3028 3058 natura
3059 2995 3241 3075 ipsius
3263 2996 3521 3057 Theolo-

608 3073 741 3151 giae
799 3075 1077 3155 petitum3
1128 3078 1376 3137 alterum
1434 3077 1511 3138 ab
1552 3075 1774 3137 effectis
1814 3076 2312 3156 consequentibus
2363 3076 2426 3137 in
2465 3077 2534 3137 iis
2575 3094 2728 3155 quos
2776 3080 2911 3138 Deo
2952 3076 3173 3156 placuit
3212 3096 3521 3155 aspergere

612 3152 982 3231 Theologiae
1022 3154 1193 3215 huius
1231 3155 1791 3217 communicatione.
1831 3157 2068 3218 Etenim
2105 3178 2179 3218 ex
2217 3168 2425 3218 natura
2459 3168 2548 3219 est
2568 3156 2933 3237 Theologiae
2947 3202 2966 3237 ,
2985 3157 3150 3235 quod
3169 3158 3303 3217 huic
3309 3158 3493 3235 finem
3507 3200 3524 3235 ‚

609 3232 725 3294 Dei
764 3232 1014 3311 gloriam
1062 3237 1323 3295 omnibus
1376 3238 1823 3311 cognoscendam
1875 3239 2131 3297 exhibet:
2174 3241 2230 3298 δι
2265 3246 2548 3314 tanquam
2609 3238 2714 3298 Sol
2752 3237 2995 3315 quidam
3032 3241 3070 3297 a
3110 3236 3264 3297 coeli
3301 3235 3522 3297 vertice

606 3314 764 3372 hanc
813 3314 1018 3373 sedem
1074 3313 1409 3375 inferiorem
1471 3326 1736 3376 nostram
1786 3320 2159 3395 perlustrans,
2223 3316 2322 3377 Sic
2363 3317 2613 3394 gloriam
2656 3316 2816 3377 illam
2857 3316 3101 3395 exponit
3137 3328 3276 3378 ante
3316 3334 3422 3376 ora
3465 3319 3520 3377 ὅτ

608 3393 817 3452 oculos
868 3392 1165 3472 omnium,
1216 3406 1278 3454 vt
1326 3394 1375 3455 si
1414 3395 1516 3472 qui
1556 3415 1689 3457 non*
1721 3399 2006 3476 credunt,
2047 3398 2123 3457 de
2162 3396 2232 3456 iis
2271 3397 2446 3457 statui
2485 3406 2759 3475 oporteat
2803 3397 2968 3475 quod
3008 3396 3150 3457 dicit
3188 3397 3516 3474 Apostolus

611 3492 642 3530 2
690 3473 827 3563 Cos.
866 3491 924 3545 4.
969 3492 1027 3549 3.
1068 3492 1125 3546 4.
1188 3474 1251 3534 Si
1282 3485 1438 3535 tecta
1478 3486 1564 3535 est
1603 3476 1959 3555 Theologia‚
2002 3476 2069 3537 iis
2109 3477 2211 3554 qui
2250 3486 2500 3553 pereunt
2529 3486 2687 3537 tecta
2706 3485 2822 3556 est,
2843 3477 2904 3537 in
2926 3476 3141 3555 quibus
3163 3478 3326 3537 Deus
3346 3476 3518 3536 huius

606 3554 790 3611 seculi
830 3552 1168 3613 excaecauit
1208 3564 1465 3631 menteS‚
1506 3558 1722 3633 nempe
1760 3555 1821 3615 in
1860 3555 2195 3617 infidelibus
2235 3575 2312 3616 ne
2349 3556 2588 3618 irradiet
2618 3556 2702 3618 eis
2731 3558 2932 3617 lumen
2968 3556 3272 3635 Euangelij
3293 3556 3518 3635 gloriae

607 3631 851 3711 Christi,
896 3632 998 3709 qui
1039 3644 1127 3693 est
1166 3633 1363 3713 imago
1403 3634 1551 3714 Dei,
1590 3634 1716 3695 siue
1751 3637 1840 3712 (vt
1878 3636 2037 3696 idem
2077 3635 2218 3697 alibi
2256 3636 2518 3714 loquitur
2554 3639 2712 3697 Heb.
2742 3656 2790 3697 1.
2817 3640 2898 3714 3.)
2941 3636 3374 3716 resplendentia
3393 3638 3516 3714 glo-

604 3711 723 3771 riae
764 3711 963 3790 ipsius.
1004 3713 1187 3788 Quod
1227 3713 1277 3773 si
1314 3718 1352 3774 a
1393 3724 1600 3775 natura
1638 3724 1757 3792 est,
1800 3717 2068 3777 colorem
2105 3718 2420 3795 lucemque
2459 3721 2496 3777 a
2535 3735 2755 3796 coeco,
2795 3726 2896 3777 aut
2928 3716 2996 3798 (f.
3027 3718 3204 3793 1414)
3237 3734 3448 3776 sonum
3483 3718 3520 3774 a

601 3793 784 3853 vsurdo
799 3838 818 3871 ,
858 3803 961 3853 aut
996 3794 1247 3853 odorem
1287 3795 1365 3854 ab
1405 3804 1677 3855 emortuo
1720 3792 1959 3855 minime
1998 3796 2224 3875 percipi
2263 3801 2439 3873 (quae
2477 3806 2678 3857 tamen
2715 3816 2807 3857 res
2842 3800 3134 3867 naturales
3174 3799 3334 3871 sunt)
3375 3795 3514 3873 quia

605 3873 875 3933 facultate
916 3882 1157 3935 naturae
1190 3874 1266 3933 ad
1300 3875 1449 3934 haec
1481 3872 1861 3951 percipienda
1892 3886 2122 3955 carent3
2155 3876 2365 3936 eadem
2399 3880 2560 3937 certe
2574 3922 2591 3955 ,
2613 3896 2682 3937 ac
2705 3876 2930 3938 maiore
2949 3877 3144 3955 potius
3171 3885 3518 3955 argumento

604 3952 855 4028 impares
908 3972 1035 4013 esse
1082 3951 1429 4031 ineptosque
1482 3953 1750 4015 homines
1788 3955 2182 4034 percipiendis
2223 3957 2398 4017 rebus
2438 3955 2679 4036 diuinis,
2717 3960 2774 4017 δε
2813 3956 3354 4035 supernaturalibus
3391 3974 3520 4015 cre·

603 4032 865 4092 dendurn
906 4044 1025 4112 est:
1067 4034 1206 4093 c'um
1226 4035 1389 4095 omni
1410 4035 1683 4095 facultate
1704 4046 1917 4096 vacent
1935 4055 2057 4096 non
2079 4035 2190 4114 ipsi
2209 4038 2619 4114 solummod0‚
2640 4039 2746 4099 sed
2765 4046 2888 4097 tota
2909 4036 3035 4115 ipsa
3053 4053 3250 4097 rerum
3271 4046 3482 4095 natura
3501 4079 3518 4114 ,

602 4126 718 4184 qua
768 4114 1041 4173 facultate
1094 4132 1189 4174 res
1227 4112 1329 4173 illa
1367 4114 1603 4175 diuinae
1642 4118 1698 4175 δι
1738 4116 2220 4177 transcendentes
2261 4116 2699 4179 vniuersitatem
2737 4128 2981 4177 naturae
2995 4162 3014 4189 ,
3056 4117 3517 4194 prehendantur.

679 4189 799 4249 Sed
853 4193 1031 4270 longe
1086 4192 1413 4254 euidentius
1452 4197 1701 4255 alterum
1743 4194 1888 4256 illud
1926 4206 2343 4273 argumentum
2388 4196 2450 4257 in
2489 4217 2704 4276 genere
2745 4199 3007 4257 humano
3051 4195 3270 4257 emicat
3285 4241 3304 4271 ,
3350 4196 3516 4273 quod

598 4270 677 4327 ab
719 4269 939 4329 effectis
978 4270 1100 4348 peti
1138 4273 1467 4335 docuimus.
1528 4276 1683 4335 Nam
1725 4294 1817 4335 res
1860 4276 2101 4353 quidem
2141 4275 2276 4335 illae
2312 4281 2780 4353 supernaturales
2820 4296 2892 4337 ac
2932 4275 3168 4336 diuinae
3205 4276 3394 4336 videri
3435 4276 3514 4333 ab

600 4347 939 4411 hominibus
978 4370 1088 4409 nec
1128 4354 1455 4413 secundum
1497 4354 1680 4433 ipsas,
1720 4374 1832 4416 nec
1864 4356 2192 4417 secundum
2227 4357 2828 4417 communicationem
2853 4356 3112 4435 ipsarum
3133 4374 3240 4434 per
3259 4353 3514 4492 greitiam

3209 4434 3270 4494 in
3310 4453 3345 4493 e
3366 4433 3514 4493 ectis
