3923 4875
603 309 717 388 296
1529 320 1856 368 ‘rursus
1915 317 2566 369 vntonootcat.

596 505 895 550 summam
939 484 1205 548 eiusdem
1243 485 1457 548 virtute
1500 484 1913 564 illuminatam3
1952 484 2010 543 &
2051 501 2126 543 ex
2166 485 2331 545 omni
2367 491 2536 562 parte
2575 479 3000 560 perfectionem
3041 482 3306 546 diuinam
3339 493 3516 561 atque

598 567 1151 647 incomparabilem.

2725 667 2760 698 0

789 919 923 979 DE
988 919 1335 980 CAVSA
1395 918 2061 980 EFFICIENTE
2119 917 2812 978 SCRIPTVRAE
2871 917 3315 978 SACRAE.

1834 1095 2162 1158 Τ1111313
2218 1099 2268 1159 Ι.

678 1277 900 1345 ATQvn
941 1295 1011 1334 ea
1051 1274 1294 1352 quidem
1337 1287 1425 1334 est
1464 1293 1667 1336 sacrae
1708 1274 2044 1355 Scripturae
2084 1274 2370 1356 dignitas,
2411 1274 2935 1352 essentialibusque
2973 1273 3233 1353 partibus
3267 1271 3420 1333 illius
3440 1270 3520 1332 ita

596 1357 1011 1434 confirmatur;
1052 1366 1116 1413 vt
1154 1372 1335 1415 nemo
1376 1356 1594 1422 homo,
1639 1373 1773 1432 neq.
1816 1375 1909 1416 res
1948 1366 2150 1417 creata
2189 1357 2338 1420 vlla.
2378 1361 2518 1417 vere
2560 1375 2634 1416 ac
2674 1355 2825 1416 iuste
2863 1355 3126 1433 efficiens
3157 1374 3337 1415 causa
3366 1352 3520 1413 illius

596 1453 632 1494 a
718 1433 881 1495 ellari
962 1433 1123 1494 ossit.

550 1507 557 1516 ’
635 1454 733 1574 PE.
818 1454 971 1574 Narlii
1013 1532 1207 1590 neque
1248 1514 1670 1608 amplissimam
1712 1514 1869 1574 illam
1914 1515 2218 1576 materiam
2257 1515 2356 1576 hic
2399 1518 2516 1576 vlla
2546 1525 2814 1576 creatura
2833 1532 3092 1592 vnquam
3115 1533 3222 1593 per
3243 1532 3306 1574 se
3327 1511 3518 1591 potuit

597 1595 826 1655 tradere
842 1639 859 1672 ,
902 1611 1054 1671 quae
1090 1612 1167 1654 ne
1210 1597 1483 1655 traditam
1525 1594 1766 1672 quidem
1808 1597 2067 1673 perfecte
2108 1615 2268 1656 nunc
2311 1607 2506 1674 potest
2545 1614 2788 1675 capere3
2827 1611 3020 1672 neque
3058 1595 3313 1654 formam
3345 1596 3518 1654 abso-

598 1675 943 1734 lutissimam
986 1674 1191 1734 indere
1231 1673 1542 1753 quisquam
1582 1674 1799 1753 potuit,
1844 1674 1947 1752 qui
1987 1693 2183 1753 neque
2225 1675 2282 1736 in
2325 1696 2480 1756 sese,
2519 1693 2713 1754 neque
2752 1694 2934 1753 penes
2973 1675 3234 1736 sehabet
3255 1671 3516 1734 diuinam

598 1753 1021 1832 perfectionem
1064 1756 1289 1814 formae
1328 1755 1478 1816 illius
1519 1771 1698 1833 quam
1738 1754 1902 1815 indat
1939 1755 2126 1818 alteri.

677 1853 734 1912 3.
818 1835 923 1893 Est
960 1834 1136 1912 igitur
1177 1835 1512 1913 Scripturae
1554 1854 1754 1896 sacrae
1795 1837 1851 1896 &
1888 1854 2062 1896 verae
2101 1835 2256 1898 illius
2297 1835 2662 1915 Theologiae
2699 1844 2891 1911 autor,
2933 1835 3026 1895 vel
3060 1851 3240 1894 causa
3259 1833 3518 1894 efficiens

596 1933 701 1975 sua
743 1914 801 1973 vi
838 1924 1017 1989 atque
1051 1915 1350 1991 absoluta,
1389 1917 1553 1976 Deus
1586 1915 1834 1976 Creator
1874 1915 2144 1976 omnium
2165 1918 2357 1992 Pater,
2377 1915 2560 1978 Filius
2574 1962 2594 1997 ,
2633 1917 2690 1977 81
2712 1913 2960 1994 Spiritus
2979 1923 3215 1976 sanctus
3229 1959 3248 1994 ,
3269 1912 3520 1976 essentia

596 2011 779 2072 vous,
818 2011 1108 2070 personae
1147 2005 1266 2056 tres
1304 1996 1363 2056 in
1403 1994 1625 2056 vnitate
1667 1994 1973 2056 essentiae.

676 2094 733 2147 4.
815 2071 1029 2133 Effecit
1068 2085 1267 2136 autem
1309 2074 1511 2137 diuina
1552 2074 2124 2138 communicatione:
2167 2080 2223 2140 &
2264 2095 2328 2138 se
2369 2076 2711 2138 effectorem
2752 2073 2905 2136 illius
2945 2093 3072 2136 esse
3112 2072 3329 2136 diuinis
3363 2071 3518 2134 testi·

602 2151 981 2213 ficationibus
1021 2155 1409 2216 confirmauit.

684 2248 739 2311 5.
818 2235 1001 2294 Medi
1038 2234 1594 2297 communicationis
1634 2246 1771 2296 sunt
1810 2236 1961 2310 due,
2003 2255 2230 2314 seme,
2269 2239 2324 2299 &
2363 2236 2684 2315 Scriptura.

680 2315 739 2372 6.
823 2311 1027 2374 Sermo
1064 2326 1165 2375 aut
1206 2327 1295 2376 est
1332 2315 1596 2377 internus
1635 2318 1689 2376 &
1722 2314 2037 2394 spiritualis
2055 2336 2162 2395 per
2181 2316 2463 2395 Spiritum
2487 2327 2756 2378 sanctum
2779 2333 2916 2376 cum
2935 2313 3233 2392 spiritibus
3251 2311 3521 2374 humanis

599 2392 864 2454 habitus:
906 2403 1007 2454 aut
1047 2406 1321 2457 externus
1366 2395 1491 2457 siue
1531 2395 1859 2475 corporalis
1898 2396 2075 2457 fuerit
2113 2396 2214 2458 hic
2227 2442 2246 2477 ,
2285 2397 2408 2461 siue
2429 2395 2724 2475 corporali
2745 2394 2930 2457 modo
2948 2405 3126 2474 atque
3148 2412 3254 2473 per
3274 2391 3520 2455 modum

598 2478 685 2549 (vt
722 2474 1070 2551 loquuntur)
1114 2476 1384 2554 corporis
1424 2476 1786 2538 enunciatus.

682 2572 737 2631 7.
820 2556 1084 2631 Vterque
1124 2567 1323 2616 autem
1364 2557 1653 2617 sermonis
1692 2556 1907 2618 modus
1948 2568 2050 2617 aut
2089 2556 2427 2619 immediate
2445 2556 2607 2637 apud
2625 2554 2897 2618 homines
2916 2553 3026 2615 fuit
3043 2556 3083 2615 a
3099 2554 3236 2615 Deo
3255 2552 3520 2629 habituri,

596 2645 699 2725 aut
730 2712 743 2725 .
756 2633 934 2725 etiam
997 2636 1251 2697 mediate
1304 2636 1631 2699 aduentitio
1676 2654 1871 2697 rerum
1926 2646 2253 2699 creatarum
2267 2682 2286 2717 ‚
2337 2654 2720 2717 quascunque
2759 2635 2900 2698 foris
2947 2632 3232 2697 adhibere
3273 2632 3492 2713 placuit
3505 2676 3524 2709 .,

604 2723 946 2773 ministerio,
3305 2768 3313 2777 .

678 2796 735 2853 8.
815 2794 1097 2855 Internus
1136 2796 1191 2855 &
1228 2795 1539 2873 spiritualis
1568 2815 1765 2857 sermo
1788 2798 1990 2874 (quem
2013 2796 2313 2875 Scriptura
2343 2796 2835 2877 pro(s.1758)prie
2875 2794 3298 2855 reuelationem
3320 2794 3521 2867 vocat)

600 2872 939 2933 immediate
979 2874 1117 2936 inde
1157 2880 1195 2936 a
1236 2876 1478 2937 conditu
1514 2876 1719 2937 mundi
1751 2876 1857 2937 fuit
1897 2881 1935 2937 a
1974 2879 2108 2939 Deo
2152 2877 2387 2939 habitus
2440 2894 2577 2937 cum
2620 2876 2863 2955 Angelis
2903 2878 2958 2937 &
2999 2873 3111 2953 piis
3148 2872 3524 2949 hominibus,

600 2953 703 3031 qui
742 2965 995 3031 aguntur
1055 2955 1273 3033 Spiritu
1332 2955 1545 3035 ipsius:
1609 2976 1749 3015 nam
1791 2957 1887 3017 hic
1928 2956 2090 3018 idem
2131 2958 2377 3036 Spiritus
2418 2967 2783 3018 contestatur
2837 2954 3066 3035 spiritui
3122 2964 3328 3015 nostro
3371 2952 3522 3011 filios

600 3032 713 3093 Dei
755 3052 867 3093 nos
908 3053 1068 3113 esse,
1109 3037 1165 3097 &
1212 3038 1393 3097 docet
1431 3055 1673 3096 omnem
1715 3036 2041 3098 veritatem.
2083 3040 2259 3099 Rom.
2299 3042 2359 3099 8.
2411 3038 2500 3097 16.
2541 3038 2719 3097 Ioan.
2760 3038 2848 3097 16.
2901 3055 2990 3113 13.

680 3132 737 3189 9.
820 3114 1081 3177 Mediate
1123 3119 1267 3176 vero
1307 3116 1498 3177 editus
1537 3129 1626 3176 est
1666 3136 1773 3195 per
1810 3119 2078 3195 Angelos
2119 3136 2508 3195 quoscunque
2549 3116 2736 3177 visum
2777 3128 2898 3195 est,
2950 3116 3109 3175 velut
3147 3111 3525 3173 administros

600 3193 917 3253 voluntatis
956 3214 1129 3274 suae,
1171 3200 1226 3257 &
1266 3195 1627 3273 significatus
1668 3196 2010 3257 hominibus
2050 3216 2122 3257 ex
2167 3200 2450 3259 mandato
2489 3196 2685 3275 ipsius.

686 3292 774 3332 10.
858 3276 1163 3337 Eat-ternus
1225 3278 1362 3337 vero
1422 3286 1599 3353 atque
1660 3276 1986 3355 corporalis
2024 3278 2364 3338 immediate
2405 3279 2594 3339 factus
2637 3291 2724 3337 est
2761 3281 2799 3336 a
2839 3294 3095 3354 persona
3135 3272 3264 3347 Filij
3279 3316 3297 3349 ,
3339 3289 3524 3350 quum

596 3365 873 3413 aeternus
920 3358 1087 3436 λόγος
1130 3358 1391 3417 humano
1434 3375 1689 3433 corpore
1728 3357 1839 3417 sibi
1878 3369 2183 3436 assumpto
2225 3358 2282 3418 in
2325 3356 2607 3417 vnitatem
2649 3374 2972 3435 personae,
3013 3352 3284 3432 quamuis
3313 3354 3372 3412 in
3393 3350 3526 3411 sinu

600 3432 787 3493 Patris
806 3478 823 3509 .,
866 3432 1018 3495 inter
1058 3435 1330 3496 homines
1372 3446 1460 3497 est
1499 3447 1919 3513 conum-satus,
1977 3444 2356 3516 nan-anitque
2397 3436 2710 3498 consilium
2750 3434 2875 3496 eius
2913 3433 3004 3495 his
3043 3434 3258 3494 vltimis
3297 3444 3524 3510 tempo·

604 3512 796 3590 ribuS‚
837 3515 1003 3588 quod
1046 3516 1447 3594 superioribus
1488 3518 1676 3577 fuerat
1714 3516 2150 3577 absconditum.
2190 3519 2367 3579 Ioan.
2413 3537 2462 3579 1.
2511 3521 2600 3578 18.

692 3612 781 3652 11.
865 3593 1069 3668 Quum
1110 3608 1309 3657 autem
1350 3594 1609 3657 mediate
1650 3596 1854 3656 habuit
1904 3616 2242 3657 sermonem
2281 3599 2478 3675 Deua,
2517 3606 2620 3658 aut
2659 3596 2716 3657 in
2759 3614 3012 3674 corpore
3050 3592 3258 3655 habuit
3290 3590 3528 3651 aliunde

601 3683 842 3750 sumpto
906 3678 1028 3734 κατ’
1076 3679 1447 3755 οἰκονομὸανς
1506 3687 1610 3737 aut
1669 3675 1965 3755 corporali
2027 3676 2244 3755 mod0,
2283 3676 2556 3754 quamuis
2597 3676 2722 3737 sine
2761 3693 3049 3755 corpore,
3087 3672 3286 3734 affecit
3324 3688 3528 3763 sensus

605 3752 999 3834 audientium,
1061 3761 1352 3833 auresque
1411 3756 1666 3834 pulsauit
1724 3775 1909 3817 sono:
1973 3768 2074 3817 aut
2131 3756 2454 3818 ministerio
2514 3776 2709 3818 rerum
2765 3766 3097 3817 creatarum
3113 3799 3130 3829 ,
3185 3764 3526 3832 praesertim

602 3831 911 3893 hominum
955 3841 1385 3913 seruorumque
1418 3852 1658 3897 suorum
1706 3854 1843 3897 vsus
1884 3846 1975 3896 est
2015 3837 2473 3913 praedicatione.

698 3933 782 3972 12.
865 3914 1225 3991 scripturam
1262 3933 1503 3993 quoque
1544 3919 1792 3977 alterum
1834 3916 2391 3978 communicationis
2431 3920 2709 3995 modum,
2743 3916 2908 3977 Deus
2947 3912 3288 3974 immediate
3307 3930 3415 3991 per
3435 3928 3529 3989 se,

606 3992 925 4069 plurimum
967 3997 1109 4054 vere
1150 3996 1407 4055 mediate
1448 4015 1553 4073 per
1596 4014 1800 4057 seruos
1841 4014 1982 4057 suos
2021 3996 2302 4057 exarauit.

693 4090 783 4149 13.
864 4074 1234 4152 Imn1ediat23
1273 4086 1375 4135 aut
1416 4075 1777 4154 simpliciter,
1818 4086 1921 4135 aut
1958 4076 2229 4137 adhibito
2269 4076 2446 4137 etiam
2488 4076 2783 4155 corporali
2826 4074 3044 4135 modo:
3087 4084 3149 4132 vt
3187 4089 3372 4149 quum
3403 4072 3530 4131 Lex

607 4150 1047 4231 inscriberetur,
1091 4157 1145 4215 &
1186 4172 1371 4233 quum
1418 4155 1585 4235 digiti
1646 4174 1856 4216 manus
1914 4157 2212 4217 humanae
2273 4156 2380 4219 visi
2439 4170 2602 4234 sunt,
2667 4155 3026 4217 conuiuante
3065 4154 3424 4223 Belsatzare,
3468 4150 3526 4209 in

610 4233 863 4292 tectorio
910 4234 1151 4311 parietis
1191 4234 1601 4296 inscribentes,
1636 4238 1832 4297 Exod.
1875 4254 1973 4312 31.
2023 4242 2110 4297 18.
2155 4238 2231 4298 ὁ·
2269 4256 2366 4312 34.
2419 4257 2468 4297 1.
2505 4240 2699 4299 Dani.
2743 4253 2798 4314 5.
2842 4252 2898 4313 5.

697 4332 789 4387 14.
882 4314 1151 4375 Mediale
1196 4318 1370 4388 vero,
1413 4327 1604 4376 totum
1645 4316 1789 4377 illud
1829 4326 2086 4393 systema
2125 4316 2461 4394 Scripturae
2513 4336 2712 4379 sacrae
2752 4318 2809 4377 &
2849 4314 3110 4392 singulae
3147 4322 3344 4391 partes
3385 4308 3538 4369 illius

3187 4412 3294 4471 per
3333 4407 3536 4451 seruos
