3923 4875
659 341 771 416 198
1583 353 1906 397 ‘rnnsns
1966 351 2624 397 Τιιιοιοῦιοιιε.

649 513 958 575 crucifixus
1015 533 1144 575 esse
1157 560 1176 590 ,
1229 518 1286 576 δι
1337 515 1501 576 Deus
1541 533 1652 576 nos
1691 531 1802 576 suo
1843 513 2129 606 sanguine
2170 513 2485 576 redemisse
2526 515 2740 575 dicitur
2754 560 2772 589 ,
2823 535 2873 575 1.
2916 515 3053 575 Cor.
3102 535 3153 573 2.
3198 518 3253 574 8.
3296 518 3429 578 Act.
3476 539 3569 578 2ο.

655 598 774 668 28.)
825 595 992 654 Alter
1045 600 1186 656 vero
1225 596 1638 686 temporarius,
1679 593 1818 673 quia
1857 614 1963 672 per
2000 593 2385 686 ignominiam
2426 593 2693 655 transiuit
2730 595 2789 654 in
2831 594 3101 672 gloriam.
3142 597 3289 656 Luc.
3336 617 3428 670 24.
3474 603 3570 660 26.

649 676 778 735 Nos
837 673 951 735 hac
1003 673 1400 753 disputatione
1461 675 1560 736 vbi
1621 677 1696 736 de
1755 685 1908 736 statu
1967 673 2387 736 humiliationis
2446 675 2504 735 δι
2542 675 2911 736 exaltationis
2950 674 3173 735 Christi
3209 677 3345 738 Iesu
3382 681 3573 742 acturi

649 772 878 832 sumuS,
927 755 1252 846 secundum
1304 754 1642 816 humilitatis
1680 756 1932 834 gradum
1972 756 2091 830 (cui
2128 755 2240 816 soli
2280 757 2491 814 Paulus
2531 755 2965 816 Exaltationem
2980 799 2997 832 ,
3040 766 3321 832 tanquam
3361 777 3571 820 conse·

651 852 839 912 quens
876 833 1206 912 praemium
1244 835 1498 914 opponit
1532 837 1754 915 Philip.
1799 855 1866 910 2,
1907 838 1991 911 9.)
2030 833 2405 913 intelligimus
2418 879 2434 910 ,
2476 835 2534 895 δε
2572 836 2693 895 hoc
2734 837 2918 896 modo
2958 834 3287 898 definimus.

735 935 790 976 2.
871 917 1066 976 Status
1105 917 1559 978 Humiliationis
1597 927 1687 978 est
1725 914 1993 976 conditio
2034 933 2324 993 personae
2352 914 2571 976 Christi
2584 960 2601 993 ,
2624 927 2864 994 propter
2882 915 3165 976 Officium
3186 917 3567 980 sacerdotale

651 995 708 1056 ei
764 994 1019 1056 maxime
1074 994 1453 1074 incumbens,
1501 997 1620 1074 qua
1657 997 1719 1056 in
1756 995 1848 1056 his
1887 995 2057 1056 terris
2095 999 2132 1055 a
2174 1007 2479 1056 momento
2518 995 2835 1056 natiuitatis
2874 1015 3003 1058 sese
3042 995 3229 1074 magis
3266 1015 3341 1058 ac
3378 999 3565 1090 magis

647 1077 804 1136 vltro
845 1074 1108 1154 demisit,
1149 1094 1335 1154 vsque
1376 1075 1456 1137 ad
1491 1075 2103 1156 ignominiosissimam
2143 1087 2397 1136 mortem
2438 1075 2659 1156 crucis,
2696 1077 2921 1156 Philip.
2960 1096 3013 1137 2.
3052 1093 3107 1152 7.
3140 1075 3197 1136 ὅτ
3228 1077 3565 1156 proximum

649 1155 1088 1217 resurrectionis
1130 1157 1466 1218 terminum.

723 1256 779 1312 3.
863 1237 1176 1297 Caeterum
1232 1237 1384 1298 haec
1436 1235 1762 1298 humiliatio
1815 1254 1940 1298 non
1992 1247 2081 1298 est
2136 1237 2363 1296 tantum
2424 1239 2716 1298 humanae
2754 1247 2997 1297 naturae
3038 1235 3290 1316 Christi,
3332 1239 3438 1299 sed
3476 1249 3567 1300 est

643 1335 930 1414 personae
970 1317 1376 1408 θοωθρώᾳου,
1418 1317 1747 1378 secundum
1787 1325 2099 1393 vtramque
2139 1327 2437 1393 naturam,
2478 1327 2711 1377 seruato
2753 1327 2950 1377 tamen
2990 1283 3291 1378 actionum
3330 1321 3387 1380 δι
3426 1338 3563 1396 pro-

643 1391 956 1476 prietaturn
997 1395 1355 1457 discnmine.
1397 1399 1552 1456 Nam
1591 1395 1919 1457 humiliauit
1957 1416 2025 1457 se
2064 1395 2391 1456 secundum
2432 1395 2699 1458 diuinam
2718 1407 3027 1474 naturam,
3048 1415 3171 1457 non
3193 1399 3361 1474 quod
3383 1411 3568 1459 muta-

645 1477 792 1538 uerit
845 1478 938 1538 vel
989 1474 1345 1536 imminuerit
1395 1477 1706 1537 essentiam
1747 1495 1943 1554 suam,
1985 1487 2086 1538 aut
2124 1476 2375 1554 gloriam
2416 1475 2678 1537 diuinam
2716 1476 2977 1537 amiserit
3018 1477 3077 1536 in
3117 1496 3180 1536 se
3222 1478 3466 1556 (quippe
3506 1478 3569 1538 in

644 1577 823 1649 quam
865 1557 1026 1616 nulla
1066 1575 1170 1634 per
1218 1575 1282 1616 se
1323 1557 1568 1618 mutatio
1607 1561 1706 1620 vel
1745 1555 2059 1618 diminutio
2100 1556 2283 1634 cadit)
2326 1556 2433 1616 sed
2481 1577 2527 1616 1.
2571 1557 2737 1633 quod
2780 1555 2949 1616 istam
2990 1557 3281 1617 humanae
3320 1571 3564 1620 naturae

643 1637 978 1716 passionem
1033 1636 1299 1696 voluerit.
1359 1659 1412 1697 2.
1455 1637 1618 1714 qued
1657 1638 1718 1698 in
1757 1639 2016 1696 humana
2055 1647 2289 1714 natura,
2328 1636 2765 1697 infirmitatibus
2804 1635 3018 1697 nostris
3058 1639 3197 1697 vere
3238 1641 3293 1698 δι
3334 1639 3567 1699 realiter

643 1717 937 1794 obnoxia,
974 1715 1226 1794 gloriam
1267 1733 1434 1776 suam
1475 1717 1532 1778 δι
1573 1719 1967 1794 maiestatem,
2008 1717 2087 1777 ad
2126 1718 2528 1794 peragendum
2562 1715 2989 1793 redemptionis
3010 1717 3387 1793 mysterium,
3406 1719 3569 1794 apud

642 1796 914 1858 homines
967 1814 1090 1856 non
1139 1796 1500 1876 exercuerit,
1543 1809 1608 1857 ut
1645 1809 1782 1876 post
1821 1797 2332 1858 Resurrectionem
2372 1797 2427 1856 δι
2470 1795 2900 1858 Ascensionem
2914 1841 2931 1874 ,
2973 1798 3079 1857 sed
3124 1796 3303 1858 veluti
3342 1817 3567 1890 repres-

644 1875 786 1938 serit
823 1879 879 1936 δι
919 1877 1215 1936 occultam
1256 1876 1638 1937 continuerit:
1680 1878 1772 1940 vel
1813 1876 1922 1953 (vti
1961 1877 2223 1954 loquitur
2262 1879 2566 1954 Irenaeus,
2604 1877 2701 1937 lib.
2739 1896 2796 1954 3.
2838 1887 2963 1968 cap.
3003 1879 3121 1952 21.)
3162 1876 3483 1954 quieuerit,
3506 1889 3569 1939 vt

644 1959 901 2018 humana
965 1965 1174 2015 natura
1235 1957 1474 2035 tentari,
1527 1957 1822 2038 crucifigi,
1872 1959 1928 2018 δι
1982 1957 2134 2017 ιιιοιι
2184 1967 2415 2034 posset,
2466 1957 2737 2035 quamuis
2774 1955 3009 2019 interim
3051 1956 3287 2018 diuinae
3325 1967 3569 2019 naturae

640 2037 934 2115 quaedam
973 2034 1191 2096 indicia
1231 2035 1309 2096 ad
1347 2037 1486 2098 fidei
1525 2037 2039 2099 confirmationem
2087 2035 2430 2128 prodierint.

721 2138 778 2190 4.
860 2117 1200 2176 Secundum
1240 2117 1562 2178 humanam
1603 2123 1746 2180 vero
1785 2127 2056 2178 naturam
2096 2137 2161 2178 se
2201 2115 2561 2190 humiliauit,
2605 2119 2747 2178 dum
2786 2121 2923 2178 vere
2954 2115 3317 2178 infirmitates
3336 2128 3569 2178 nostras

645 2198 705 2258 ιιι
745 2215 819 2256 ea
857 2196 1143 2274 suscepit,
1181 2207 1456 2274 expertus
1501 2208 1616 2274 est,
1666 2210 1846 2276 atque
1887 2198 2085 2258 sensit.
2150 2199 2321 2258 Haec
2361 2196 2691 2258 humiliatio
2736 2197 2948 2275 partim
2990 2199 3242 2258 Interna
3280 2197 3420 2274 suit,
3460 2215 3568 2257 seu

642 2277 822 2337 animi
880 2275 999 2355 qua
1057 2293 1224 2336 suam
1285 2279 1682 2350 voluntatem,
1732 2279 1851 2338 hoc
1904 2291 2022 2355 est,
2062 2277 2387 2354 appetitum
2430 2279 2786 2354 naturalem,
2828 2281 3011 2354 seque
3049 2288 3241 2338 totum
3278 2277 3572 2338 voluntati

645 2297 921 2418 diuinaeq
937 2355 1218 2426 subiecit,
1283 2357 1338 2416 δι
1396 2358 1708 2419 hominum
1766 2356 1938 2419 saluti
1990 2375 2095 2417 sua
2143 2359 2465 2418 commoda
2519 2361 2574 2418 δι
2614 2360 2905 2418 honorem
2947 2357 3311 2435 postposuit.
3354 2358 3569 2434 partim

643 2441 943 2515 Eoeterna,
983 2435 1044 2497 in
1086 2437 1560 2499 conformatione
1599 2440 1777 2500 totius
1819 2436 1971 2499 vitae
2012 2442 2065 2499 δι
2110 2437 2314 2499 mortis
2356 2440 2435 2498 ad
2472 2436 2765 2499 internam
2784 2437 2945 2498 illam
2964 2437 3378 2515 humilitatem,
3402 2439 3569 2515 quod

644 2519 760 2579 Dei
817 2516 1041 2596 gloriae
1092 2517 1149 2578 δι
1203 2518 1514 2580 hominum
1555 2517 1934 2580 conuersioni
1974 2538 2046 2578 ac
2086 2518 2284 2594 saluti,
2326 2517 2383 2577 in
2424 2535 2653 2578 summa
2693 2537 2897 2578 coram
2940 2518 3167 2578 mundo
3201 2516 3567 2596 abiectione,

641 2598 721 2659 ad
779 2609 1034 2659 mortem
1096 2615 1281 2675 vsque
1295 2644 1313 2676 ,
1367 2598 1542 2661 variis
1595 2598 1790 2659 modis
1829 2598 2190 2675 inseruierit,
2230 2615 2408 2675 quam
2450 2598 2916 2659 humiliationem
2965 2597 3270 2675 insigniter
3306 2598 3567 2659 declarat

639 2680 997 2757 Apostolus,
1037 2678 1195 2737 Phil.
1243 2697 1296 2737 2.
1338 2680 1392 2738 8.
1438 2680 1573 2739 cum
1615 2677 1698 2739 ait
1711 2680 1965 2757 ,sactus
2004 2680 2265 2739 obediens
2304 2682 2411 2754 (sc.
2454 2680 2634 2753 Patri)
2675 2698 2850 2757 vsque
2889 2680 2977 2737 ad
3008 2686 3269 2738 mortem.

723 2774 780 2837 5.
859 2759 1016 2817 Nam
1057 2758 1276 2835 duplex
1316 2758 1563 2820 omnino
1605 2756 1666 2818 ιιι
1706 2758 1945 2821 Christo
1988 2758 2252 2818 notanda
2290 2768 2379 2818 est
2416 2758 2790 2837 obedientia,
2821 2758 2915 2817 vel
2949 2758 3146 2835 potius
3168 2758 3319 2817 duae
3339 2768 3563 2834 partes:

640 2836 996 2900 Obedientia
1035 2836 1188 2899 vitae
1227 2840 1283 2898 δι
1321 2837 1558 2919 mortis,
1597 2856 1702 2899 seu
1741 2838 2081 2900 obedientia
2118 2848 2257 2899 ante
2296 2848 2552 2898 mortem
2591 2839 2646 2898 δι
2686 2838 2748 2899 ιιι
2784 2848 2995 2897 morte.
3048 2837 3385 2897 Obedientia
3416 2839 3568 2899 vitae

639 2919 752 2980 sita
790 2916 900 2979 fuit
938 2934 979 2978 1.
1019 2916 1081 2977 ιιι
1121 2927 1406 3009 perpetua
1445 2886 1662 2981 iustitia
1699 2918 2497 2997 legis,Mattli.3.15.&⁴
2540 2922 3016 2995 5.17.18.seu
3057 2918 3325 3009 perfecto
3360 2936 3565 2977 amore

643 2996 760 3059 Dei
811 3002 868 3059 &
916 2997 1196 3075 proximi,
1251 3000 1465 3059 Ioann.
1509 3003 1565 3060 8.
1611 3020 1704 3075 29.
1761 3000 1856 3071 46.
1903 3016 1967 3060 ιι.
2029 3002 2097 3059 Ιιι
2152 3008 2489 3076 opportuna
2544 3000 2601 3059 &
2642 2996 2800 3057 fideli
2843 2996 3197 3057 collectione
3232 2996 3533 3057 Ecclesiae
3549 3043 3568 3075 ,

639 3097 747 3157 per
786 3078 1151 3155 doctrinam,
1191 3078 1498 3159 miracula,
1539 3080 1950 3159 Sacramenta3
1990 3080 2204 3139 Ioann.
2242 3099 2299 3153 4.
2344 3098 2439 3154 34.
2501 3095 2585 3139 111.
2628 3081 2697 3138 In
2740 3086 3024 3155 perpetua
3062 3076 3343 3155 patientia
3380 3077 3565 3137 varia-

641 3176 774 3218 rum
833 3158 1282 3249 perpessionum
1320 3158 1462 3222 inde
1501 3162 1579 3221 ab
1621 3170 1755 3219 ortu
1796 3126 2011 3239 ipsius;
2050 3176 2205 3250 quae
2245 3157 2489 3236 quidem
2530 3158 2936 3237 perpessiones
2976 3159 3131 3218 adeo
3171 3159 3405 3217 suerunt
3444 3176 3567 3217 cre-

641 3240 814 3312 brae,
856 3249 919 3298 vt
957 3237 1077 3298 vita
1117 3238 1334 3300 Christi
1388 3241 1592 3315 (πάθος
1634 3238 1796 3299 dicta
1833 3242 1872 3299 a
1911 3204 2158 3300 Graecis
2197 3238 2493 3313 Patribus)
2532 3257 2657 3298 non
2698 3236 3247 3313 im(s.1674)merito
3286 3248 3571 3315 perpetua

641 3318 937 3408 quaedam
979 3318 1174 3397 passio
1217 3318 1339 3379 dici
1377 3319 1593 3396 possit,
1632 3320 2146 3396 quemadmodum
2188 3336 2262 3379 ex
2300 3318 2544 3379 historia
2564 3318 3073 3396 Euangelistarum
3093 3320 3295 3394 aperte
3314 3327 3569 3377 constat.

637 3395 998 3460 Obedientia
1059 3403 1199 3460 vero
1261 3397 1467 3459 mortis
1522 3398 1938 3476 complectitur
2007 3419 2054 3457 1.
2100 3397 2494 3459 voluntarium
2546 3399 2626 3458 ad
2680 3408 2934 3457 mortem
2948 3440 2967 3473 ,
3012 3397 3339 3457 secundum
3382 3395 3567 3456 Patris

641 3481 1010 3539 voluntatem
1048 3479 1420 3539 subeundam
1433 3522 1452 3553 ,
1493 3478 1548 3537 δι
1587 3478 1953 3556 inculpatum
1992 3478 2253 3539 studium
2294 3477 2455 3556 (quia
2488 3478 2567 3538 ad
2586 3476 2864 3538 iustitiam
2882 3477 3027 3537 nihil
3050 3476 3363 3554 profuisset
3380 3475 3563 3537 Sacri-

643 3558 844 3619 ficium
883 3557 995 3618 nisi
1033 3569 1246 3636 sponte
1286 3558 1572 3622 oblatum)
1617 3557 1698 3618 ita
1739 3570 1938 3619 tamen
1972 3568 2036 3618 vt
2076 3576 2201 3619 non
2240 3558 2485 3636 proprio
2528 3578 2592 3619 se
2633 3558 2849 3618 affectu
2890 3557 3221 3617 abdicaret:
3265 3558 3432 3617 Psal.
3474 3576 3571 3629 40.

647 3660 705 3719 9.
745 3640 916 3698 Esai.
964 3654 1058 3714 53.
1102 3654 1158 3713 7.
1195 3638 1420 3698 Matth.
1467 3639 1572 3711 26,
1615 3657 1672 3711 4.
1719 3658 1772 3698 2.
1813 3640 2035 3730 Ephes.
2080 3654 2131 3717 5.
2179 3658 2233 3697 2.
2274 3640 2470 3698 Hebr.
2522 3658 2611 3698 10.
2648 3654 2704 3715 5.
2738 3658 2793 3715 9.
2836 3638 3000 3697 Hinc
3032 3647 3123 3697 est
3141 3638 3308 3715 quod
3326 3636 3569 3697 historia

647 3717 1010 3809 Euangelica
1068 3728 1267 3777 narrat
1329 3735 1468 3779 eum
1522 3717 1808 3795 prodiisse
1861 3717 2105 3779 obuiam
2157 3716 2470 3791 militibus,
2514 3720 2728 3778 Ioann.
2776 3721 2866 3778 18.
2911 3737 2968 3791 4.
3009 3719 3065 3776 δι
3106 3736 3310 3777 coram
3352 3716 3571 3795 Pilato,

644 3798 868 3861 omissa
917 3797 1291 3869 defensione,
1333 3797 1558 3857 stetisse
1599 3800 1678 3857 ad
1720 3799 2095 3859 subeundum
2138 3796 2449 3873 iudicium,
2491 3800 2855 3873 Matth.27.
2904 3816 2928 3855 1
2946 3818 2995 3857 1.
3040 3817 3095 3856 2.
3158 3797 3355 3856 Huius
3396 3760 3574 3856 studii

645 3898 917 3955 causam,
958 3896 1256 3938 summum
1297 3895 1514 3955 nempe
1555 3878 1670 3938 Dei
1711 3880 1765 3938 δι
1807 3878 2063 3955 proximi
2102 3896 2387 3938 amorem.
2430 3880 2521 3937 Ac
2564 3878 2677 3938 Dei
2718 3876 2987 3955 quidem,
3032 3876 3199 3955 quod
3236 3896 3359 3936 non
3378 3878 3573 3936 solum

645 3960 723 4019 ad
767 3968 1054 4035 mortem,
1093 3958 1202 4018 sed
1235 3957 1440 4049 etiam,
1481 3959 1646 4035 quod
1685 3958 1938 4036 amplius
1981 3970 2097 4036 est,
2140 3970 2394 4018 mortem
2435 3956 2627 4017 crucis
2668 3962 2909 4035 (nempe
2949 3955 3572 4057 ignominiosissimum

647 4044 702 4099 δι
761 4002 1142 4099 maledictiim
1205 4037 1412 4098 mortis
1470 4056 1683 4116 genus,
1745 4056 1866 4098 non
1921 4040 2179 4099 humana
2234 4040 2460 4098 tantum
2512 4038 2825 4116 opinione,
2866 4039 3073 4097 verum
3113 4037 3257 4114 legis
3298 4037 3571 4113 decreto,

645 4121 828 4179 Deut.
892 4136 987 4177 21.
1051 4138 1144 4196 23.
1213 4120 1352 4178 Gal.
1404 4138 1463 4194 3.
1515 4121 1632 4193 ι3.)
1681 4138 1746 4178 se
1788 4120 1999 4179 lubens
2052 4116 2371 4179 demiserit.
2431 4118 2692 4179 Proximi
2734 4121 2908 4187 vero,
2948 4116 3117 4193 quod
3158 4136 3271 4193 pro
3312 4116 3573 4176 hostium

649 4215 892 4259 suorum
934 4198 1122 4258 salute
1161 4198 1418 4289 animam
1460 4214 1626 4257 suam
1665 4198 2053 4276 impenderit.
2098 4200 2309 4258 Ioann.
2354 4215 2443 4275 15.
2494 4218 2582 4274 13
2625 4201 2794 4257 Rom.
2838 4198 2896 4257 6.
2942 4212 2997 4272 5.
3040 4200 3099 4255 8.
3634 4210 3647 4219 ’

731 4280 788 4338 6.
869 4278 1046 4337 Vnde
1086 4276 1335 4355 quanuis
1375 4275 1502 4337 tota
1541 4278 1878 4338 obedientia
1917 4277 2136 4340 Christi
2178 4295 2513 4345 seruemur
2552 4292 2748 4337 tamen
2791 4274 3227 4353 synecdochice
3256 4277 3376 4336 hoc
3398 4274 3577 4333 morti

651 4357 868 4418 Christi
921 4357 1090 4433 quasi
1143 4356 1440 4433 peculiare
1496 4376 1568 4415 ac
1608 4358 1913 4435 proprium
1954 4361 2340 4436 plaerumque
2378 4358 2664 4419 adscribit
2702 4356 3030 4434 Scriptura,
3069 4358 3293 4416 Mutela.
3340 4374 3463 4494 aoR
3478 4358 3573 4414 28.

3462 4454 3571 4495 om.
