3923 4875
606 321 681 378 32
1531 316 2012 360 FRANCISCI
2068 315 2310 369 JUNII
2369 315 2600 358 VITA.

610 482 721 540 bus
736 523 753 554 ,
814 477 877 538 id
938 487 1027 538 est
1074 475 1286 554 iniquis
1326 489 1745 556 prouocarent.
1783 479 2027 540 Postera
2064 477 2238 556 igitur
2277 479 2408 538 luce
2449 479 2736 557 Legatus,
2795 474 2898 554 qui
2937 473 3058 534 arci
3097 481 3393 552 praeerat.
3454 470 3516 531 in

613 558 837 620 curiam
896 557 1157 619 aduenit.
1218 557 1485 618 Consilio
1548 557 1789 636 exponit
1837 569 2075 635 paratos
2114 557 2246 618 11103
2283 557 2511 620 venisse
2549 557 2630 618 ad
2667 521 3035 634 colloquium
3075 553 3414 614 habendum
3455 553 3516 612 in

611 637 911 717 religionis
952 655 1147 698 causa.
1186 637 1520 699 Consilium
1560 640 1637 700 de
1676 657 1775 699 me
1815 639 2092 698 vocando
2132 637 2190 697 in
2233 637 2456 698 curiam
2498 635 2636 716 egit.
2674 638 2928 715 Legatus
2959 633 3192 713 restitit,
3231 637 3436 695 volens
3455 645 3520 692 vt

613 719 689 779 de
749 716 1018 779 Consilio
1076 717 1285 797 aliquis
1340 718 1539 797 potius
1576 719 1654 780 ad
1691 737 1787 779 me
1825 719 2192 796 allegaretur.
2232 720 2474 778 Praetor
2515 715 2658 778 mihi
2696 735 2822 777 rem
2860 714 3104 793 exponit
3139 717 3376 806 coram·
3433 732 3520 773 re-

615 798 832 876 spondi
892 799 1127 876 placere
1190 798 1364 878 mihi,
1423 818 1536 860 nec
1582 797 1966 877 refugiturum
2007 817 2160 860 esse.
2222 798 2300 858 de
2343 799 2510 871 loco,
2567 807 2838 873 tempore
2877 797 2934 856 &
2975 793 3209 857 modo
3193 793 3306 886 ipsi
3345 792 3518 871 dispi-

612 889 827 938 cerent.
869 877 1330 956 Responderunt
1368 897 1473 958 per
1508 881 1798 957 Legatum
1836 880 1959 938 duo
1998 877 2434 957 antagonistae,
2475 879 2532 937 &
2571 896 2634 938 se
2674 879 2952 968 facturos,
2981 875 3032 935 si
3067 875 3250 936 modo
3287 874 3346 933 in
3382 893 3520 934 arce

614 961 901 1020 habeatur
958 957 1111 1018 inter
1166 977 1277 1020 nos
1321 959 1656 1037 disputatio.
1716 961 1903 1036 Super
1940 959 2056 1018 hac
2093 923 2437 1018 conditione
2473 956 2706 1036 roganti
2744 954 3112 1034 Magistratui
3151 952 3384 1015 ostendi
3423 971 3521 1013 me

618 1041 813 1116 palam
875 1036 1177 1118 docuisse3
1239 1039 1389 1100 velle
1447 1057 1577 1116 me,
1637 1040 1693 1099 δι
1753 1039 1985 1098 omneis
2021 1048 2366 1129 exspectare
2379 1082 2398 1116 ,
2461 1047 2523 1096 vt
2561 1056 2695 1096 eam
2733 1035 3067 1096 doctrinam
3106 1052 3285 1113 quam
3325 1035 3522 1112 palam

619 1118 801 1180 docui
814 1163 831 1196 ,
892 1083 1209 1178 defendam
1266 1121 1497 1196 palam:
1562 1119 1619 1177 δι
1658 1119 1901 1179 tandem
1943 1116 2214 1195 expensis
2253 1116 2530 1178 omnibus
2570 1115 2878 1193 respondit
2918 1113 3294 1193 Magistratus
3333 1113 3524 1192 vrbiS,

620 1218 719 1258 me
754 1198 817 1258 in
852 1216 1053 1258 arcem
1092 1207 1333 1258 auctore
1371 1217 1435 1260 se
1476 1217 1599 1258 non
1642 1216 1771 1258 esse
1810 1197 2226 1289 ingressurum.
2269 1195 2702 1258 Obiicientibus
2741 1199 2779 1255 a
2816 1197 3042 1274 populo
3062 1195 3175 1256 sibi
3194 1193 3524 1272 periculum

621 1280 881 1338 futurum
920 1295 1078 1355 esse,
1118 1277 1414 1356 spopondi
1454 1296 1551 1337 me
1589 1280 1771 1356 vltro,
1814 1278 1863 1338 si
1903 1276 2038 1354 quis
2077 1276 2138 1336 in
2179 1276 2340 1354 ipsos
2377 1287 2630 1338 tentaret
2655 1275 2990 1368 quicquam
3003 1319 3022 1353 ,
3065 1292 3286 1353 corpus
3325 1291 3526 1334 meum

620 1367 757 1419 ante
817 1357 1079 1436 ipsorum
1136 1375 1392 1434 corpora
1450 1357 1720 1418 stitutum
1778 1375 1905 1418 esse
1943 1355 2308 1434 excipiendis
2343 1356 2549 1448 populi
2589 1355 2830 1416 iniuriis.
2879 1355 3152 1416 Tandem
3191 1355 3524 1433 postulaue-

622 1447 785 1516 runt,
844 1447 909 1496 vt
965 1455 1181 1528 campo
1233 1437 1313 1496 ad
1351 1436 1620 1513 quintum
1658 1441 1696 1497 a
1734 1437 1965 1498 Leodio
2005 1436 2266 1516 lapidem
2305 1438 2703 1498 institueretur
2745 1435 3141 1527 colloquium.
3203 1435 3418 1514 quibus
3457 1434 3525 1494 id

621 1535 803 1578 vnum
860 1517 1129 1594 responsi
1188 1515 1365 1595 dedi,
1425 1518 1563 1576 cum
1624 1515 1743 1577 iam
1802 1517 1863 1578 in
1922 1519 2062 1576 loco
2121 1527 2318 1578 essent
2357 1519 2414 1577 &
2455 1515 2568 1578 sibi
2605 1516 2930 1577 commodo
2948 1560 2966 1594 ,
3025 1515 3226 1594 inique
3267 1516 3344 1576 de
3381 1515 3526 1573 loco

620 1599 805 1658 altero
846 1599 901 1656 δι
942 1596 1330 1657 incommodo
1347 1561 1646 1657 laborari.
1686 1599 1778 1657 Ita
1813 1595 2030 1658 reuersi
2065 1607 2202 1658 sunt
2241 1607 2430 1690 vterq.
2468 1596 2894 1657 Franciscanus
2931 1597 2988 1656 δι
3027 1595 3244 1656 Iesuita
3275 1595 3336 1654 in
3371 1592 3527 1654 stati-

620 1697 767 1738 ones
807 1693 967 1756 suas,
1008 1677 1064 1736 &
1104 1675 1531 1736 nunciauerunt
1568 1675 1687 1737 suis
1725 1696 1821 1736 me
1862 1676 2120 1737 euictum
2161 1678 2238 1737 ab
2277 1677 2418 1755 ipsis
2457 1675 2790 1768 profugisse
2804 1723 2823 1756 ,
2863 1684 2928 1736 vt
2947 1675 3277 1753 periculum
3295 1672 3528 1751 capitiS,

620 1757 717 1816 cui
783 1775 876 1816 me
932 1756 1323 1832 praefidenter
1379 1755 1745 1816 subieceram
1800 1757 1923 1834 ipse
1936 1801 1955 1835 ,
2007 1756 2347 1836 effugerem.
2406 1760 2606 1835 Atque
2643 1755 2741 1816 hic
2779 1773 2983 1816 rumor
3018 1755 3122 1816 vbi
3160 1753 3530 1833 percrebruit

622 1839 786 1914 (nam
824 1835 887 1894 in
926 1844 1119 1912 partes
1159 1833 1421 1895 diuersas
1459 1835 1712 1913 iuerant)
1755 1839 1943 1897 multo
1984 1839 2182 1914 plures
2220 1841 2404 1916 quam
2445 1843 2583 1898 ante
2623 1845 3050 1897 concurrerunt
3089 1837 3166 1896 ad
3209 1834 3530 1895 conciones

624 1915 1040 1992 Limburgum,
1101 1915 1158 1974 δι
1218 1914 1531 1976 mendacio
1592 1915 1831 1976 illorum
1892 1915 2020 1977 viso
2064 1919 2258 1978 zelum
2297 1927 2566 1977 sanctum
2603 1917 2682 1977 ad
2721 1915 3196 2007 amplectendam
3236 1914 3344 1974 Dei
3383 1911 3528 1973 veri-

624 2005 803 2055 tatem
850 1993 911 2053 in
952 1992 1189 2054 Christo
1226 1993 1563 2055 induerunt.
1633 1997 1838 2071 Quum
1876 2006 2076 2056 autem
2115 1996 2308 2076 Aprili
2345 1996 2579 2058 ineunte
2619 1999 2674 2057 &
2713 1995 3114 2086 antepaschali
3153 1995 3530 2055 hebdomade

620 2074 807 2146 illius..
867 2075 1185 2134 nonnullae
1244 2083 1547 2152 equestres
1601 2075 1809 2154 copiae
1858 2095 1933 2136 ex
1984 2076 2427 2138 Gubernatricis
2465 2076 2795 2137 Parmensis
2825 2073 3174 2137 auctoritate
3205 2073 3530 2134 submissae

626 2154 713 2214 cis
770 2153 1111 2214 Traiectum
1168 2155 1247 2213 ad
1284 2155 1520 2215 Mosam
1559 2165 1780 2248 essent,
1841 2173 1994 2248 quae
2035 2175 2130 2217 me
2169 2157 2586 2249 interciperent
2619 2159 2675 2218 δι
2717 2157 3204 2234 Limburgensem
3237 2155 3528 2233 populum

624 2235 990 2314 infestarent3
1028 2232 1221 2294 visum
1260 2245 1348 2295 est
1384 2233 1778 2313 magistratui
1816 2234 2012 2297 vtilius
2072 2237 2200 2298 fore
2239 2238 2376 2297 cum
2416 2234 2560 2297 mihi
2598 2247 2725 2297 tum
2767 2236 2991 2314 reipub.
3034 2235 3085 2295 si
3103 2237 3242 2295 loco
3261 2235 3530 2295 cederem

624 2319 961 2407 opportune
974 2359 992 2393 ,
1050 2317 1232 2392 quam
1272 2314 1323 2374 si
1360 2313 1697 2393 importune
1736 2314 2230 2395 pertinaciterque
2267 2316 2669 2378 subsisterem.
2709 2315 2978 2377 Consilio
3019 2315 3080 2375 in
3124 2334 3259 2375 eam
3299 2324 3527 2374 senten-

624 2393 763 2456 tiam
823 2393 1029 2456 habito
1043 2440 1061 2475 ,
1120 2411 1271 2455 vnus
1308 2397 1341 2456 ὲ
1382 2394 1649 2457 Scabinis
1690 2396 1801 2458 sub
1841 2414 2150 2475 vesperam
2189 2415 2287 2457 me
2325 2395 2683 2459 familiariter
2721 2396 3037 2475 compellat
3076 2395 3384 2457 ambulans
3397 2439 3414 2473 ,
3473 2395 3530 2454 &

624 2494 753 2537 rem
812 2484 1001 2535 totam
1059 2474 1265 2553 aperit.
1362 2478 1572 2553 Itaque
1633 2476 1842 2537 eadem
1878 2487 2088 2555 nocte,
2147 2494 2334 2569 quum
2373 2480 2557 2538 ferme
2597 2476 2910 2539 vndecima
2948 2486 3134 2556 esset,
3193 2492 3332 2536 cum
3371 2475 3532 2534 bona

626 2554 1007 2648 Magistratus
1043 2554 1217 2614 venia
1254 2574 1329 2615 ex
1366 2557 1515 2615 vrbe
1552 2574 1733 2634 exe0,
1774 2556 1966 2618 imbre
2006 2556 2550 2648 vehementissim03
2592 2568 2878 2648 extraque
2911 2558 3058 2619 fines
3097 2521 3223 2635 agri
3261 2555 3532 2615 Limbur-

625 2635 820 2714 gensis
864 2635 1164 2713 abducor,
1224 2645 1289 2695 vt
1328 2652 1425 2695 me
1463 2634 1526 2694 in
1566 2601 1952 2727 Germaniam
1989 2636 2174 2697 libere
2213 2647 2316 2697 aut
2365 2654 2723 2716 quocunque
2783 2636 3012 2697 animus
3069 2646 3255 2715 esset,
3314 2634 3533 2712 recipe-

626 2735 775 2776 rem.
835 2717 977 2775 Post
1015 2679 1279 2777 iumento
1340 2714 1661 2776 commodo
1702 2714 1763 2775 in
1812 2732 2020 2807 agrum
2067 2716 2319 2777 Comitis
2357 2721 2394 2778 a
2433 2717 2814 2779 Geroldstein
2865 2717 2945 2778 ad
2985 2736 3083 2777 me
3119 2736 3224 2795 per
3236 2680 3534 2775 Limbur-

628 2795 857 2875 genseis
912 2793 1121 2886 misso,
1172 2793 1635 2887 Heidelbergam
1700 2795 1861 2856 veni.
1918 2795 2020 2856 vbi
2058 2796 2312 2888 gratiose
2351 2818 2388 2857 a
2418 2796 2583 2877 Fri(f.
2629 2818 2702 2858 20
2707 2796 2952 2872 .)derico
2993 2796 3230 2857 Comite
3269 2792 3533 2854 Palatino

629 2884 912 2953 exceptus
988 2872 1408 2965 aliquantisper
1467 2874 1659 2952 haesi,
1726 2875 1782 2934 δι
1840 2875 2344 2939 Scoenouiensem
2401 2876 2760 2956 Ecclesiam,
2822 2893 2976 2953 quae
3047 2876 3126 2936 ad
3191 2875 3538 2935 Heidelber-

629 2975 768 3034 gam
828 2954 893 3015 in
950 2954 1248 3014 montanis
1305 2953 1559 3014 collecta
1596 2963 1715 3033 est,
1791 2953 2175 3017 libentissime
2235 2956 2502 3018 salutaui.
2597 2957 2748 3018 Inde
2815 2954 3215 3048 proficiscenti
3271 2954 3352 3015 ad
3409 2972 3532 3013 ma-

628 3045 781 3095 trem
834 3032 1125 3111 Biturigas
1184 3032 1638 3095 Scoenouiensis
1696 3034 2000 3113 Ecclesia,
2069 3054 2165 3095 me
2195 3035 2579 3127 imprudente
2619 3036 2869 3114 inuitoq.
2911 3034 3179 3097 submisit
3221 3033 3504 3096 comitem
3519 3077 3536 3111 ,

630 3132 769 3175 cum
851 3112 1141 3174 mandatis
1220 3122 1285 3173 vt
1322 3132 1419 3175 me
1499 3113 1823 3175 reduceret.
1882 3116 1991 3175 Ille
2069 3126 2134 3175 vt
2190 3115 2251 3176 in
2291 3116 2583 3177 mandatis
2660 3127 2998 3209 acceperat,
3078 3118 3380 3177 nolentem
3439 3131 3537 3173 me

629 3193 877 3254 domum
938 3202 1329 3271 prosequutus
1390 3202 1522 3253 est.
1583 3204 1943 3285 quapropter
1980 3193 2065 3254 illi
2103 3195 2180 3256 de
2219 3212 2376 3272 equo
2415 3195 2725 3288 prospexi,
2785 3198 2840 3256 &
2881 3206 3148 3273 sumptus
3185 3194 3438 3255 maiores
3477 3192 3538 3251 in

631 3272 743 3333 iter
791 3274 986 3332 facere
1037 3282 1283 3333 coactus
1322 3289 1475 3333 sum.
1550 3272 1908 3365 Biturigibus
1946 3274 2109 3366 apud
2150 3286 2398 3337 matrem
2437 3276 2602 3337 haesi
2641 3276 2721 3336 ad
2759 3294 3024 3336 mensem
3065 3273 3537 3367 sesquialterum:

628 3356 667 3411 a
704 3362 890 3413 matre
928 3352 1223 3413 Lutetiam
1261 3354 1560 3443 profectus
1600 3352 1980 3415 Franciscum
2010 3353 2176 3414 illum
2214 3355 2639 3448 Albaspineum
2679 3354 2870 3431 (cuius
2891 3366 3029 3415 ante
3049 3354 3316 3429 memini)
3356 3352 3537 3413 Silva-

632 3441 900 3510 nectum,
960 3432 1056 3492 vel
1114 3430 1446 3492 Samlisium
1500 3434 1588 3507 (vt
1638 3437 1879 3511 vocant)
1921 3433 2111 3495 inuisi.
2151 3434 2387 3495 Lutetia
2425 3434 2609 3513 petiui
2648 3434 2979 3514 Sedanum,
3020 3436 3256 3496 Sedano
3297 3431 3535 3505 Meum,

632 3511 733 3572 vbi
772 3511 851 3571 ad
891 3530 1123 3573 menses
1164 3514 1352 3589 prope
1392 3511 1545 3571 duos
1584 3512 1817 3573 substiti
1830 3557 1849 3604 2
1888 3530 2073 3590 quum
2106 3516 2286 3575 frater
2324 3514 2520 3576 minor
2558 3525 2702 3575 natu
2717 3560 2734 3594 ,
2776 3531 2952 3593 quem
2991 3515 3320 3575 studiorum
3362 3528 3542 3573 causa

632 3609 869 3652 mecum
928 3592 1290 3652 abduxeram
1304 3636 1321 3667 ,
1370 3610 1443 3652 ex
1480 3601 1645 3668 peste
1683 3591 1986 3654 obiuisset.
2027 3592 2494 3674 Heidelbergam
2533 3612 2804 3656 reuersus
2817 3639 2836 3674 ,
2876 3595 3037 3674 apud
3077 3592 3543 3656 Scoenouienses

631 3673 865 3732 functus
905 3688 1037 3732 sum
1078 3670 1399 3732 ministerio
1440 3672 1746 3762 Euangelij
1786 3672 1927 3733 inde
1969 3674 2047 3732 ab
2089 3674 2340 3735 Octobri
2381 3694 2605 3737 mense.
2645 3676 2892 3736 Postero
2933 3694 3094 3735 anno
3134 3672 3389 3765 grauiter
3427 3674 3541 3731 Ec-

631 3751 869 3812 clesiam
928 3751 1090 3812 illam
1148 3749 1619 3812 florentissimam
1671 3750 1877 3811 afflixit
1914 3752 2272 3830 pestilentia:
2313 3772 2435 3831 quo
2477 3766 2746 3833 tempore
2785 3754 3036 3815 inuitum
3075 3756 3132 3815 &
3173 3752 3542 3815 obnitentem

633 3850 729 3892 me
766 3830 1053 3892 subtraxit
1090 3833 1229 3892 loco
1272 3830 1605 3892 Fridericus
1646 3832 1921 3911 Elector,
1963 3834 2020 3893 δι
2059 3832 2120 3893 111
2161 3843 2352 3893 castra
2391 3834 2548 3895 misit
2586 3834 2970 3895 Aurasiorum
3010 3833 3297 3912 Principis
3312 3878 3330 3911 ,
3357 3848 3542 3909 quum

631 3914 922 3971 funestam
980 3910 1139 3971 illam
1194 3910 1629 4003 expeditionem
1689 3915 1832 3988 (qua
1890 3878 1988 3972 vix
2045 3913 2226 3973 vllam
2279 3912 2646 3976 miseriorem
2699 3916 2818 3975 hoc
2871 3923 3079 3975 nostro
3119 3913 3324 3975 seculo
3363 3910 3542 3972 fuisse

632 3990 911 4068 arbitror)
971 3990 1032 4051 in
1071 3990 1339 4069 Belgium
1388 3989 1653 4052 instituit.
1713 3994 1900 4052 Erant
1948 3991 2320 4070 proditiones
2371 3994 2556 4055 intus:
2611 3994 2754 4055 foris
2803 3992 3146 4054 calamitosa
3199 3994 3255 4053 δι
3295 3992 3545 4052 aduersa

633 4070 853 4131 omnia.
912 4071 1241 4149 Fugiebant
1288 4090 1495 4131 omnes
1538 4072 1577 4129 a
1615 4070 1919 4162 copiarum
1956 4082 2290 4133 nostrarum
2331 4073 2618 4135 aduentu·
2659 4084 3026 4135 commeatus
3065 4074 3260 4133 nullus
3299 4072 3543 4131 aderat:

633 4149 1123 4211 interuertebatur
1170 4150 1365 4212 omnis
1413 4150 1856 4212 molen-inarum
1890 4150 2318 4229 commoditas}
2350 4154 2534 4216 hostis
2565 4154 2872 4215 mutilabat
2904 4155 3228 4214 observans
3259 4156 3292 4212 e
3313 4150 3547 4229 propin-

630 4246 752 4306 quo
765 4273 784 4306 ,
824 4230 879 4288 &
921 4246 1225 4306 nunquam
1264 4232 1461 4308 praelij
1505 4230 1724 4293 faciens
1762 4241 2147 4323 potestatem3
2191 4231 2372 4310 frigus
2415 4233 2669 4325 inediaq.
2691 4234 3050 4294 enecabant.
3082 4231 3546 4309 corrumpebant

632 4308 885 4387 pluviae.
948 4308 1069 4369 Hic
1127 4328 1242 4388 ego
1298 4314 1450 4388 pene
1510 4310 1768 4372 triduum
1828 4310 1952 4373 sine
2009 4330 2165 4389 pane
2224 4313 2280 4372 &
2329 4312 2557 4374 cibario
2607 4313 2729 4373 vixi
2743 4356 2760 4391 ‚
2809 4312 2982 4373 tertia
3019 4312 3260 4373 demum
3298 4328 3547 4447 νεέρεζὲ

3402 4406 3468 4448 er
