3923 4875
3 1122 29 1167 u
3 962 33 1086 ιιι-ιιι
3 801 35 921 τῖες
3 555 40 759 aaa

1371 355 1698 402 THBSBS
1751 355 2400 402 Tutonoclcar..
3238 361 3349 424 253

417 537 600 600 quarn
657 521 757 581 illa
815 539 998 598 regno
1038 519 1254 580 Christi
1295 517 1574 580 detrahit:
1617 518 1784 596 quod
1821 537 1946 579 non
1986 517 2329 598 ignorarunt
2366 519 2448 598 pij
2492 523 2911 600 Imperatores,
2959 522 3345 585 Theodosius

421 600 651 678 senior,
693 601 923 664 Sozom.
965 601 1134 662 Hist.
1175 601 1385 661 Eccles.
1417 601 1513 661 lib.
1560 617 1614 676 7.
1648 618 1697 659 c.
1736 619 1830 672 24.
1869 597 2312 660 Valentinianus
2334 599 2577 679 primus,
2622 599 2909 661 Theodor.
2934 603 3097 664 Hist.
3118 604 3345 666 Eccles.

420 683 522 742 lio.
563 701 618 756 4.
659 691 789 760 cap.
835 695 886 758 5.
929 683 986 742 δι
1025 699 1081 740 e.
1119 698 1248 741 sese
1290 678 1735 742 Ecclesiasticae
1777 677 2123 758 disciplinae
2162 679 2560 741 subiicientes.

507 779 560 836 7.
642 763 751 821 111.
830 760 1117 838 Caussae,
1177 761 1262 821 ob
1319 778 1467 837 quas
1526 758 2119 820 excommunicantur
2136 804 2155 838 ,
2196 770 2332 820 sunt
2372 769 2619 838 peccata
2660 769 2784 820 tam
2825 779 2931 837 per
2970 779 3035 822 se
3078 760 3345 840 publica,

425 845 606 920 quam
643 858 799 917 quae
839 860 914 900 ex
952 839 1192 916 privatis
1232 860 1338 919 per
1370 840 1694 932 legitimam
1731 837 2199 917 processionem,
2240 841 2451 902 Matth.
2504 843 2593 900 18.
2642 855 2730 915 15.
2780 842 2869 900 16.
2914 858 3003 915 17.
3026 842 3170 902 talia
3189 843 3349 904 facta

426 930 594 998 sunt,
632 928 822 998 eaque
863 919 990 980 siue
1023 920 1086 982 in
1125 921 1377 997 primam
1417 939 1541 982 siue
1580 919 1642 980 in
1683 919 2009 980 secundam
2050 921 2334 997 tabulam,
2403 940 2451 981 1.
2488 923 2624 980 C'or.
2668 936 2723 998 5.
2771 939 2797 978 1
2812 939 2861 981 1.
2901 922 3182 998 adjuncta
3204 942 3345 983 cou-

427 1000 686 1062 tumacia
723 1017 862 1060 cum
901 1000 1260 1062 offendiculo
1302 1001 1606 1062 Ecclesiae
1643 999 1990 1062 commissa:
2034 999 2233 1078 itaque
2273 1000 2625 1078 hypocritae
2664 998 2947 1078 tantisper
2977 1000 3123 1063 dum
3142 1019 3357 1064 eorum

424 1079 756 1160 hypocrisis
813 1080 1012 1141 adhuc
1065 1091 1154 1142 est
1220 1079 1498 1143 omnibus
1553 1088 1710 1142 tecta
1769 1097 1882 1140 nec
1939 1078 2017 1140 de
2064 1099 2137 1140 ea
2174 1089 2311 1160 sunt
2352 1079 2613 1142 conuicti
2632 1126 2650 1154 ,
2690 1081 3199 1144 excommunicari
3242 1101 3359 1145 nec

426 1173 677 1241 possunt
735 1179 850 1221 nec
911 1160 1160 1222 debent:
1227 1163 1442 1222 Errant
1501 1161 1679 1222 etiam
1737 1160 2191 1239 Anabaptistae,
2250 1159 2397 1222 dum
2436 1179 2576 1222 suos
2618 1160 2701 1221 ob
2741 1165 2992 1238 peccata
3038 1162 3359 1224 commissa

427 1239 767 1320 simpliciter
791 1250 969 1332 ’extra
1007 1239 1446 1303 contumaciam
1491 1241 1616 1302 sine
1655 1240 2047 1318 praecedente
2079 1238 2485 1302 admonitione
2507 1240 2783 1318 iustoque
2804 1240 3105 1304 charitatis
3126 1243 3357 1321 ordine,

428 1329 970 1384 excommunicant.
2664 1363 2671 1368 -

508 1406 562 1463 8.
643 1403 749 1462 Ν.
797 1401 1144 1478 Communia,
1186 1405 1224 1462 a
1262 1401 1382 1479 qua
1421 1400 1656 1461 excludi
1697 1397 2245 1460 excommunicatus
2283 1400 2403 1461 dici
2442 1411 2639 1478 potest
2652 1447 2669 1478 ,
2705 1412 2792 1462 est
2834 1400 3053 1478 duplex
3067 1447 3085 1478 ,
3122 1401 3357 1463 interna

427 1484 486 1544 δι
525 1493 783 1543 externa.
822 1479 992 1541 Prior
1029 1481 1302 1558 Interna,
1343 1492 1433 1542 est
1471 1479 1848 1554 communie,
1889 1497 2070 1557 quam
2112 1479 2359 1558 quisque
2400 1480 2590 1542 fidelis
2634 1483 2813 1542 habet
2854 1497 2992 1541 cum
3031 1482 3170 1542 Deo
3204 1481 3358 1543 aliis-

429 1580 547 1641 que
583 1559 860 1622 omnibus
893 1559 1111 1620 sanctis
1149 1559 1306 1622 intus
1345 1580 1452 1639 per
1488 1561 1669 1621 tidem
1710 1561 1766 1618 δι
1805 1559 2151 1620 charitatem
2190 1559 2403 1622 virtute
2450 1560 2698 1638 Spiritus
2740 1560 2977 1622 Sancti:
3028 1581 3079 1622 1.
3122 1562 3259 1622 Iob.
3306 1582 3359 1623 1.

431 1663 489 1720 3.
530 1643 628 1703 Ab
659 1643 774 1701 hac
813 1658 991 1701 nemo
1029 1659 1135 1717 per
1175 1638 1869 1701 Excommunicationem
1913 1639 2296 1720 Presbyter-ij,
2336 1641 2510 1700 Rom.
2550 1645 2606 1702 8.
2652 1644 2749 1718 38.
2791 1658 2889 1718 35.
2932 1641 3039 1701 sed
3084 1661 3190 1720 per
3222 1661 3359 1719 pro-

432 1721 630 1802 prium
667 1729 980 1799 peccatum
1022 1721 1372 1781 excluditur.
1411 1721 1530 1781 Ies.
1571 1739 1668 1797 30.
1714 1739 1767 1780 2.
1860 1720 2159 1780 Posterior
2200 1721 2503 1801 Eoeterna,
2564 1730 2651 1782 est
2690 1723 2785 1782 vel
2823 1719 3071 1781 Politica
3110 1722 3205 1782 vel
3246 1723 3357 1782 Ec·

431 1799 778 1878 clesiastica,
827 1801 1074 1863 Politica
1133 1812 1221 1861 est
1235 1846 1254 1879 ,
1292 1797 1466 1878 quae'
1485 1809 1749 1861 versatur
1784 1798 1846 1858 in
1887 1800 2063 1861 rebus
2101 1802 2158 1861 δι
2198 1799 2451 1878 negotiis
2491 1801 2570 1861 ad
2609 1800 2845 1862 ciuilem
2890 1803 2945 1862 δι
2988 1811 3360 1876 praesentem

429 1882 614 1944 vitam
646 1879 1103 1959 pertinentibus:
1147 1882 1227 1941 ab
1266 1882 1382 1942 hac
1422 1885 1568 1942 vero
1601 1878 1898 1940 neminem
1938 1890 2172 1957 separat
2210 1881 2767 1943 Excommunicatio
2790 1883 3014 1948 ἀπλόςε
3058 1901 3179 1942 non
3202 1880 3363 1943 enim

433 1961 819 2043 prohibentur
875 1958 986 2021 viri
1023 1977 1184 2021 -cum
1245 1959 1556 2038 vxoribus,
1606 1980 1654 2019 1.
1704 1961 1839 2021 Gor.
1885 1977 1939 2035 7.
1979 1977 2069 2021 12.
2110 1977 2200 2037 13.
2242 1962 2368 2022 &a
2414 1961 2609 2054 (quod
2672 1971 2881 2022 contra
2943 1961 3363 2041 Anabaptistas

431 2055 520 2105 est
577 2039 932 2119 notandum)
993 2051 1270 2118 parentes
1309 2059 1450 2101 cum
1488 2039 1688 2103 liberis
1731 2041 1788 2100 δι
1827 2059 1882 2100 c.
1921 2049 2059 2118 post
2098 2041 2789 2103 excommunicationem
2818 2039 3059 2120 politice
3096 2059 3363 2103 commu-

431 2123 661 2200 nicare,
726 2136 865 2181 cum
925 2120 994 2181 iis
1033 2119 1252 2199 degere
1291 2123 1346 2182 δι
1389 2121 1588 2182 debita
1629 2118 1828 2180 officia
1866 2129 2165 2199 praestare
2208 2120 2375 2202 (nam
2414 2121 2567 2182 haec
2609 2133 2699 2182 est
2740 2124 2835 2182 lex
2876 2133 3119 2182 naturae
3132 2167 3151 2201 ,
3213 2139 3366 2200 quae

431 2201 562 2264 toni
598 2220 723 2263 non
765 2202 985 2278 potest)
1025 2201 1210 2262 modo
1251 2221 1328 2262 ne
1367 2200 1719 2279 participent
1761 2199 1823 2259 in
1868 2201 2081 2262 eodem
2124 2199 2370 2262 crimine
2410 2202 2466 2261 &
2510 2201 2691 2262 nimia
2730 2201 3183 2262 conuersatione
3222 2221 3365 2262 con-

432 2283 731 2362 tagionem
772 2282 1150 2341 contrahant:
1211 2298 1383 2342 secus
1428 2292 1592 2342 extra
1629 2278 1970 2341 huiusmodi
1992 2281 2351 2342 necessitatis
2372 2297 2575 2342 casum
2596 2280 2954 2342 familiaritas
2974 2299 3112 2360 cum
3131 2301 3367 2344 excom-

437 2361 746 2423 municatis
759 2379 854 2440 ,ne
881 2360 1102 2421 'eorum
1141 2360 1515 2422 contumacia
1531 2359 1737 2443 {foueri
1769 2359 2053 2439 videatur,
2092 2360 2393 2440 prohibita
2426 2365 2543 2441 est,
2593 2381 2646 2422 1.
2691 2361 2829 2422 Cor.
2874 2377 2928 2440 5.
2958 2381 2982 2420 1
3000 2381 3048 2423 1.
3088 2362 3205 2422 hac
3235 2364 3369 2441 lege

435 2456 500 2505 vt
537 2462 643 2504 eos
681 2461 807 2503 non
848 2451 911 2502 vt
950 2440 1224 2503 inimicos
1262 2443 1610 2519 habeamuS,
1651 2440 1759 2502 sed
1799 2452 2084 2519 tanquam
2125 2444 2361 2523 fratres,
2400 2453 2463 2503 vt
2503 2440 2593 2503 sui
2633 2445 2688 2504 δι
2732 2440 3033 2503 Ecclesiae
3072 2441 3363 2503 rationem

437 2525 718 2597 habeant,
758 2522 1207 2601 admoneamus,
1253 2542 1284 2581 2
1340 2523 1544 2584 Thess.
1585 2539 1640 2598 3.
1692 2541 1780 2597 14.
1835 2537 1926 2599 15.

517 2624 575 2683 9.
655 2603 1068 2663 Ecclesiastica
1119 2600 1482 2664 Communio
1537 2612 1626 2663 est
1677 2602 2194 2663 Sacramentorum
2252 2606 2307 2663 δι
2368 2600 2636 2663 omnium
2676 2618 2883 2663 eorum
2921 2618 3073 2678 quae
3120 2602 3361 2679 propria

439 2694 575 2745 sunt
636 2680 927 2743 fidelium:
991 2680 1090 2741 illa
1105 2728 1122 2762 ,
1183 2700 1336 2760 quae
1397 2684 1914 2744 Sacramentorum
1956 2693 2077 2760 est,
2119 2682 2367 2743 omnino
2407 2681 2773 2743 interdicitur
2810 2681 3361 2743 excommunicatis.

438 2767 486 2825 Ι.
527 2772 770 2841 propter
809 2760 1062 2839 speciale
1103 2762 1448 2824 mandatum
1488 2761 1704 2824 Christi
1717 2806 1734 2841 ,
1777 2782 1848 2822 ne
1887 2764 2039 2839 date,
2080 2764 2241 2840 quod
2270 2762 2545 2821 Sanctum
2566 2770 2653 2822 est
2682 2762 2937 2839 canibus,
2988 2782 3088 2821 nec
3101 2763 3368 2839 protjcite

436 2844 808 2919 margaritas
863 2844 1063 2913 porcis
1076 2862 1098 2901 .·
1165 2862 1216 2903 1.
1265 2843 1486 2904 Mutela.
1553 2860 1608 2918 7.
1658 2844 1719 2902 6.
1760 2844 1911 2902 Item
1929 2888 1948 2921 ,
1979 2844 2239 2920 primum
2279 2844 2686 2903 reconciliator
2708 2842 2919 2920 fratri
2956 2850 3079 2917 tuo,
3120 2844 3199 2901 ἐν
3234 2850 3369 2902 tunc

437 2926 570 2986 veni
607 2922 685 2983 &-
720 2922 880 2999 offer
919 2923 1130 2983 donum
1168 2932 1349 2985 tuum.
1388 2924 1614 2983 Matth.
1659 2937 1712 2999 5.
1762 2943 1856 2996 24.
1911 2924 1984 2981 ΙΙ.
2027 2923 2109 2984 ob
2152 2924 2429 2983 effectum
2470 2920 2781 3000 triplicem.
2817 2939 2857 2981 1.
2898 2922 3095 2999 quoad
3134 2920 3196 2982 in
3229 2920 3370 2998 ipsis

437 3012 526 3064 est
543 3048 561 3079 ,
619 3001 891 3079 polluunt
929 3002 1310 3063 Sacramenta
1327 3049 1344 3080 ,
1383 3021 1505 3064 non
1549 3002 1791 3080 quidem
1833 3002 2007 3063 bonis
2022 3047 2039 3081 ,
2100 3001 2205 3063 sed
2245 2999 2386 3078 sibi,
2440 3020 2579 3061 nam
2614 3004 2809 3063 omnia
2850 3003 3067 3061 munda
3107 3003 3336 3062 mundis·

423 3084 670 3163 pollutis
721 3090 912 3142 autem
963 3083 1040 3141 ὁ·
1091 3084 1422 3161 enfidelibus
1459 3084 1613 3141 nihil
1646 3093 1733 3142 est
1752 3090 1999 3159 purum.
2052 3083 2167 3141 Tit.
2216 3102 2262 3141 1.
2306 3096 2394 3159 15.
2441 3102 2495 3142 2.
2535 3080 2649 3142 illis
2687 3100 2811 3142 non
2854 3081 2932 3141 ad
2970 3083 3217 3143 salutem
3258 3047 3367 3143 sed

435 3162 514 3223 ad
553 3160 796 3222 exitium
835 3163 1029 3224 valere
1065 3174 1316 3239 possunt
1356 3164 1764 3223 Sacramenta:
1813 3181 1862 3223 1.
1921 3163 2058 3223 G‘or.
2120 3182 2211 3221 11.
2274 3178 2368 3237 27.
2418 3181 2511 3254 ²9·
2553 3181 2611 3238 3.
2652 3163 2812 3223 malo
2842 3164 3122 3240 exemplo
3162 3163 3363 3223 bonos

437 3240 860 3303 contaminant.
913 3259 957 3302 1.
1013 3242 1152 3302 Cor.
1208 3259 1262 3321 5.
1314 3245 1371 3304 8.
1424 3259 1446 3301 1
1459 3258 1512 3320 5.
1575 3262 1671 3319 33.
1726 3242 1826 3302 Ad
1873 3240 2043 3303 verbi
2095 3252 2292 3303 autem
2338 3240 2703 3303 auditionem
2741 3241 2908 3319 quod
2947 3240 3152 3302 attinet
3166 3286 3185 3319 ,
3225 3241 3365 3303 licet

439 3322 684 3381 ἄπιστοι
715 3318 776 3380 in
809 3321 868 3381 S.
911 3321 1210 3400 Scriptura
1249 3321 1648 3401 admittantur,
1698 3343 1747 3384 1.
1793 3320 1926 3382 Cor.
1949 3340 1973 3381 1
1986 3343 2042 3396 4.
2070 3342 2165 3397 23.
2211 3342 2303 3396 24.
2328 3340 2450 3382 non
2472 3331 2671 3382 tamen
2690 3320 2729 3398 ij
2751 3338 2905 3400 quos
2923 3322 3364 3399 Presbyterium

437 3402 691 3461 Satanae
743 3399 983 3461 tradidit
1021 3401 1183 3479 (quia
1222 3401 1306 3461 illi
1345 3401 1691 3463 doctoribus
1705 3446 1724 3480 ,
1775 3402 1838 3461 hi
1882 3401 2319 3463 correctoribus
2360 3400 2625 3480 indigent
2638 3447 2657 3480 ,
2718 3402 2780 3461 in
2823 3401 2935 3463 illis
2976 3400 3221 3463 scientia
3238 3446 3257 3480 ,
3303 3400 3366 3461 in

440 3480 530 3540 his
579 3478 943 3541 conscientia
993 3480 1384 3557 desideratur)
1423 3479 1534 3541 nisi
1574 3492 1740 3543 certo
1780 3480 1994 3542 ordine
2038 3480 2184 3543 olim
2220 3482 2463 3543 admissi
2504 3492 2640 3542 sunt
2655 3528 2669 3552 ,
2714 3500 3019 3559 argumen.
3065 3482 3372 3545 verborum

441 3576 480 3620 1.
532 3557 668 3621 Cor.
711 3575 766 3638 5.
809 3577 886 3623 11.
926 3580 1042 3621 non
1080 3564 1226 3621 enim
1263 3562 1513 3621 habetur
1549 3565 1628 3638 μή
1666 3564 1774 3623 sed
1801 3558 1946 3638 μηδὲ
1990 3566 2364 3640 συνεσθίειν,
2402 3562 2607 3639 confer
2646 3581 2773 3621 cum
2822 3582 2871 3621 1.
2918 3561 3053 3624 Cor.
3101 3580 3191 3622 10.
3236 3577 3331 3636 27.

528 3659 622 3701 ιο.
702 3642 815 3701 Per
873 3651 1179 3701 externam
1242 3650 1441 3702 autem
1497 3642 1651 3702 hanc
1705 3639 2404 3701 Excommunicationem
2466 3641 2705 3720 proprie
2745 3640 3232 3720 impoenitentem
3294 3641 3373 3701 ab

447 3717 676 3781 interna
715 3720 1142 3782 communione
1183 3739 1306 3781 non
1347 3732 1580 3799 separat
1621 3721 2059 3797 Presbyterium
2072 3766 2089 3798 ,
2126 3721 2233 3783 sed
2253 3731 2585 3800 separatum
2628 3742 2756 3783 esse
2777 3722 3065 3798 declarat,
3104 3729 3169 3781 vt
3187 3719 3375 3798 qualis

445 3810 535 3861 est
578 3819 784 3860 coram
824 3801 959 3861 Deo
999 3800 1132 3861 talis
1172 3800 1350 3861 etiam
1385 3801 1672 3861 habeatur
1712 3820 1920 3861 coram
1961 3800 2231 3862 Ecclesia
2271 3800 2381 3878 (sic
2420 3800 2481 3862 in
2520 3804 2597 3862 V.
2638 3804 2713 3863 T.
2755 3801 3035 3863 sacerdos
3046 3802 3371 3879 leprosum,

440 3898 620 3957 quem
679 3878 1012 3953 iudicabat,
1073 3898 1196 3941 non
1245 3879 1412 3957 lepra
1471 3880 1800 3959 inficiebat,
1861 3881 1969 3941 sed
2034 3880 2323 3943 infectum
2364 3900 2495 3942 esse
2534 3880 2989 3960 pronunciabat)
3032 3880 3173 3941 hinc
3214 3884 3375 3941 recte

441 3958 791 4021 Scholastici
855 3959 1098 4037 quidam
1116 4005 1133 4038 ,
1186 3971 1310 4039 per
1368 3962 2031 4021 Excommunicationem
2095 3982 2209 4021 non
2269 3960 2633 4038 auferuntur
2688 3962 2837 4022 bona
2878 3962 3237 4041 spiritualia,
3280 3964 3387 4021 sed

441 4042 639 4101 ablata
697 4058 818 4099 esse
859 4042 1268 4099 declarantur:
1311 4041 1578 4100 Ecclesia
1631 4062 1746 4100 non
1789 4043 2159 4118 damnificat,
2201 4042 2309 4099 sed
2341 4043 2587 4101 ostendit
2624 4043 3087 4119 damnificatum.
3128 4040 3384 4101 Gabriel

447 4121 586 4179 Biel
622 4121 700 4179 ὁ·
739 4122 1162 4181 Bonauentura
1201 4122 1261 4178 in
1303 4128 1536 4181 sentent.
1575 4122 1674 4181 lib.
1719 4142 1774 4195 4.
1816 4122 1944 4179 dist.
2006 4124 2095 4180 18.
2135 4140 2231 4197 qu.
2279 4140 2333 4181 2.
2374 4138 2514 4181 nam
2555 4120 2841 4181 iudicium
2887 4118 3377 4181 Ecclesiasticum

448 4198 593 4259 nihil
637 4208 729 4259 est
770 4198 955 4271 aliud,
995 4202 1176 4276 quam
1213 4186 1608 4278 promulgatio
1649 4200 1708 4258 in
1753 4201 1918 4260 terris
1961 4198 2285 4260 sententiae
2320 4199 2381 4259 in
2424 4200 2607 4261 coelis
2648 4200 2946 4280 decretae,
2992 4199 3159 4261 cuius
3182 4200 3376 4261 thesin

445 4278 848 4339 subministrat
893 4278 1006 4340 Dei
1050 4280 1327 4355 verbum,
1368 4280 1726 4356 hypothesin
1765 4290 1966 4340 autem
2008 4298 2099 4339 res
2140 4279 2269 4357 ipsa
2311 4281 2647 4343 confirmat.

529 4376 549 4417 1
565 4375 603 4418 1.
688 4358 988 4434 Quocirca
1029 4358 1586 4421 Excommunicatio
1629 4370 1869 4422 externa
1910 4377 2035 4421 non
2076 4370 2166 4420 est
2204 4360 2443 4421 brutum
2482 4361 2731 4440 fulmen,
2776 4361 2885 4421 sed
2920 4361 2980 4421 in
3014 4362 3186 4422 coelo
3226 4375 3375 4435 quo·

3259 4455 3377 4516 que
