3923 4875
602 333 714 392 174
1530 329 1857 374 THESES
1919 325 2565 372 THEOLOGICAR.

677 508 733 568 5.
816 489 1154 550 Voluntatis
1194 498 1392 550 autern
1434 489 1744 551 arbitrium
1784 490 1976 567 (quod
2017 488 2238 548 Graeci
2278 491 2666 568 προαιρέσεως
2686 487 2926 548 nomine
2945 489 2984 546 a
3003 486 3288 564 superiori
3307 489 3514 550 distin-

596 574 768 650 gunt)
807 581 896 630 est
937 569 1141 630 itidem
1185 580 1377 648 actuS,
1421 587 1544 647 quo
1587 571 1861 632 voluntas
1901 588 1996 630 res
2035 569 2113 628 ab
2152 567 2452 629 intellectu
2491 566 2771 629 discretas
2803 571 2860 628 &
2879 565 3252 648 diiudicatas,
3285 569 3517 648 sibique

600 651 866 712 obiectas
882 697 898 728 ,
940 661 1039 710 aut
1078 648 1242 726 eligit
1282 649 1511 710 ratione
1554 648 1730 728 boni,
1772 659 1873 710 aut
1916 647 2188 726 repudiat
2227 645 2453 708 ratione
2493 647 2650 708 mali.

677 733 735 790 6.
815 731 962 790 Idee
1022 740 1221 790 autem
1284 728 1623 791 huiusmodi
1680 729 1891 791 electio
1950 736 2201 790 vocatur
2259 725 2614 806 Arbitrium3
2677 728 2838 804 qued
2897 727 2973 787 sit
3017 727 3187 803 quasi
3225 730 3514 790 sententia

598 809 889 888 quaedam
908 856 924 882 ,
964 813 1019 870 δι
1058 808 1343 870 iudicium
1388 810 1660 871 Vltimum
1702 807 2054 888 voluntatis3
2097 809 2274 868 Vnde
2313 807 2488 869 etiam
2529 809 2709 885 vulge
2749 806 3002 867 dicimus
3035 807 3154 867 hoc
3174 811 3268 868 vel
3287 810 3434 871 illud
3453 811 3514 870 in

596 901 803 952 nostro
846 889 1092 951 arbitrio
1133 909 1262 950 esse
1278 935 1293 964 ,
1334 891 1454 951 hoc
1496 901 1585 952 est
1624 890 1687 951 in
1726 889 1933 950 nostra
1973 887 2265 948 electione
2302 889 2358 948 δι
2401 897 2707 966 potestate.

678 989 729 1047 7.
813 972 987 1030 Haec
1048 969 1158 1029 tria
1210 980 1347 1030 sunt
1388 970 1707 1048 praecipua
1745 968 1968 1045 arbitrii
2011 967 2368 1046 significata,
2409 984 2664 1044 quorum
2705 977 3072 1045 postremum
3111 979 3177 1027 vt
3212 967 3510 1048 vsitatius,

596 1055 649 1112 δι
708 1049 1017 1130 proposito
1080 1061 1285 1111 nostro
1346 1050 1533 1129 magis
1590 1049 2112 1111 accommodatum
2129 1094 2146 1126 ,
2208 1047 2438 1109 omissis
2499 1046 2736 1124 reliquis
2751 1093 2768 1126 ,
2809 1047 2870 1106 in
2909 1048 3024 1106 hac
3063 1049 3242 1108 causa
3285 1052 3510 1110 tantum

596 1130 976 1191 admittimus,

674 1215 731 1270 8.
812 1210 1081 1270 Libertas
1141 1220 1339 1271 autem
1400 1213 1605 1288 (quarn
1663 1209 1970 1289 proprium
2024 1207 2148 1268 eius
2187 1207 2534 1268 attributum
2577 1226 2705 1268 esse
2745 1205 3026 1284 diximus)
3067 1207 3126 1266 in
3167 1228 3384 1286 genere
3398 1255 3416 1288 ,
3455 1211 3512 1270 &

597 1295 849 1351 καθόλου
890 1299 1149 1368 sumpta,
1192 1289 1251 1349 in
1292 1292 1399 1350 has
1438 1292 1587 1350 duas
1626 1291 1851 1350 Tbesoe
1892 1293 1928 1348 a
1967 1287 2292 1367 Theologis
2333 1287 2648 1366 diuiditur,
2699 1286 2759 1346 in
2798 1286 3129 1347 libertatem
3170 1288 3396 1348 scilicet
3435 1289 3511 1351 ab

594 1369 958 1447 obligatione
998 1374 1201 1446 (quam
1241 1369 1337 1445 alij
1378 1370 1711 1432 libertatem
1750 1370 2166 1431 adiunctorum
2181 1413 2200 1446 ,
2239 1385 2344 1429 seu
2381 1367 2717 1428 mediorum
2758 1369 3001 1440 vocant)
3021 1371 3074 1426 &
3097 1367 3156 1426 in
3178 1367 3512 1430 libertatem

596 1453 633 1508 a
694 1449 1069 1511 necessitate:
1126 1467 1374 1528 quarum
1415 1452 1565 1511 haec
1602 1453 1968 1511 voluntatem
2008 1449 2070 1508 in
2111 1469 2207 1526 se,
2245 1447 2344 1507 illa
2383 1457 2656 1526 euentuS,
2696 1451 2752 1507 δι
2791 1446 3215 1523 consequentia
3253 1448 3511 1526 respicit.

674 1551 728 1604 9.
810 1529 1174 1590 Libertatem
1214 1533 1293 1590 ab
1335 1530 1726 1608 obligatione,
1768 1529 1894 1590 siue
1932 1533 1973 1590 a
2011 1540 2177 1607 parte
2197 1527 2611 1588 adiunctorum
2628 1543 2944 1604 vocamuS,
2979 1528 3308 1588 secundum
3330 1546 3510 1606 quam

595 1610 814 1669 volenti
870 1622 956 1670 est
1010 1609 1266 1670 liberum
1304 1609 1596 1688 quidlibet
1635 1628 1811 1688 agere
1851 1608 2098 1687 proprio
2136 1608 2452 1686 arbitratu,
2493 1617 2594 1666 aut
2635 1618 2832 1685 motu,
2871 1609 3196 1667 secundum
3237 1609 3510 1669 ordinem

596 1700 837 1750 naturae
880 1708 1021 1750 suae
1062 1701 1517 1768 congruentem,
1564 1692 1790 1768 absque
1807 1689 1927 1750 vna
1944 1687 2347 1768 prohibitione
2362 1733 2381 1764 ,
2409 1698 2512 1748 aut
2530 1687 2956 1764 impedimento
2977 1687 3118 1748 foris
3138 1687 3511 1749 adueniente.

679 1789 769 1830 10.
852 1769 1021 1845 Quae
1061 1780 1259 1830 autem
1300 1773 1338 1828 a
1373 1769 1723 1830 necessitate
1763 1768 1979 1830 dicitur
2016 1767 2286 1847 libertas,
2329 1769 2550 1845 duplex
2587 1765 2883 1847 statuitur,
2918 1785 3028 1844 pro
3064 1766 3288 1846 duplici
3309 1787 3508 1829 neces-

596 1847 781 1909 sitatis
840 1849 1052 1909 modo:
1108 1851 1204 1909 vel
1242 1848 1401 1910 enim
1439 1848 1692 1929 simplici
1730 1849 2029 1911 coactioni
2042 1894 2060 1928 ,
2095 1851 2194 1909 vel
2236 1845 2567 1909 necessitati
2603 1846 2841 1925 proprie
2883 1847 3076 1907 dictae
3118 1850 3253 1924 (sub
3297 1847 3417 1925 qua
3455 1853 3509 1909 δι

596 1928 725 2006 ipsa
761 1928 995 1989 coactio
1038 1928 1472 2006 comprehendi
1511 1930 1685 2004 solet)
1726 1927 2072 2008 opponitur.

685 2029 708 2066 1
723 2027 774 2068 1.
852 2007 1069 2068 Libera
1106 2012 1145 2068 a
1186 2007 1439 2086 simplici
1480 2009 1791 2070 coactione
1828 2009 1929 2068 illa
1969 2020 2129 2086 sunt,
2162 2024 2315 2085 quae
2335 2006 2566 2068 tametsi
2584 2005 2920 2068 necessarie
2951 2007 3118 2085 fiant,
3151 2027 3264 2068 nec
3284 2005 3511 2084 possint

592 2106 719 2149 non
779 2087 935 2168 fieri,
995 2089 1321 2149 voluntarie
1380 2101 1579 2150 tamen
1638 2094 1694 2150 δι
1756 2091 2041 2155 ἑκουσίας
2085 2091 2261 2149 fiunt:
2303 2107 2377 2149 eo
2416 2086 2702 2148 libertatis
2744 2105 2960 2164 genere
2998 2088 3271 2147 voluntas
3309 2099 3512 2148 nostra

590 2169 777 2228 libera
819 2170 1116 2230 censenda
1158 2181 1244 2231 est
1284 2167 1444 2230 circa
1475 2171 1621 2230 fines
1660 2186 1769 2247 per
1808 2187 1871 2228 se
1911 2178 2124 2248 notOS,
2167 2171 2222 2229 &
2262 2168 2484 2228 bonos:
2524 2167 2655 2228 illos
2696 2166 2856 2228 enim
2894 2165 3080 2226 libere
3118 2165 3374 2245 appetit,
3403 2167 3510 2227 sed

592 2247 674 2308 ita
714 2257 914 2308 tamen
953 2247 1140 2311 libere
1154 2295 1171 2329 ,
1213 2261 1274 2310 vt
1315 2268 1440 2310 non
1480 2248 1667 2328 possit
1706 2266 1831 2310 non
1870 2259 2173 2326 appetere.
2209 2246 2396 2309 Verbi
2435 2247 2623 2324 gratia
2637 2293 2656 2328 ,
2695 2245 2775 2308 ita
2814 2245 3014 2307 felices
3054 2265 3182 2307 esse
3213 2248 3506 2326 volumus,

594 2339 656 2388 vt
696 2326 957 2388 infelices
999 2348 1127 2390 esse
1164 2330 1330 2390 nullo
1372 2329 1557 2391 modo
1598 2331 1751 2390 velle
1790 2327 2105 2406 possimus·

678 2427 767 2469 12.
850 2410 960 2469 Illa
995 2413 1138 2470 vero
1176 2412 1215 2469 a
1252 2408 1600 2472 necessitate
1637 2405 1875 2488 proprie
1904 2406 2064 2469 dicta
2085 2407 2271 2469 libera
2289 2406 2593 2485 dicuntur,
2623 2425 2775 2486 quae
2794 2425 2906 2486 pro
2927 2405 3169 2467 arbitrio
3191 2421 3507 2485 possumus

592 2490 768 2566 velle,
813 2491 1003 2567 nolle,
1044 2509 1171 2551 non
1210 2491 1369 2551 nolle
1382 2536 1399 2569 ,
1444 2509 1569 2551 non
1606 2492 1759 2551 velle
1773 2535 1791 2568 ,
1830 2490 2136 2550 voluntate
2173 2488 2378 2551 nostra
2391 2532 2410 2567 ,
2454 2487 2618 2548 nulla
2647 2487 2706 2548 vi
2728 2486 3084 2549 necessitatis
3100 2532 3117 2567 ,
3150 2504 3346 2564 neque
3365 2506 3506 2547 con—

594 2568 895 2646 sequentis
908 2615 926 2648 ,
982 2587 1179 2647 neque
1228 2570 1688 2647 consequentiae
1729 2573 1932 2647 (quam
1973 2568 2326 2647 principium
2365 2569 2550 2627 vllum
2565 2612 2584 2647 ,
2623 2567 2750 2629 siue
2791 2566 3084 2627 internum
3097 2612 3116 2645 ,
3155 2566 3282 2627 siue
3321 2577 3512 2627 exter-

594 2666 767 2727 num,
809 2660 911 2709 aut
943 2667 1121 2710 causa
1151 2648 1505 2727 importarit)
1540 2648 1881 2728 praepedita
1896 2694 1913 2726 ,
1935 2648 2042 2709 sed
2061 2651 2141 2710 ad
2161 2669 2235 2709 ea
2253 2651 2412 2709 mere
2433 2666 2498 2708 se
2519 2649 2776 2708 habente
2796 2646 3210 2724 contingenter
3229 2648 3286 2705 &
3304 2646 3512 2708 libere.

681 2747 771 2805 13.
850 2732 1182 2805 Vtrumque
1222 2730 1341 2789 hoc
1380 2729 1665 2791 libertatis
1705 2746 1892 2807 genus
1906 2774 1924 2807 ,
1963 2730 2129 2807 quod
2171 2726 2430 2807 generali
2469 2728 2713 2788 nomine
2751 2731 2788 2788 a
2825 2726 3171 2787 necessitate
3191 2726 3508 2818 appellaui-

594 2826 726 2869 mus
740 2854 757 2887 ,
800 2810 1090 2873 voluntati
1126 2807 1402 2870 tribuitur
1439 2808 1773 2901 analogice,
1815 2828 1925 2887 pro
1964 2808 2307 2870 conditione
2327 2806 2728 2869 subiectorum
2750 2806 3103 2886 volentium,
3136 2810 3509 2869 obiectorum

594 2906 746 2965 quae
786 2890 1057 2949 volumus
1074 2934 1091 2969 ,
1134 2890 1191 2947 &
1230 2889 1822 2950 circumstantiarum.

680 2988 769 3041 14.
851 2968 1127 3029 Subiecta
1188 2969 1631 3031 considerantur
1690 2968 1926 3030 duobus
1986 2968 2207 3029 modis:
2269 2967 2332 3027 in
2393 2986 2485 3046 se,
2545 2971 2600 3029 &
2661 2978 2726 3027 vt
2784 2964 3127 3028 relationem
3167 2968 3390 3027 habent
3430 2967 3510 3028 ad

594 3047 929 3108 obiectum:
970 3048 1032 3108 in
1072 3067 1135 3108 se
1176 3048 1547 3109 considerata
1584 3052 1621 3108 a
1661 3048 1973 3109 coactione
2013 3048 2142 3109 sola
2181 3047 2368 3109 libera
2407 3058 2544 3107 sunt
2557 3092 2575 3121 ,
2615 3065 2741 3108 non
2777 3050 2816 3107 a
2855 3045 3235 3107 necessitate:
3297 3046 3512 3106 Libere

593 3126 751 3186 enim
766 3172 783 3204 ,
844 3130 899 3188 δι
960 3127 1190 3189 interno
1249 3146 1359 3189 suo
1398 3127 1693 3208 principio
1734 3130 1971 3207 volunt,
2013 3129 2119 3190 sed
2159 3126 2494 3189 necessarie
2509 3172 2526 3206 ,
2567 3128 2750 3204 quue
2789 3128 3016 3187 ratione
3055 3136 3299 3186 naturae
3339 3144 3511 3203 suae,

592 3208 921 3266 secundum
980 3224 1159 3284 quam
1218 3210 1367 3269 haec
1406 3208 1592 3269 libera
1630 3207 1873 3269 volendi
1912 3206 2230 3269 necessitas
2270 3206 2382 3268 illis
2419 3205 2773 3286 imponitur:
2825 3206 2884 3266 in
2924 3206 3210 3267 relatione
3248 3211 3390 3267 vere
3432 3206 3511 3265 ad

594 3284 894 3346 obiectum
954 3286 1005 3347 si
1065 3298 1435 3367 spectentur,
1475 3288 1621 3350 illud
1662 3306 1785 3348 non
1827 3289 2038 3349 eodem
2079 3287 2360 3349 libertatis
2399 3304 2618 3365 genere
2660 3286 2888 3365 singula
2928 3284 3262 3366 respiciunt.
3323 3285 3514 3346 Aliter

594 3362 753 3424 enim
794 3366 870 3425 ad
909 3365 1056 3427 boni
1095 3366 1447 3429 electionem
1488 3388 1550 3427 se
1588 3368 1771 3428 habet
1808 3370 2001 3445 DeuS,
2044 3366 2213 3427 aliter
2252 3378 2572 3428 creaturae.

679 3461 768 3522 15.
851 3446 1241 3507 Obiectorum
1303 3447 1417 3507 alia
1477 3457 1613 3507 sunt
1671 3447 2062 3508 determinata
2122 3447 2202 3507 ad
2260 3464 2442 3507 vnum
2459 3492 2476 3525 ,
2537 3457 2748 3507 natura
2786 3446 2920 3519 sua,
2964 3457 3026 3507 vt
3066 3455 3203 3505 sunt
3242 3446 3388 3505 fines
3427 3444 3512 3505 illi

574 3526 889 3585 naturales
903 3570 921 3603 ,
980 3530 1035 3587 &
1094 3544 1200 3603 per
1260 3546 1324 3587 se
1382 3527 1511 3587 noti
1562 3527 1662 3603 (de
1700 3526 1915 3604 quibus
1957 3528 2138 3588 Thes.
2186 3547 2211 3586 1
2226 3530 2300 3603 1.)
2362 3525 2498 3586 Alia
2534 3525 3000 3587 indeterminata.
3041 3525 3081 3587 i.
3121 3527 3208 3600 (vt
3247 3523 3511 3602 loquitur

592 3604 997 3666 Nazianzenus
1037 3608 1099 3665 in
1138 3608 1533 3682 Apologctico)
1574 3626 1778 3685 parem
1818 3608 1897 3667 ad
1940 3616 2258 3684 Vtrumque
2297 3616 2527 3668 motum
2569 3605 2847 3667 habentia
2861 3650 2880 3683 ,
2920 3604 3116 3682 qualia
3153 3614 3290 3664 sunt
3308 3602 3512 3665 omnia

592 3684 822 3764 media,
863 3687 918 3744 &
958 3684 1201 3762 quidam
1241 3685 1418 3747 etiam
1459 3688 1605 3747 fines
1646 3685 2048 3766 subordinati,
2090 3688 2147 3747 δι
2187 3684 2502 3765 incogniti:
2546 3685 2644 3746 illa
2676 3684 3048 3747 coactionem
3069 3694 3297 3745 tantum
3315 3686 3511 3745 exclu-

592 3764 743 3825 dunt
758 3811 775 3842 ,
814 3767 963 3827 haec
1004 3764 1417 3826 omnimodam
1456 3766 1889 3828 necessitatem.

683 3846 771 3905 16.
852 3846 945 3905 Ex
1004 3844 1459 3907 circumstantiis
1508 3849 1677 3917 vere,
1725 3862 1879 3922 quae
1917 3846 2116 3907 variae
2157 3857 2292 3906 sunt
2333 3848 2388 3906 &
2428 3844 2809 3924 multipliceS,
2850 3846 3199 3923 plerumque
3239 3842 3512 3904 incidunt

595 3940 806 3985 causae
820 3970 837 4003 ,
877 3942 1126 4001 quarum
1168 3935 1525 4003 superuentu
1566 3934 1823 3985 mutauit
1866 3925 2184 3987 voluntatis
2220 3926 2454 3987 modus.
2500 3925 2636 3985 Alia
2675 3936 2765 3987 est
2805 3924 2962 3985 enim
3004 3924 3129 3984 eius
3170 3922 3410 3984 libertas
3451 3922 3513 3983 in

592 4001 835 4065 homine
874 4015 1078 4066 renato
1093 4049 1111 4084 ,
1154 4008 1333 4082 quam
1374 4005 1433 4065 in
1476 4024 1600 4067 non
1639 4016 1878 4066 renato:
1924 4007 1980 4065 δι
2019 4005 2134 4067 alia
2173 4016 2300 4065 erat
2337 4004 2398 4065 in
2438 4006 2676 4065 Adamo
2697 4006 2758 4066 in
2781 4015 2935 4065 statu
2953 4015 3196 4064 naturae
3217 4003 3480 4081 integrae
3495 4050 3512 4083 ,

596 4084 775 4157 quam
814 4083 922 4144 fuit
960 4095 1095 4161 post
1134 4087 1395 4164 lapsum,
1437 4094 1735 4163 quamque
1774 4087 1970 4146 futura
2011 4095 2101 4147 est
2141 4085 2201 4145 in
2247 4085 2422 4145 nobis
2460 4084 2520 4144 in
2561 4094 2714 4146 statu
2755 4084 3009 4163 gloriae,
3049 4094 3114 4143 vt
3164 4083 3225 4142 in
3257 4102 3513 4161 sequen-

594 4160 753 4219 tibus
789 4162 970 4223 fusius
1009 4164 1454 4226 declarabimus.

683 4257 774 4315 17.
853 4242 967 4302 His
1006 4242 1211 4320 positis
1226 4289 1241 4318 ,
1283 4244 1519 4305 libertas
1560 4244 1782 4320 arbitrij
1821 4264 1946 4307 non
1987 4244 2368 4306 incommode
2397 4243 2614 4323 poterit
2639 4243 2864 4305 definiri
2878 4288 2895 4321 ,
2925 4243 3171 4303 facultas
3193 4241 3510 4303 voluntatis

596 4317 881 4380 discretae
920 4325 957 4381 a
994 4322 1342 4384 necessitate
1380 4324 1594 4403 libera,
1638 4324 1757 4401 qua
1796 4336 2008 4386 natura
2045 4324 2375 4404 intelligens
2390 4370 2408 4403 ,
2449 4344 2522 4385 ex
2560 4324 2630 4384 iis
2669 4341 2822 4400 quae
2842 4325 2921 4384 ab
2943 4322 3245 4383 intellectu
3266 4322 3510 4383 demon-

3217 4412 3478 4463 strantur
3493 4444 3514 4481 ,
