3923 4875
1411 392 1818 436 rnxncrscr
1866 391 2079 446 Jumr
2135 395 2341 437 νιΤΑ.
3257 395 3330 456 33

419 557 607 616 herba
645 553 869 613 virente
908 561 1136 630 pastus.
1179 553 1241 612 in
1274 552 1597 630 Campania
1617 554 1893 632 congelui
1913 555 2163 631 frigore:
2185 554 2245 613 in
2265 553 2648 632 Lotharingia
2669 565 2902 632 ereptus
2923 573 3136 633 equuS,
3159 575 3332 634 quem

418 655 527 714 per
566 632 809 694 militem
849 631 1126 691 curabam
1167 632 1308 692 duci
1345 651 1421 692 ne
1458 632 1876 694 discalceatum
1917 634 2134 694 diutius
2176 636 2567 694 offenderem.
2610 635 2812 694 omnia
2855 635 3054 712 deniq.
3091 636 3334 696 circum-

419 724 708 775 uenerunt
749 731 843 772 me
882 711 1283 772 incommoda.
1325 713 1701 790 Quapropter
1738 715 1988 806 omnino
2027 715 2447 774 constitueram
2483 734 2554 773 ex
2584 714 2788 774 castris
2823 717 3140 794 excedere,
3162 719 3216 775 &
3237 736 3333 776 1110

416 813 718 872 quocunq.
757 792 1023 884 periculo
1063 791 1126 851 in
1167 792 1549 852 Germaniam
1592 793 1911 872 proripere.
1956 794 2076 854 Sed
2110 803 2415 871 parantem
2435 794 2659 854 abitum
2684 793 2933 855 detinuit
2951 796 3332 855 Aurasiorum

416 875 731 952 Ρ11110οΡ5,
770 883 835 931 vt
876 871 991 932 sibi
1029 875 1067 930 a
1107 871 1499 932 concionibus
1538 891 1756 932 essem:
1802 873 2124 952 perinuitus
2163 873 2425 949 substiti,
2466 874 2707 934 donec
2691 893 2751 934 ιιι
2790 875 3170 934 Germaniam
3193 894 3329 934 curn

416 953 605 1032 copiis
654 918 1032 1044 appulissem.
1089 954 1413 1013 Reuersum
1454 954 1841 1030 Argentinam
1876 953 2132 1032 benigne
2169 953 2400 1030 excepit
2441 973 2536 1012 me
2578 953 2922 1014 Elizabetha
2964 957 3040 1015 de
3080 957 3328 1014 Merode

414 1035 595 1094 vidua
654 1030 905 1093 Baronis
969 1031 1309 1110 Malbergij,
1362 1033 1419 1090 &
1456 1050 1608 1110 quae
1642 1032 1785 1092 mihi
1826 1053 1976 1111 opus
2014 1047 2180 1095 erant
2221 1033 2412 1093 curari
2453 1033 2638 1093 voluit
2680 1034 3148 1112 diligentissime.
3192 1055 3330 1094 nam

412 1116 733 1174 exhaustus
791 1114 848 1172 81
906 1111 1101 1172 nudus
1148 1131 1448 1172 veneram.
1510 1112 1629 1172 Sed
1666 1113 1831 1173 nolui
1869 1112 2034 1173 abuti
2072 1114 2222 1174 1111115
2265 1113 2650 1190 benignitate:
2695 1113 2836 1192 quin
2877 1113 3072 1193 potius
3115 1115 3217 1175 vbi
3257 1134 3330 1174 ex

416 1192 789 1255 sermonibus
846 1191 1001 1251 illius
1061 1191 1433 1252 difficultates
1494 1191 1717 1269 aliquas
1771 1192 2138 1265 didicissem,
2193 1193 2252 1252 in
2307 1211 2452 1285 quas
2490 1194 2758 1254 Ecclesia
2799 1193 3252 1256 Scoenouiensis
3294 1197 3330 1252 a

414 1293 551 1334 meo
592 1273 855 1334 discessu
894 1270 1209 1350 inciderat,
1247 1271 1310 1332 in
1347 1270 1503 1330 viam
1541 1271 1737 1332 statim
1780 1291 1875 1332 me
1914 1272 2144 1332 conieci
2182 1275 2364 1349 vitro,
2407 1272 2719 1333 insalutato
2759 1275 3146 1336 Aurasiorum
3169 1273 3330 1333 Prin-

414 1353 549 1430 cipe
598 1359 764 1428 (natn
816 1352 896 1411 ad
944 1315 1328 1428 Bipontinum
1366 1353 1673 1412 Tabernas
1708 1362 2017 1411 montanas
2057 1351 2262 1428 iuerat)
2305 1363 2366 1411 vt
2402 1353 2692 1414 laboranti
2733 1353 2816 1413 illi
2857 1354 3158 1414 Ecclesiae
3199 1371 3327 1415 suc-

416 1451 731 1492 currerem.
793 1429 960 1491 Fecit
1008 1430 1259 1510 gratiam
1316 1429 1401 1490 illi
1452 1431 1755 1491 Ecclesiae
1794 1433 1986 1505 Deus,
2028 1443 2091 1491 vt
2131 1431 2288 1491 rixae
2329 1432 2817 1509 conquiescerent
2855 1434 3112 1494 aduentu
3154 1452 3294 1493 meo
3310 1479 3328 1511 ,

414 1529 567 1590 quae
624 1529 843 1588 corpus
898 1510 1043 1570 illud
1096 1531 1194 1570 me
1232 1510 1476 1571 absente
1516 1511 1941 1571 cruciauerant.
2003 1513 2158 1571 Tum
2198 1514 2277 1572 ab
2317 1513 2593 1572 Electore
2631 1513 2939 1590 aliquoties
2979 1514 3328 1584 accersituS,

416 1591 634 1652 reuerti
698 1591 909 1651 iubeor
968 1591 1045 1650 ad
1094 1590 1481 1651 Aurasiorum
1542 1590 1903 1668 Principem·
1884 1635 1906 1682 2
1965 1609 2077 1651 nec
2132 1591 2447 1652 audiuntur
2509 1592 2915 1652 excusationes
2973 1612 3170 1670 meae,
3231 1603 3332 1652 aut

418 1669 848 1762 querimoniae.
886 1669 1199 1748 Prospexit
1240 1673 1434 1748 Deus,
1476 1675 1688 1746 meque
1720 1672 2087 1730 areuisendo
2111 1673 2273 1731 bello
2295 1672 2612 1731 excusauit.
2653 1673 2805 1730 Nam
2827 1691 3008 1749 quum
3030 1675 3330 1750 postremo

413 1750 494 1811 ad
552 1750 888 1828 Principem
944 1761 1322 1810 excusaturus
1364 1749 1697 1810 Scoenouia
1732 1768 2135 1828 accurrerem,
2175 1751 2339 1810 canis
2381 1751 2524 1810 mihi
2565 1750 2819 1828 grauiter
2858 1751 3155 1812 admordit
3194 1752 3331 1812 dex·

419 1843 616 1892 terum
666 1831 914 1912 pedem,
967 1848 1090 1890 non
1138 1831 1350 1908 procul
1390 1831 1466 1889 ab
1502 1829 1995 1907 Heidelbergensi
2035 1841 2235 1907 ponte.
2278 1831 2375 1890 Sic
2415 1851 2510 1890 me
2550 1833 2713 1891 Deus
2757 1831 2855 1889 ille
2896 1833 3066 1892 Pater
3105 1832 3330 1908 sapien-

417 1909 706 2002 tissimuS,
760 1920 991 1987 praeter
1052 1910 1391 1986 opinionem
1453 1909 1753 1986 omnium,
1808 1913 1863 1970 81
1912 1909 2197 1998 Principis
2249 1910 2402 1970 illius
2444 1910 2652 1988 optimi
2693 1913 3090 1988 voluntatem,
3129 1911 3326 1970 Palati·

424 1990 584 2050 natui
644 1991 724 2050 ad
779 2007 999 2048 annum
1056 2006 1241 2066 vsque
1309 2005 1481 2067 1592.
1532 1989 1873 2049 vindicauit.
1932 1993 2004 2050 In
2045 2008 2117 2049 eo
2159 1990 2414 2067 primum
2455 1991 2960 2051 Scoenouiensem
3006 1990 3329 2051 Ecclesiam

418 2069 599 2131 docui
640 2070 721 2129 ad
760 2087 979 2128 annum
1015 2087 1205 2160 vsque
1245 2071 1755 2131 cIo.1:›.1.xxn1.
1820 2071 1959 2146 Quo
2003 2087 2194 2148 ann0,
2235 2089 2307 2130 ex
2347 2069 2694 2130 auctoritate
2725 2069 3006 2131 Friderici
3040 2069 3330 2130 Electoris

420 2148 888 2226 Heidelbergam
950 2147 1222 2226 migraui,
1278 2167 1416 2208 curn
1460 2150 1536 2208 D.
1575 2150 1939 2210 Immanuele
1981 2149 2301 2209 Tremellio
2343 2167 2616 2210 versurus
2656 2152 3104 2210 Testamentum
3146 2161 3332 2210 vetuS.

416 2233 596 2291 Anno
635 2232 759 2291 cIo.
766 2231 832 2290 Io
873 2245 1265 2288 Lxxvr11.me
1307 2229 1541 2306 excepit
1576 2230 2027 2307 Neostathmus,
2068 2228 2171 2290 vbi
2211 2230 2268 2288 &
2303 2228 2362 2288 in
2384 2231 2781 2289 Lambertano
2805 2229 2986 2290 docui
3007 2231 3084 2289 ad
3105 2247 3336 2290 menses

417 2307 886 2388 quatuordecim.
946 2309 1094 2369 Inde
1150 2309 1577 2401 Otterburgum
1636 2311 1917 2369 mandato
1973 2307 2256 2386 Principis
2311 2310 2614 2401 ablegatus
2655 2310 2730 2368 ad
2770 2328 2992 2369 nouam
3033 2310 3334 2370 coloniam

416 2407 491 2451 00
550 2389 613 2449 111
666 2391 805 2449 1000
846 2387 1249 2467 statuendam,
1302 2388 1606 2451 Ecclesiae
1646 2389 2095 2468 Otterburgcnsi
2133 2387 2412 2450 inseruiui
2454 2407 2675 2449 annum
2715 2389 3178 2466 sesquialterum.
3241 2393 3332 2450 In-

418 2478 596 2530 eunte
647 2468 814 2529 Maio
864 2469 1317 2530 Neostathmum
1376 2470 1458 2529 ad
1513 2470 1941 2547 professionem
1998 2480 2308 2531 reuocatus
2358 2468 2417 2528 in
2468 2468 2686 2529 Schola
2737 2469 2946 2549 docui,
3001 2471 3196 2530 donec
3237 2488 3334 2529 me

418 2548 715 2609 Palatinus
774 2548 993 2609 Comes
1046 2548 1303 2609 Ioannes
1361 2548 1681 2609 Casimirus
1736 2552 1925 2609 Tutor
1982 2550 2039 2609 81
2079 2548 2540 2611 Administrator
2582 2515 2946 2609 Electoralis
2973 2548 3334 2609 Palatinatus

420 2638 728 2689 euocasset
786 2627 1281 2719 Heidelbergam,
1339 2638 1404 2688 vt
1460 2646 1703 2719 operam
1760 2630 1963 2690 darem
2001 2628 2392 2689 Academiae.
2433 2630 2492 2689 in
2537 2647 2608 2688 ea
2648 2628 2928 2705 statione,
2970 2647 3148 2706 quam
3191 2627 3335 2688 mihi

420 2708 713 2768 Dominus
752 2707 1153 2786 commiserat,
1195 2708 1520 2786 permansi,
1554 2708 1749 2769 donec
1790 2709 2134 2770 reuisendae
2177 2709 2403 2769 Galliae
2444 2707 2797 2768 obiiceretur
2833 2709 2977 2768 mihi
2995 2708 3334 2769 necessitas,

420 2789 573 2847 Eam
614 2788 796 2847 Ducis
836 2786 1089 2880 Bullonij
1131 2788 1419 2848 aduentus
1456 2788 1681 2848 5111111ι.
1722 2790 1826 2867 qui
1864 2790 2050 2867 gratia
2087 2790 2144 2848 81
2181 2788 2532 2848 auctoritate
2569 2788 2760 2848 effecit
2799 2798 2862 2847 vt
2889 2806 3092 2848 secum
3115 2787 3174 2847 in
3198 2788 3336 2847 Gal-

419 2868 561 2927 liam
599 2868 927 2928 abducerer
966 2867 1369 2927 inuitissimus:
1413 2868 1551 2944 quia
1591 2870 1647 2928 81
1690 2880 1927 2929 10001110
1969 2868 2380 2927 dilectissimae
2422 2868 2617 2927 vxoris
2662 2866 2860 2945 obitu,
2897 2870 2954 2927 81
2987 2866 3334 2927 valetudine

420 2947 703 3025 aduersa,
745 2947 802 3005 81
842 2946 1163 3007 liberorum
1204 2949 1587 3024 paruulorum
1628 2965 1802 3026 cura,
1862 2948 1917 3007 &
1958 2967 2125 3007 meae
2163 2946 2430 3007 stationis
2473 2946 2868 3023 publicaeque
2908 2932 3337 3006 aedificationis

423 3026 619 3087 studio
676 3030 881 3105 (quam
940 3026 1092 3086 inter
1148 3045 1314 3085 arma
1375 3026 1593 3104 negligi
1651 3044 1779 3087 sum
1832 3039 2106 3105 expertus
2145 3026 2390 3104 iamdiu)
2441 3026 2740 3085 afficiebar
2781 3026 3143 3103 plurimums
3137 3025 3340 3085 ·Inuisi

420 3118 653 3183 tamen,
723 3108 780 3167 81
840 3106 1089 3167 salutaui
1145 3109 1409 3183 Regem,
1470 3108 1871 3198 mandatoque
1943 3107 2066 3167 eius
2128 3124 2314 3183 quum
2370 3107 2433 3165 in
2495 3105 2876 3165 Germaniam
2933 3104 3338 3182 reuertissem,

424 3185 832 3277 acquiescente
882 3186 1154 3263 Principe
1170 3232 1187 3264 ,
1226 3186 1589 3246 Academiae
1628 3187 2002 3263 renunciaui,
2043 3189 2100 3247 &
2139 3186 2290 3245 cessi
2329 3185 2686 3261 Palatinatu,
2727 3185 2914 3244 altera
2952 3184 3142 3262 patria
3183 3203 3341 3244 mea:

421 3267 519 3325 cui
580 3276 643 3324 vt
691 3266 916 3356 optime
956 3266 1169 3343 cupi0,
1208 3266 1289 3325 ita
1328 3266 1505 3325 faciat
1544 3266 1839 3357 Dominus
1881 3231 2124 3343 optime.
2166 3266 2542 3325 Profecturus
2597 3264 2675 3323 ad
2716 3267 2945 3342 Regem
2984 3264 3095 3324 iter
3140 3265 3341 3324 facere

425 3344 629 3422 Belgio
671 3346 1116 3423 constitueram,
1158 3345 1389 3406 duabus
1430 3346 1506 3405 de
1547 3345 1763 3406 0511515.
1819 3356 1947 3405 tum
1989 3345 2128 3422 quia
2167 3363 2261 3406 res
2293 3345 2616 3405 liberorum
2656 3344 2738 3403 ita
2777 3344 3195 3421 postulabant,
3215 3354 3342 3402 tum

428 3425 566 3501 quia
606 3425 821 3484 certior
861 3426 915 3483 81
960 3425 1333 3485 commodior
1372 3443 1499 3485 esse
1539 3426 1632 3485 via
1676 3424 1818 3485 mihi
1858 3424 2201 3501 videbatur,
2241 3433 2342 3484 aut
2381 3422 2726 3484 transeundi
2759 3424 2836 3483 ad
2871 3427 3128 3503 Regem,
3147 3433 3248 3482 aut
3270 3422 3345 3481 de

424 3506 729 3565 voluntate
762 3504 914 3563 illius
952 3505 1387 3581 quamprimtim
1426 3504 1848 3582 cognoscendi.
1892 3506 2033 3565 Post
2073 3523 2334 3564 mensem
2364 3503 2565 3581 itaque
2586 3506 2768 3579 quam
2789 3504 3188 3581 Heidelberga
3210 3520 3346 3579 pro-

428 3584 617 3643 fectus
655 3602 847 3654 eram,
885 3584 1245 3661 Lugdunum
1285 3586 1643 3644 Batauorum
1686 3601 1825 3643 cum
1865 3584 2083 3644 familia
2122 3584 2257 3644 veni
2297 3584 2392 3643 die
2437 3603 2530 3643 20.
2571 3582 2733 3658 Iulij,
2767 3585 2822 3643 81
2863 3583 3116 3659 benigne
3160 3586 3198 3640 a
3219 3582 3342 3639 Ma-

428 3662 702 3741 gistratu,
757 3664 1114 3741 Academia,
1166 3674 1345 3741 atque
1402 3664 1621 3739 amicis
1660 3675 1939 3741 acceptus
1981 3682 2132 3723 sum.
2193 3663 2568 3741 Rogantibus
2607 3672 2806 3723 autem
2841 3662 2982 3739 11115,
3021 3672 3086 3721 vt
3127 3662 3344 3739 pedem

430 3740 529 3801 hic
567 3744 811 3821 figerem
850 3750 1211 3819 operamque
1252 3762 1443 3803 meam
1484 3722 1843 3804 Academiae
1878 3742 2238 3803 addicerem.
2281 3742 2464 3819 Quod
2505 3760 2600 3801 res
2640 3751 2766 3801 erat
2805 3741 3116 3834 respondi.
3155 3759 3252 3799 me
3273 3758 3346 3799 ex

428 3822 747 3883 Germania
785 3821 1119 3882 discessisse
1160 3823 1440 3883 mandato
1484 3824 1697 3902 Regis,
1738 3825 1795 3884 81
1838 3822 2226 3883 transeundi
2212 3842 2270 3881 111
2305 3823 2559 3882 Galliam
2581 3820 2778 3881 animo
2796 3820 2976 3899 ,quia
2998 3821 3082 3881 sic
3102 3820 3162 3879 in
3183 3838 3346 3878 man·

430 3901 581 3961 datis
624 3910 804 3962 05501.
847 3902 1063 3978 gratias
1106 3920 1199 3961 me
1238 3920 1412 3980 agere
1454 3902 1529 3961 de
1570 3904 1800 3964 honore
1832 3920 2013 3980 quem
2049 3901 2193 3963 mihi
2213 3900 2524 3979 aliquoties
2546 3904 2680 3960 ante
2704 3900 3052 3977 habuerint,
3075 3901 3129 3959 81
3148 3900 3347 3959 5(111110

428 3982 714 4041 habeant:
772 3992 1077 4073 oportere,
1113 4001 1190 4042 ne
1232 3982 1374 4059 quid
1416 3991 1625 4041 contra
1662 3984 2034 4043 honestatem
2077 3982 2459 4059 officiumque
2499 3983 2788 4052 facerem,
2831 3991 2969 4040 ante
3009 4000 3082 4040 ex
3121 3982 3349 4056 Legato

426 4060 609 4139 Regis
647 4062 749 4138 qui
788 4062 849 4121 in
889 4060 979 4121 1115
1020 4061 1281 4137 partibus
1320 4071 1581 4122 versatur
1624 4062 1914 4135 ediscere,
1956 4061 2152 4139 siquid
2190 4064 2342 4121 forte
2381 4060 2443 4119 in
2487 4059 2776 4119 mandatis
2816 4063 2853 4118 a
2891 4064 3058 4137 Rege
3097 4060 3348 4118 haberet

430 4140 507 4199 de
568 4158 693 4220 me3
749 4143 806 4201 81
846 4140 894 4201 51
934 4140 1077 4200 nihil
1117 4142 1393 4213 haberet,
1434 4140 1713 4201 iudicium
1752 4140 1933 4232 ipsius
1973 4141 2050 4201 de
2090 4140 2268 4201 rebus
2311 4140 2456 4200 meis
2496 4157 2878 4217 cognoscere.
2939 4139 3352 4199 Probauerunt

425 4237 668 4299 omnes,
710 4222 767 4281 81
806 4237 947 4280 cum
988 4222 1212 4298 Legato
1247 4230 1497 4311 egerunt
1532 4220 1610 4281 de
1647 4220 2046 4298 postulatione
2088 4240 2226 4298 sua,
2270 4220 2530 4297 itemque
2571 4238 2684 4311 ego
2727 4219 2802 4277 de
2833 4220 3038 4278 officio
3063 4237 3216 4277 meo.
3257 4219 3349 4276 Ita

428 4266 937 4360 consen’tientibus
974 4300 1211 4359 illorum
1250 4298 1519 4360 omnium
1548 4298 1775 4361 iudiciis
1810 4299 2075 4360 substiti
2061 4320 2120 4359 m
2140 4302 2256 4359 hac
2275 4298 2658 4377 Lugdunensi
2678 4299 3034 4357 Academia.
3057 4298 3153 4357 cui
3175 4299 3351 4356 bene-

432 4379 593 4439 dicat
633 4378 961 4449 Dominus,
1002 4381 1059 4439 81
1100 4378 1242 4438 mihi
1280 4395 1390 4456 pro
1429 4379 1592 4438 tenui
1632 4381 1907 4440 facultate
1948 4400 2080 4440 mea
2122 4378 2456 4440 commodis
2495 4375 2748 4457 publicis
2785 4377 2846 4435 in
2888 4396 2956 4436 ea
2996 4375 3292 4513 5011ιί11311ιὶι
3332 4464 3356 4511 t

1877 4475 1908 4536 5
3202 4472 3267 4513 es
3295 4472 3330 4511 a
