3923 4875
1366 317 1697 363 ‘russas
1757 317 2413 366 ιιιιιοιοσιοᾼε.
3229 314 3340 390 283

419 484 596 546 nobis
614 481 897 564 terrenis,
921 480 1285 543 terrestrium
1306 482 1789 558 caducarumque
1808 499 2006 543 rerum
2027 482 2226 562 specie
2261 484 2318 544 in
2351 486 2536 546 verbo
2558 502 2667 546 suo
2687 487 3096 566 adumbrauit,
3117 487 3359 549 Gloriae

420 567 477 624 δι
515 563 671 626 vitae
715 583 1037 642 coronam,
1077 561 1503 654 haereditatem
1550 561 2092 655 incorruptibilem,
2135 563 2329 624 sinum
2371 564 2728 644 Abrahami,
2773 577 3070 628 aeternam
3113 570 3358 628 salutem

419 645 854 736 nuncupando,
895 662 1050 721 quae
1099 641 1389 720 imprimis
1431 641 1709 703 omnibus
1748 643 1936 702 beatis
1980 641 2042 703 in
2082 663 2299 722 genere
2339 646 2672 706 communis
2712 647 2821 706 erit
2857 667 2928 707 ac
2969 667 3076 726 per
3107 669 3170 708 se
3201 651 3358 709 suffi-

420 724 612 802 ciens,
668 727 969 787 honorum
1025 734 1227 784 tamen
1274 723 1741 814 dignitatumque
1782 723 2078 800 quantitas
2117 743 2190 784 ac
2229 725 2479 802 qualitas
2521 725 2581 786 in
2621 725 2750 804 ipsa
2789 726 3091 800 differens,
3135 727 3358 820 dispari

425 805 703 866 omnibus
764 806 1018 882 decore,
1079 813 1312 866 seruata
1362 802 1751 880 proportione
1804 821 1907 864 seu
1956 803 2183 865 ratione
2222 823 2342 881 qua
2381 805 2765 884 inaequaliter
2803 809 2966 868 Deus
3004 807 3251 887 gratiam
3295 809 3355 870 in

418 886 539 945 hoc
590 897 861 962 tempore
921 883 1123 945 electis
1180 883 1301 944 suis
1349 883 1499 944 iuste
1551 883 1793 962 singulis
1832 883 2196 962 gratificatus
2237 897 2354 965 est,
2396 890 2517 963 quo
2559 887 2704 947 olim
2747 888 2910 948 bona
2960 905 3066 948 sua
3100 888 3352 967 gratuita

422 965 601 1026 etiam
655 965 829 1026 simul
881 963 945 1025 in
984 963 1333 1042 corporibus
1372 963 1637 1042 ipsorum
1679 977 1947 1026 coronet.
1989 967 2186 1025 Iacob.
2238 985 2288 1028 1.
2337 986 2426 1026 12.
2476 987 2523 1024 1.
2566 969 2694 1028 Pet.
2737 983 2792 1045 5.
2835 987 2892 1041 4.
2941 989 2990 1028 1.
3029 971 3154 1028 Pet.
3205 989 3252 1028 1.
3298 985 3352 1048 5.

424 1047 566 1108 Luc.
615 1048 703 1106 16.
750 1066 845 1106 22.
892 1065 941 1105 1.
997 1045 1166 1106 Thes.
1212 1063 1266 1105 2.
1314 1063 1405 1122 19.
1452 1043 1658 1104 Matth.
1715 1064 1805 1122 19.
1852 1048 1945 1104 28.
1984 1046 2153 1105 Dan.
2203 1065 2293 1106 12.
2336 1066 2394 1124 3.

496 1128 555 1187 6.
632 1128 826 1204 Agere
868 1125 1133 1204 ipsorum
1172 1135 1263 1186 est
1302 1143 1514 1186 vacare
1554 1123 1669 1184 Dei
1707 1124 2010 1185 laudibus.
1999 1125 2316 1203 curisque
2349 1125 2631 1186 edacibus
2651 1139 2958 1219 exemptos
2979 1128 3341 1220 reliquorum

420 1217 759 1266 sanctorum
818 1206 998 1266 finem
1052 1209 1107 1266 &
1169 1223 1493 1297 corporum
1542 1221 1785 1265 suorum
1840 1205 2363 1296 resurrectionem,
2413 1227 2486 1268 ac
2527 1207 2782 1298 denique
2823 1207 2883 1267 in
2925 1207 3350 1286 perfectissimo

422 1285 715 1347 felicitatis
777 1286 1020 1364 gaudio:
1086 1304 1222 1346 nam
1285 1285 1456 1346 sicuti
1498 1287 1735 1363 postea,
1781 1286 1948 1362 quod
1988 1285 2106 1345 iam
2148 1281 2442 1348 caducum
2483 1285 2593 1346 fuit
2631 1305 2882 1366 corpus,
2923 1289 3122 1350 denuo
3163 1289 3352 1348 incor-

418 1365 694 1444 ruptibile
728 1365 1179 1444 assumendum,
1218 1365 1407 1442 (quod
1454 1365 1693 1425 tandem
1736 1366 1839 1426 διαὶ
1880 1388 1982 1440 της
2022 1369 2135 1426 τῶν
2175 1366 2561 1457 ἐλπιζομένων
2603 1369 2943 1436 ὖποςᾶσεως
2962 1370 3092 1429 fore
3113 1367 3348 1444 vident,

422 1463 575 1523 quae
604 1446 762 1538 ipsis
802 1457 925 1507 tam
965 1455 1187 1506 certam
1229 1465 1301 1506 ac
1341 1444 1649 1505 indubiam
1690 1447 1918 1505 futurae
1958 1445 2044 1504 rei
2084 1446 2343 1524 speciem
2384 1446 2552 1524 quasi
2591 1465 2733 1539 prae
2767 1465 2828 1507 se
2849 1449 2964 1508 sert
2986 1453 3164 1527 quam
3184 1449 3348 1540 quod

420 1525 563 1604 ipsis
601 1525 1125 1604 inpraesentiarum
1166 1537 1255 1586 est
1294 1524 1712 1600 certissimum)
1752 1528 1919 1586 nullo
1960 1545 2034 1584 ex
2072 1536 2252 1603 pacto
2293 1525 2561 1604 grauabit
2603 1525 2856 1586 animam
2873 1573 2890 1606 ,
2931 1528 3018 1589 sic
3057 1549 3168 1590 nec
3203 1528 3348 1588 eius-

420 1605 561 1667 dem
620 1606 919 1676 absentia
979 1605 1317 1667 felicitatem
1381 1606 1564 1684 ipsius
1611 1606 1729 1665 vlla
1778 1625 1851 1665 ex
1906 1618 2110 1686 parte,
2148 1607 2225 1667 ad
2265 1605 2412 1666 illud
2449 1606 2890 1668 resurrectionis
2929 1619 3193 1687 tempuS,
3235 1609 3349 1669 Dei

422 1685 825 1766 ordinatione,
868 1685 1193 1747 imminuet.

502 1784 555 1842 7.
638 1768 777 1843 Quo
819 1767 881 1828 in
920 1768 1071 1858 loco·
1098 1767 1348 1844 degant,
1387 1777 1705 1858 postquam
1746 1783 1965 1843 corpus
2005 1763 2306 1827 viuificare
2335 1766 2626 1829 dissoluto
2649 1767 2895 1828 actualis
2916 1768 3348 1829 coniunctionis

421 1865 577 1907 nexu
620 1849 933 1908 beatorum
975 1845 1207 1908 animae
1249 1844 1620 1907 desinerunt:
1662 1845 1813 1906 inter
1857 1864 2066 1906 omnes
2105 1865 2230 1906 non
2271 1848 2570 1909 conuenit.
2611 1849 2936 1909 secundum
2974 1849 3150 1909 situm
3191 1849 3344 1926 ipsas

420 1926 646 2004 seiungi
707 1947 830 1988 non
889 1946 1021 1988 esse
1079 1945 1321 1988 necesse
1363 1937 1573 2005 putant
1613 1925 1987 2004 Philosophi,
2029 1943 2214 2002 quum
2253 1929 2580 1988 secundum
2621 1927 2782 2005 ipsos
2823 1929 2881 1989 in
2925 1948 3180 2007 corpore
3219 1947 3344 1989 esse

419 2007 689 2066 desinant
726 2007 1176 2087 informatione.
1229 2025 1339 2067 nos
1378 2023 1518 2067 cum
1558 2007 1856 2099 Apostolo
1900 2005 1965 2066 ἐν
2006 2013 2122 2072 τοῖς
2160 2006 2548 2086 ἐπουρανίοις.
2589 2008 2628 2068 i.
2669 2009 2732 2066 ἐν
2779 2011 2856 2088 τῶ
2885 2011 3220 2100 παραδρὶσφ
3263 2009 3340 2068 ad

420 2086 657 2147 tertium
711 2088 942 2148 caelum
992 2087 1164 2148 euehi
1204 2085 1485 2164 dicimuS,
1530 2086 1692 2164 (licet
1732 2084 2142 2146 Mathematici
2179 2089 2374 2164 plures
2414 2099 2751 2168 numerent,
2791 2067 3160 2166 Theologice
3201 2093 3344 2150 vero

418 2186 493 2228 ac
532 2185 657 2227 ιιοιι
691 2167 1103 2258 philosophice
1142 2166 1396 2259 agimus)
1437 2167 1538 2228 vbi
1582 2165 1762 2244 capiti
1799 2183 1909 2226 suo
1950 2165 2190 2226 Christo
2230 2165 2538 2227 indiuiduo
2580 2187 2768 2244 nexu,
2809 2170 3080 2228 membra
3121 2167 3342 2230 scilicet

421 2246 689 2325 corporis
728 2247 1032 2309 Ecclesiae
1071 2245 1291 2326 quod
1274 2267 1334 2308 ιιι
1376 2247 1553 2309 caelis
1591 2259 1681 2308 est
1722 2246 2064 2308 adhaerent.
2113 2248 2496 2324 Praeparatus
2534 2251 2679 2308 vero
2719 2250 2888 2309 locus
2928 2247 3170 2310 cuilibet
3209 2269 3342 2327 pro·

420 2327 579 2407 prius
620 2327 1061 2406 Metaphysicus
1100 2337 1204 2389 est.

502 2411 559 2469 8.
637 2410 1071 2470 Damnatorum
1130 2406 1397 2469 conditio
1458 2425 1531 2468 ex
1582 2407 1891 2500 opposito,
1943 2407 2223 2469 nimirum
2273 2423 2410 2467 cum
2455 2408 2778 2468 electorum
2821 2417 2976 2468 statu
3016 2407 3128 2469 rite
3167 2429 3240 2469 ex
3281 2409 3340 2470 S.

422 2489 719 2567 Scriptura
772 2488 1084 2569 colligitur.
1146 2488 1454 2567 Siquidem
1504 2499 1569 2549 vt
1606 2489 1669 2549 hi
1709 2487 1904 2549 omnis
1944 2486 2324 2549 beatitudinis
2365 2490 2422 2547 δι
2463 2490 2766 2549 aeternum
2811 2488 3123 2549 duraturae
3161 2489 3340 2549 felici-

420 2568 555 2630 tatis
610 2569 925 2648 gaudium,
984 2570 1159 2647 quale
1210 2588 1337 2630 non
1386 2568 1695 2629 hominum
1751 2568 2016 2647 percepit
2065 2587 2200 2647 cor,
2253 2568 2370 2629 iam
2412 2587 2485 2628 ex
2525 2568 2916 2661 promissione
2954 2568 3068 2628 Dei
3111 2568 3342 2647 adepti,

420 2648 503 2709 illi
560 2649 692 2710 vice
751 2648 923 2711 versa
979 2648 1292 2711 horrendis
1347 2647 1489 2711 diris
1541 2660 1721 2726 atque
1760 2650 2038 2709 omnibus
2079 2647 2435 2709 cruciatibus
2475 2648 2756 2740 expositi,
2798 2652 3088 2725 perpetuo
3130 2648 3346 2708 summi

416 2728 565 2790 boni
603 2729 962 2808 priuatione,
1002 2728 1293 2791 miseria
1275 2729 1561 2808 imprimis
1601 2730 1715 2789 hac
1753 2728 2033 2790 omnibus
2065 2728 2370 2789 communi
2389 2727 2755 2806 afficiuntur,
2777 2736 3009 2806 proque
3029 2726 3342 2789 iustissima

418 2810 535 2870 Dei
570 2809 787 2871 iustitia
825 2810 1029 2871 debita
1067 2808 1387 2886 vnicuique
1425 2828 1533 2887 per
1570 2808 1894 2870 indebitam
1935 2808 2182 2901 gratiam
2222 2828 2347 2869 non
2367 2811 2628 2887 saluato,
2649 2808 2859 2886 poenis
2879 2807 3344 2868 indesinentibus

420 2900 794 2966 exercentur,
853 2894 1234 2967 veterumque
1273 2891 1566 2951 malorum
1606 2890 1875 2967 pendunt
1925 2888 2245 2981 supplicia,
2295 2888 2378 2948 ita
2415 2900 2478 2950 vt
2519 2887 2750 2950 miseria
2791 2888 3054 2967 ipsorum
3092 2886 3207 2949 alia
3246 2889 3338 2948 vel

416 2970 593 3031 aliam
632 2980 899 3062 superet,
936 2971 1031 3031 vel
1068 2968 1307 3033 inferior
1346 2980 1447 3029 aut
1482 2971 1815 3046 adaequata
1853 2968 1928 3031 sit
1966 2968 2233 3030 miseriae
2271 2968 2525 3029 alterius

500 3071 557 3127 9.
637 3050 1003 3111 M1serrimus
1059 3050 1157 3112 ille
1217 3059 1427 3129 statuS,
1480 3048 1696 3110 rationi
1752 3049 2002 3111 iustitiae
2051 3048 2166 3109 Dei
2217 3050 2570 3127 respondet,
2611 3049 2672 3109 in
2711 3066 2831 3125 quo
2875 3068 3005 3140 pro
3022 3048 3341 3126 temporeis

420 3130 680 3221 delictis,
719 3151 793 3190 ac
830 3128 1430 3209 praeuaricationibus
1469 3150 1665 3207 poena
1707 3128 1953 3207 quisque
1995 3129 2308 3189 damnatur
2347 3128 2616 3190 aeterna:
2658 3148 2874 3206 nempe
2905 3126 3045 3205 quia
3063 3130 3343 3189 aduersus

415 3210 533 3270 Dei
594 3210 959 3271 maiestatem
1020 3210 1348 3302 voluntarie
1400 3208 1784 3289 impegerint,
1832 3209 1998 3269 cuius
2037 3210 2136 3270 hic
2176 3208 2355 3269 etiam
2396 3210 2459 3269 in
2492 3207 2660 3269 terris
2703 3208 3176 3269 manifestissima
3216 3212 3342 3269 sese

421 3290 589 3382 signa
626 3300 891 3351 exerunt.
931 3309 1054 3351 non
1093 3289 1251 3350 enim
1290 3292 1507 3351 horum
1548 3300 1857 3367 peccatum
1897 3308 2081 3349 vnum
2123 3300 2242 3369 est,
2284 3289 2448 3366 quod
2490 3308 2600 3367 pro
2621 3287 2851 3367 peccati
2870 3288 3200 3380 celeritate,
3219 3299 3340 3347 tam

421 3369 631 3449 exigua
681 3370 1008 3431 vindicetur
1061 3372 1322 3452 morula,
1363 3380 1583 3462 quanta
1620 3369 2081 3448 deprehenditur
2121 3379 2534 3449 perpetratum.
2573 3368 2853 3430 Subditus
2892 3367 3154 3446 quisquis
3183 3334 3346 3446 capi·

422 3452 601 3543 talem
639 3470 859 3511 noxam
898 3453 1053 3511 clam
1092 3418 1333 3511 molitus
1373 3449 1577 3527 fuerit,
1621 3459 1869 3512 conatus
1910 3450 2000 3511 sui
2039 3450 2350 3511 conuictus
2389 3460 2581 3510 morte
2621 3448 2925 3527 plectitur,
2960 3465 3114 3526 quae
3147 3448 3340 3525 ipsum

425 3529 485 3590 ιιι
524 3530 943 3609 sempiternum
983 3534 1021 3591 a
1062 3530 1343 3592 societate
1390 3530 1712 3593 viuentium
1752 3531 1957 3590 aufert.
1999 3532 2041 3590 l.
2087 3546 2140 3609 5.
2182 3531 2252 3591 C.
2294 3532 2382 3589 ad
2403 3532 2621 3590 Iuliam
2650 3532 2868 3589 mai.est
2908 3494 3170 3589 Poenam
3191 3529 3346 3588 hanc

423 3612 667 3685 Paulus,
713 3632 765 3671 2.
816 3612 988 3671 Thes.
1036 3630 1085 3670 1.
1128 3631 1183 3687 9.
1228 3610 1467 3701 ὄλεθρον
1506 3610 1774 3687 αἰώνιον,
1813 3610 2028 3687 expelli
2067 3614 2106 3670 a
2145 3610 2294 3670 facie
2333 3608 2613 3689 Domini,
2658 3610 2782 3669 siue
2820 3612 2857 3669 a
2896 3618 3204 3686 praesente
3223 3609 3346 3668 Do·

422 3690 583 3751 mino
632 3690 918 3751 damnari.
986 3710 1039 3753 ι.
1080 3690 1311 3752 excludi
1361 3695 1398 3749 a
1436 3689 1687 3769 sanctiS,
1735 3690 2089 3768 Christoque
2142 3708 2388 3751 exosum
2427 3709 2584 3751 esse:
2596 3654 2797 3765 quod
2836 3690 3066 3748 tantum
3105 3706 3176 3747 ex
3217 3706 3344 3748 sese

420 3782 661 3849 generat
700 3770 1025 3832 cruciatum
1064 3791 1137 3831 ac
1176 3772 1473 3848 dolorem,
1520 3779 1585 3830 vt
1624 3770 1670 3831 si
1712 3768 1846 3830 illos
1885 3772 2049 3831 nulla
2088 3770 2448 3831 extrinsecus
2483 3788 2676 3848 poena
2696 3780 3031 3859 torqueret,
3051 3769 3199 3828 haec
3219 3770 3346 3827 sola

422 3852 731 3913 sufficeret.
798 3852 1010 3945 Neque
1070 3850 1229 3913 enim
1288 3853 1482 3911 solum
1534 3850 1596 3910 in
1652 3850 1800 3911 boni
1850 3850 2063 3911 summi
2103 3850 2432 3929 priuatione
2477 3861 2647 3929 sunt,
2689 3850 2794 3909 sed
2835 3848 2896 3908 in
2939 3814 3078 3907 mali
3117 3851 3347 3907 summe

420 3932 701 3991 horrendi
742 3932 1067 4011 positione,
1106 3950 1322 4010 nempe
1360 3930 1749 4010 implacabilis
1786 3930 1905 3991 irae
1949 3931 2185 3992 diuinae
2225 3950 2335 4009 pro
2377 3930 2578 3991 delicti
2617 3896 2845 3990 ratione
2881 3929 3312 3989 efferuescentis
3329 3973 3346 4005 ,

422 4030 495 4072 ac
547 4011 607 4072 ιιι
649 4012 1071 4090 sempiternum
1112 4012 1425 4073 duraturae
1464 4029 1669 4091 sensu,
1708 4028 1861 4089 quae
1902 4011 2140 4089 quidem
2184 4030 2293 4103 pro
2332 4009 2832 4101 consequentibus
2869 4008 3144 4069 dicuntur
3181 4010 3348 4069 Mors

422 4093 491 4169 (f.
539 4096 714 4171 1747)
756 4104 1021 4185 aeterna,
1066 4090 1510 4171 acerbissimus,
1551 4092 1873 4171 cruciatus,
1913 4094 2126 4152 horror
2142 4089 2523 4171 ,ignominia.
2566 4092 2622 4151 S.
2646 4088 2944 4168 Scriptura
2965 4088 3142 4149 etiam
3163 4088 3350 4147 nomi·

422 4182 525 4233 nat
568 4174 921 4235 Gehennam
966 4172 1151 4253 ignis»,
1191 4172 1503 4235 stridorem
1550 4172 1844 4251 dentium,
1884 4173 2142 4233 Mortem
2187 4170 2529 4233 secundam.
2569 4174 2726 4231 sesa.
2767 4172 2859 4249 56.
2907 4190 2999 4243 24.
3039 4170 3326 4230 Matthss

432 4273 522 4315 12.
570 4252 731 4315 Mar.
774 4275 831 4329 4.
874 4273 969 4330 43.
1008 4256 1257 4334 Apocal.
1302 4274 1396 4316 21.
1438 4256 1494 4314 8.

524 4354 614 4396 10.
697 4334 997 4411 Quamdiu
1048 4344 1245 4396 autem
1285 4344 1667 4413 vtrorumque
1707 4342 1890 4395 status
1931 4335 2243 4395 duraturus
2283 4330 2385 4412 sit,
2427 4330 2564 4393 satis
2603 4330 2809 4393 innuit.
2849 4330 3074 4393 Matth.
3119 4349 3144 4388 1
3153 4348 3230 4469 ΞΠ
3249 4348 3350 4406 3²·

3222 4430 3346 4469 arc.
