3923 4875
504 323 615 392 184
1440 335 1768 380 ‘rursus
1828 335 2471 380 rnaonocrcan.

500 491 787 630 sapientis?
826 491 1161 554 hominibus
1200 492 1479 574 traditae,
1520 514 1631 573 pro
1673 495 1900 556 ratione
1930 494 2338 574 oppositarum
2357 495 2614 556 hominis
2635 493 3075 572 conditionum,
3104 493 3168 553 in
3187 495 3410 554 eodem

496 575 684 634 verbo
776 583 798 632 t
838 573 1080 633 mentio.

580 672 637 728 3.
716 651 884 712 Prior
944 664 1033 713 est
1090 653 1303 712 foedus
1348 657 1386 712 a
1426 656 1559 715 Deo
1600 657 1769 716 Patre
1808 653 1869 714 in
1908 654 2036 715 filio
2076 653 2424 715 delectionis
2464 671 2606 714 suae
2647 672 2784 714 cum
2825 652 3029 731 primis
3065 653 3412 730 parentibus

499 730 742 810 nostris,
784 731 845 792 in
884 733 1061 792 horto
1100 731 1404 811 HedeniS,
1444 734 1683 814 initum3
1725 753 1847 812 quo
1883 733 2062 795 vitam
2081 736 2584 812 supernaturalem
2603 733 2952 811 promittens
2967 778 2986 811 ,
3019 751 3126 792 eos
3145 730 3408 792 vicissim

495 811 575 872 ad
636 811 727 873 sui
784 812 1009 871 cultum
1023 857 1042 891 ,
1101 813 1519 894 reuerentiam,
1579 817 1635 874 δι
1692 813 2047 892 obsequium
2107 815 2513 892 obstr-ingebat
2529 859 2546 894 ,
2603 813 2778 874 minis
2838 810 3046 874 mortis
3103 811 3410 890 vti-Iusque

498 889 777 952 adhibitis
818 891 867 952 si
910 908 1081 952 secus
1123 895 1403 961 facerent.

577 992 633 1046 4.
712 974 941 1032 Foedus
998 971 1123 1032 siue
1184 982 1425 1050 pactum
1483 973 1733 1034 dicimus
1746 1019 1764 1052 ,
1823 992 1946 1034 non
1999 973 2240 1052 propria
2291 974 2392 1034 illa
2429 972 2852 1052 significatione
2891 989 3010 1050 qua
3049 991 3159 1050 pro
3201 981 3411 1030 mutuo

502 1061 807 1112 contractu
846 1051 903 1110 δε
942 1051 1191 1112 duarum
1230 1052 1481 1131 partium
1520 1053 1907 1133 dispositione
1943 1053 2221 1134 sumitur;
2261 1055 2442 1130 (Nam
2479 1052 2770 1114 eiusmodi
2789 1054 2996 1113 foedus
3029 1051 3160 1130 in(f.
3188 1053 3412 1126 1661.)-

501 1145 591 1192 ter
629 1143 855 1210 partes,
895 1149 1279 1208 personarum
1318 1136 1374 1193 &
1412 1133 1551 1193 iuris
1591 1135 2004 1212 aequalitatem
2045 1135 2344 1210 quandam
2387 1132 2806 1212 praesupponit
2819 1177 2836 1212 ,
2871 1149 3022 1208 quae
3041 1131 3194 1192 inter
3210 1133 3412 1191 Deum

504 1213 561 1271 &
600 1221 927 1272 creaturam
965 1229 1268 1289 nunquam
1310 1231 1437 1274 esse
1476 1219 1717 1292 potest.)
1758 1215 1877 1275 Sed
1917 1234 1992 1274 eo
2035 1231 2210 1274 sensu
2250 1231 2625 1292 vsurpamus,
2647 1231 2769 1290 quo
2791 1211 2961 1272 vnius
2979 1213 3208 1272 tanturn
3229 1209 3412 1288 partis

501 1291 809 1368 dispositio
852 1290 1195 1372 denotatur3
1258 1303 1351 1370 vt,
1400 1311 1537 1353 cum
1576 1295 1739 1354 bello
1777 1295 1915 1355 Liu.
1954 1295 2052 1353 lib.
2101 1313 2158 1367 4.
2199 1295 2328 1352 bell.
2365 1296 2602 1354 Maced.
2641 1292 2809 1353 victis
2848 1290 3187 1351 indicuntur
3224 1293 3408 1368 leges.

502 1373 657 1430 Nam
695 1370 965 1448 quamuis
1001 1373 1167 1432 Deus
1203 1371 1326 1432 iure
1365 1372 1732 1434 sanctissimo
1747 1419 1765 1452 ,
1796 1392 1919 1433 non
1956 1372 2018 1433 vi
2056 1384 2159 1433 aut
2195 1372 2403 1452 armis3
2443 1391 2581 1433 suos
2621 1371 2945 1450 possideat3
2988 1371 3050 1430 in
3089 1390 3164 1432 eo
3209 1381 3408 1430 tamen

502 1451 811 1530 conuenit,
853 1451 1017 1528 quod
1055 1461 1121 1511 vt
1157 1451 1413 1513 victores
1453 1453 1647 1532 victiS,
1688 1454 1774 1514 sic
1812 1451 1990 1512 etiam
2029 1463 2220 1513 certas
2261 1453 2380 1514 suis
2419 1452 2627 1513 indicit
2667 1455 2844 1530 leges,

582 1546 636 1608 5.
719 1532 1099 1609 Quapropter
1118 1541 1409 1592 auctorem
1430 1532 1734 1593 statuimus
1751 1534 1947 1593 Deum
1969 1534 2161 1594 solum
2176 1577 2195 1610 ,
2237 1533 2366 1609 qui,
2406 1531 2570 1593 mera
2606 1534 2908 1592 voluntate
2939 1547 3074 1602 sua,
3106 1533 3144 1588 a
3163 1531 3326 1589 nulla
3343 1549 3410 1590 re

500 1621 693 1687 mota,
754 1610 961 1670 ioedus
1018 1610 1164 1671 illud
1224 1629 1361 1672 cum
1420 1613 1661 1673 homine
1716 1611 1940 1690 pepigit
1999 1611 2619 1673 conuenientissimum
2671 1613 2750 1671 ad
2801 1629 2938 1672 eum
2975 1615 3011 1670 ὲ
3051 1620 3262 1670 natura
3298 1627 3407 1669 sua

498 1690 888 1752 euchendum.
949 1691 1071 1751 Sed
1126 1691 1236 1750 etsi
1294 1692 1437 1752 illud
1494 1693 1848 1753 beneficium
1906 1691 2233 1770 singulare,
2291 1692 2366 1752 sit
2419 1692 2533 1753 Dei
2581 1690 2798 1770 Patris,
2850 1689 3011 1770 Filij,
3056 1693 3110 1750 δι
3154 1689 3407 1766 Spiritus

498 1769 697 1830 Sancti
734 1768 1155 1849 communiter,
1192 1770 1553 1848 particularis
1590 1783 1788 1832 tamen
1820 1771 1919 1832 hic
1958 1771 2060 1848 filij
2103 1770 2254 1833 ratio
2291 1781 2409 1832 est:
2450 1782 2514 1832 vt
2550 1770 2710 1832 enim
2749 1771 3049 1832 electionis
3081 1780 3171 1830 est
3201 1769 3408 1829 vincu-

493 1851 649 1926 lum,
688 1848 775 1908 sic
813 1852 867 1908 &
906 1849 1159 1926 gratiae,
1197 1867 1349 1927 quae
1388 1851 1663 1912 electioni
1704 1851 2094 1912 substernitur
2134 1851 2600 1912 fundamentum.
2641 1853 2853 1930 Ephes.
2893 1870 2944 1909 1.
2965 1869 3023 1926 3.
3046 1851 3122 1908 ἐν
3142 1870 3198 1922 4.
3245 1850 3404 1908 Nam

496 1930 637 1988 cum
674 1927 818 1988 nihil
855 1927 917 1987 in
958 1929 1071 1988 hac
1106 1947 1285 1990 causa
1324 1932 1402 1990 ab
1438 1931 1682 1992 homine
1720 1931 2014 2011 exigatur,
2053 1931 2163 1992 nisi
2201 1931 2368 2008 quod
2405 1930 2532 1992 iure
2570 1930 2774 2009 debet,
2812 1929 3123 2008 promissio
3145 1929 3408 2006 gratuita

498 2018 589 2068 est
647 2005 932 2086 dicenda,
980 2019 1045 2068 vt
1094 2027 1171 2068 ne
1222 2008 1320 2069 hic
1368 2009 1609 2088 quidem
1648 2012 1920 2073 meritum
1959 2013 2161 2072 locum
2201 2013 2421 2072 habere
2459 2011 2672 2090 possit,
2713 2011 2820 2071 sed
2861 2027 3086 2070 merces
3127 2010 3310 2068 detur
3349 2008 3407 2066 δι

405 2111 410 2120 ·
506 2086 883 2165 promittatur
920 2107 994 2148 ex
1031 2089 1235 2167 gratia.

580 2169 636 2226 6.
715 2169 987 2228 Materia
1043 2168 1201 2229 circa
1259 2187 1467 2250 quam,
1526 2171 1651 2232 siue
1711 2170 2012 2232 obiectum
2062 2172 2281 2248 duplex
2333 2158 2449 2246 est}
2509 2171 2562 2231 I.
2612 2171 2776 2230 Deus
2815 2179 3018 2230 auctor
3059 2167 3410 2245 promittens

500 2244 681 2307 vitam
721 2247 831 2307 sub
870 2247 1215 2310 conditione
1255 2251 1447 2310 cultus
1486 2251 1592 2311 sui.
1652 2253 1727 2311 H.
1770 2254 1980 2312 Homo
2020 2250 2300 2328 stipulans
2331 2250 2576 2330 gratiam
2591 2294 2611 2330 ,
2637 2251 2693 2308 δι
2715 2248 3014 2327 spondens
3034 2247 3410 2324 obsequium.

500 2327 658 2386 Nam
702 2328 839 2386 cum
882 2347 975 2388 res
1014 2338 1287 2392 aeternae
1300 2376 1318 2408 ,
1360 2332 1562 2406 quales
1604 2332 1847 2392 foedere
1884 2340 2326 2409 proponuntur,
2365 2342 2670 2391 aeternum
2708 2329 3040 2391 subiectum
3077 2326 3378 2404 requirant
3391 2372 3408 2404 ,

499 2409 629 2469 sola
668 2407 779 2469 Dei
816 2408 1015 2487 imago
1053 2409 1206 2471 illius
1249 2429 1435 2487 capax
1476 2420 1581 2472 est.
1642 2413 1772 2473 Nec
1810 2422 2014 2471 tamen
2051 2409 2215 2471 istius
2257 2411 2509 2472 foederis
2551 2409 2792 2471 materia
2831 2421 2920 2470 est
2957 2409 3224 2468 Adamus
3264 2423 3406 2466 cum

501 2488 629 2547 Eua
642 2532 661 2565 ,
713 2488 817 2549 sed
872 2488 1227 2551 considerati
1266 2490 1326 2549 in
1364 2490 1696 2570 integritate
1734 2492 1833 2551 illa
1869 2490 2245 2569 primigenia,
2284 2490 2344 2549 in
2385 2509 2504 2569 qua
2541 2490 2910 2552 conditiones
2950 2488 3060 2548 sibi
3101 2488 3408 2565 impositas

498 2578 794 2645 praestare
855 2579 1145 2647 poterant.
1206 2570 1441 2630 Etenim
1480 2570 1578 2633 hic
1620 2572 1777 2631 valet
1812 2569 1913 2631 illa
1950 2571 2278 2649 propositio
2295 2615 2314 2649 ,
2355 2582 2615 2632 statuens
2661 2573 2859 2631 Deum
2899 2587 3020 2628 non
3063 2566 3406 2645 praecipere

498 2646 909 2729 impossibilia,
960 2666 1113 2725 quae
1164 2648 1570 2728 intempestiue
1620 2650 1931 2711 adducitur
1968 2650 2070 2711 vbi
2114 2650 2228 2711 alia
2267 2662 2359 2711 est
2399 2670 2565 2712 mens
2603 2652 2718 2711 Dei
2757 2649 3038 2727 exigentis
3077 2647 3276 2707 debita
3291 2691 3308 2725 ,
3347 2646 3406 2704 δι

502 2726 759 2788 hominis
773 2772 791 2805 ,
831 2732 869 2788 a
908 2730 1219 2789 conditore
1258 2729 1471 2809 pressi,
1513 2730 1779 2791 conditio
1819 2729 2070 2791 diuersa.

581 2824 632 2882 7.
716 2807 963 2868 Materia
999 2811 1141 2869 vero
1186 2829 1259 2869 ex
1299 2827 1448 2889 qua,
1486 2809 1546 2869 in
1587 2808 2024 2870 conditionibus
2055 2811 2308 2871 foederis
2328 2811 2648 2871 commode
2669 2811 3024 2882 collocatur-3
3047 2822 3200 2883 quae
3219 2805 3407 2865 duum

499 2897 636 2946 sunt
671 2906 975 2965 generum.
1016 2888 1275 2949 Primum
1316 2899 1406 2949 est
1443 2908 1645 2950 earum
1685 2907 1837 2966 quae
1874 2892 1912 2949 a
1946 2892 2084 2950 Deo
2125 2892 2511 2968 spondentur.
2553 2890 2820 2949 Alterum
2861 2892 3002 2949 vero
3043 2904 3245 2947 earum
3279 2885 3406 2961 qui-

496 2967 609 3026 bus
647 2967 1012 3044 praestandis
1051 2988 1178 3029 sese
1218 2969 1531 3047 obstringit
1566 2971 1779 3049 homo,
1824 2970 2126 3048 spondens
2169 2974 2328 3031 bona
2367 2989 2579 3047 opera,
2619 2972 2728 3029 &c.

582 3049 637 3105 8.
717 3049 947 3107 Forma
985 3060 1076 3110 est
1112 3048 1367 3127 partium
1408 3051 1735 3111 secundum
1776 3048 2150 3111 conditiones
2189 3048 2472 3127 obligatio
2512 3058 2743 3109 mutua:
2786 3046 2952 3107 cuius
2983 3044 3262 3106 indicium
3282 3062 3407 3103 cer-

496 3134 623 3184 tum
674 3136 763 3185 est
814 3129 1134 3189 earundem
1183 3128 1592 3190 conditionum
1647 3129 2008 3191 obseruatio:
2050 3140 2254 3208 vtpote
2292 3130 2412 3206 qua
2452 3138 2749 3206 cessante,
2789 3126 3018 3187 irritum
3055 3127 3120 3185 fit
3158 3123 3370 3184 foedus
3387 3168 3406 3201 ,

500 3205 666 3281 quod
703 3223 777 3266 ex
816 3207 1255 3271 conditionibus
1294 3208 1523 3271 initum.
3317 3281 3331 3293 .

579 3304 637 3362 9.
716 3287 889 3345 Finis
948 3288 1236 3366 generalis
1295 3288 1403 3349 fuit
1461 3289 1649 3368 gloria
1708 3289 1851 3367 Dei,
1904 3292 1942 3349 a
1995 3304 2149 3365 quo,
2191 3309 2295 3368 per
2334 3306 2542 3367 quem,
2581 3290 2637 3349 &
2676 3288 2737 3347 in
2777 3304 2956 3363 quem
2996 3292 3132 3344 sunt
3169 3300 3402 3342 omma:

494 3364 667 3424 Rom.
709 3383 734 3421 1
750 3384 798 3424 1.
842 3368 937 3441 36.
996 3367 1365 3429 Particularis
1402 3374 1547 3429 vero
1586 3368 1694 3428 fuit
1730 3368 1987 3429 hominis
2025 3370 2206 3440 salus,
2251 3379 2539 3447 quatenus
2576 3368 2724 3428 illud
2763 3367 2972 3426 foedus
3006 3366 3087 3424 ita
3118 3372 3241 3423 erat
3259 3380 3404 3421 con-

499 3443 794 3524 stitutum,
834 3456 899 3506 vt
934 3465 1041 3524 per
1080 3467 1146 3508 se
1182 3447 1439 3509 hominis
1478 3449 1705 3509 bonum
1745 3460 2064 3527 spectaret3
2083 3450 2350 3525 quamuis
2372 3447 2513 3508 vitio
2533 3446 2656 3507 eius
2673 3466 2798 3507 non
2819 3446 2989 3507 fuerit
3005 3444 3116 3523 ipsi
3135 3444 3405 3502 salutare.

582 3544 673 3584 10.
752 3526 1153 3587 Instrumenta
1191 3532 1332 3588 vero
1372 3530 1630 3605 (praeter
1666 3529 1941 3606 generale
1983 3527 2128 3589 illud
2144 3574 2161 3607 ,
2201 3531 2278 3589 de
2319 3546 2440 3607 quo
2481 3527 2633 3589 thesi
2659 3533 2734 3605 1.)
2768 3528 3002 3587 fuerunt
3021 3522 3310 3605 duplicia,
3341 3521 3404 3580 in

498 3602 823 3665 visibilibus
862 3609 1038 3667 rebus
1078 3608 1285 3684 posita.
1346 3608 1605 3668 Primum
1648 3608 1757 3668 fuit
1792 3608 1935 3686 Dei,
1969 3610 2356 3699 proponentis
2397 3609 2670 3668 arborem
2701 3609 2885 3685 vitae,
2911 3615 2978 3665 vt
3008 3601 3234 3664 homini
3253 3610 3406 3660 esset

495 3684 939 3747 Sacramentum
981 3686 1137 3747 vitae
1176 3688 1657 3767 supernaturalis,
1697 3707 1803 3766 per
1842 3688 2138 3748 Christum
2179 3688 2431 3769 ἀρχηγὸν
2475 3694 2577 3761 τῆς
2617 3691 2794 3765 ζωῆς,
2831 3682 3211 3746 obtinendae:
3251 3680 3405 3741 Gen.

496 3782 554 3839 3.
600 3784 694 3824 22.
734 3767 863 3826 Act.
905 3785 960 3842 3.
1011 3782 1102 3844 15.
1142 3770 1365 3847 Apoca.
1413 3788 1467 3828 2.
1514 3784 1604 3843 17.
1664 3770 1934 3828 Alterum
1974 3771 2116 3828 vero
2157 3770 2266 3828 fuit
2303 3768 2514 3844 pignus
2554 3766 2924 3826 obedientiae
2965 3762 3220 3823 hominis
3260 3778 3402 3837 erga

495 3845 723 3981 Igeum,
765 3846 909 3906 dum
949 3866 1023 3909 ex
1060 3846 1176 3908 Dei
1215 3846 1497 3909 mandato
1537 3846 1855 3909 abstineret
1893 3850 1972 3907 ab
2012 3866 2118 3908 esu
2159 3851 2381 3908 fructus
2424 3846 2650 3907 arboris
2690 3846 2968 3906 scientiae
3004 3842 3222 3904 boni&
3243 3839 3400 3899 mali.

565 3942 713 3983 enes.
760 3945 812 3985 2.
862 3946 887 3985 1
900 3941 953 4000 7.
1118 3990 1133 4005 ,

580 4022 670 4061 11.
752 4006 907 4065 Nam
967 4006 1235 4083 quamuis
1292 4007 1547 4068 hominis
1606 4006 1847 4085 sponsio
1899 4006 2053 4066 illius
2093 4005 2448 4068 conditionis
2487 4006 2775 4085 generalis
2817 4012 2998 4077 esset,
3039 4019 3220 4079 quam
3260 4008 3399 4058 ante

499 4082 829 4159 attulimus3
892 4096 1119 4165 tamen,
1169 4086 1229 4145 in
1282 4106 1347 4147 re
1394 4097 1516 4148 tam
1569 4087 1735 4165 parui
1776 4084 2095 4163 momenti,
2135 4088 2311 4147 fidem
2351 4090 2406 4147 δι
2438 4085 2852 4163 gratitudinem
2893 4083 3106 4161 ipsiuS,
3145 4080 3402 4157 probare

495 4160 680 4219 voluit
717 4164 901 4225 Deus.
961 4168 1054 4225 Ex
1091 4183 1213 4242 quo
1255 4169 1636 4244 transgressio
1675 4168 1857 4226 fiebat
1894 4166 2221 4243 indignior,
2261 4176 2324 4224 vt
2363 4184 2486 4225 non
2527 4166 2738 4225 mirum
2782 4164 2883 4240 sit,
2918 4171 2966 4221 si
2985 4172 3190 4240 postea
3208 4161 3400 4218 laesae

496 4240 809 4301 maiestatis
849 4243 1082 4305 diuinae
1122 4255 1245 4305 tam
1279 4248 1703 4306 contumaciter
1745 4262 1907 4324 reuS,
1948 4266 2054 4323 per
2095 4244 2352 4305 mandati
2395 4245 2546 4306 illius
2587 4252 3026 4319 contemptum,
3047 4240 3187 4318 sibi,
3207 4246 3400 4315 poste-

492 4325 689 4397 n'sque
732 4321 1007 4383 omnibus
1046 4324 1439 4401 corruptionis
1480 4346 1686 4387 caussa
1726 4324 2009 4403 extiterit,
2071 4326 2283 4402 quibus
2323 4334 2550 4395 tamen,
2607 4324 2656 4385 si
2694 4324 2806 4382 Dei
2844 4332 3164 4401 praecepta
3197 4320 3398 4453 obser-

3181 4413 3345 4456 uasse
3381 4440 3400 4475 ,
