3923 4875
650 266 769 338 408
1717 280 2126 329 :innuet
2183 282 2400 329 rans
2455 280 2500 325 ι.

646 442 849 503 monio
892 442 951 501 in
992 442 1203 503 animis
1242 442 1503 520 ipsorum
1544 443 1623 503 ab
1662 441 1773 503 ista
1792 442 2100 521 iniquitate
2129 443 2188 503 in
2209 461 2350 505 suos
2367 446 2574 505 frane-
2593 437 2888 503 reuocari.
2931 440 3184 499 Natura
3203 438 3414 497 enim
3439 452 3660 527 euntes

644 522 983 601 ignorantes
1024 541 1219 583 rerum
1259 520 1641 601 spiritualium
1678 542 1837 601 esse,
1878 524 2076 585 donec
2115 543 2216 585 eas
2249 542 2362 585 nos
2395 524 2560 583 Deus
2577 521 2882 583 docuerit:
2922 538 3046 579 nec
3069 520 3222 597 plus
3243 518 3662 595 eogninnns

642 604 719 664 de
758 602 871 663 illis
906 621 1083 679 posse
1122 602 1295 663 nobis
1336 604 1708 681 contingere,
1748 606 1929 681 quam
1969 612 2146 681 prout
2183 604 2262 665 de
2299 620 2408 665 suo
2427 602 2648 663 lumine
2669 604 2834 662 Deus
2853 600 3230 661 accenderit
3253 598 3660 659 dmm

638 684 797 745 fidei.
839 682 1277 761 Experientiarn
1314 686 1459 744 vero
1501 682 1653 743 vitae
1690 694 1994 745 anteactae
2033 692 2272 744 nostrae
2311 683 2377 744 id
2413 682 2610 761 ipsum
2649 680 2853 743 testari
2893 678 3432 741 luculentissime
3451 697 3474 737 ε
3521 679 3662 737 cun

640 783 849 825 omnes
888 766 927 823 a
964 760 1172 823 natura
1208 762 1476 825 infideles
1514 782 1577 823 se
1614 762 1793 823 fuisse
1832 762 1947 825 sibi
1984 763 2102 823 sint
2139 762 2398 841 conscii,
2437 765 2494 823 δι
2531 764 2814 839 abreptos
2851 758 3035 820 fuisse
3071 770 3230 837 post
3253 760 3470 819 idola
3491 768 3660 817 muta

642 846 699 905 δι
752 842 959 905 mundi
1004 842 1321 904 vanitatem
1383 854 1561 922 prout
1612 842 1957 921 contigerit:
2005 860 2201 921 neque
2249 855 2376 904 tum
2423 844 2600 904 fuisse
2647 844 2908 903 futurum
2949 852 3202 917 gratum
3265 838 3660 915 instrimqoe

639 924 814 985 nobis
853 922 1119 984 officium
1132 970 1148 999 ,
1189 922 1333 983 dum
1372 922 1484 985 illis
1523 922 1779 985 tenebris
1820 922 2196 985 circumclusi
2233 924 2622 984 haerebamus
2635 967 2653 999 ,
2692 922 2746 982 si
2783 925 2916 998 quis
2955 920 3287 981 insolente
3325 920 3526 979 fastu
3545 936 3660 977 nos

639 1005 701 1065 in
740 1003 1001 1066 tenebris
1037 1003 1269 1066 sinisset
1300 1014 1797 1083 computrescere.
1838 1005 2144 1065 Postremo
2177 1013 2374 1064 autem
2409 1012 2778 1081 praesentem
2801 1000 3028 1079 gratiae
3047 998 3326 1060 diuinae
3351 1000 3656 1060 infirmos

641 1084 977 1147 sustinentis
1035 1088 1092 1146 δι
1152 1102 1365 1145 caecos
1422 1082 1757 1145 illustrantis
1814 1082 2242 1145 conscientiam
2301 1082 2440 1145 satis
2497 1082 2815 1143 ostendere
2863 1092 3074 1141 tenues
3127 1080 3280 1141 illas
3327 1079 3655 1141 scintillas

640 1164 875 1225 diuinae
928 1166 1077 1227 lucis
1130 1182 1271 1240 non«
1308 1162 1701 1225 exsufflanda-⁶.
1752 1165 1934 1243 fastu,
1985 1174 2086 1223 aut
2143 1173 2492 1244 contemptu
2531 1160 2966 1241 extinguendas
3007 1178 3184 1235 esse3
3239 1162 3378 1223 sed
3429 1160 3652 1237 magni

640 1264 873 1323 semper
924 1244 1253 1322 faciendas,
1303 1246 1467 1305 velut
1512 1242 1747 1322 spiritus
1796 1243 1915 1305 Dei
1954 1262 2200 1305 munera
2213 1288 2232 1323 ,
2284 1260 2464 1321 quem
2503 1262 2582 1303 ne
2619 1240 2684 1303 in
2723 1240 2986 1301 minimis
3025 1240 3302 1317 quidem
3345 1238 3648 1329 puerulis

640 1336 911 1401 oporteat
951 1322 1301 1385 contristari.
1363 1324 1443 1384 Et
1474 1324 1605 1402 quis
1648 1323 1909 1403 dubitat,
1963 1324 2108 1401 quin
2159 1322 2221 1385 in
2272 1342 2348 1384 eo
2401 1325 2532 1403 ipso
2585 1320 2913 1383 dicentium
2951 1338 3258 1399 numero,
3305 1339 3502 1399 quos
3545 1321 3646 1379 lnc

640 1406 1021 1467 commendat
1058 1404 1287 1481 Dauid,
1329 1402 1543 1465 suerint
1580 1404 1853 1466 homines
1892 1402 2130 1465 omnius
2169 1405 2400 1483 generis
2441 1402 2770 1464 secundum
2801 1402 2972 1463 dona
3002 1402 3046 1461 S
3091 1399 3276 1463 iritus
3297 1402 3366 1462 ἃ

640 1486 949 1563 scientiae,
990 1483 1093 1562 qui
1131 1484 1500 1561 temporibus
1538 1483 1650 1545 illis
1691 1494 1964 1563 poterant
2003 1484 2348 1563 contingere
2383 1483 2536 1545 inter
2559 1502 2622 1545 se
2641 1480 3048 1561 distinguendi
3129 1482 3408 1543 fuerunt
3429 1480 3638 1553 docti,

642 1564 864 1625 indocti
880 1610 897 1643 ,
946 1566 1127 1643 firmi,
1175 1564 1425 1641 infirmi,
1476 1562 1727 1641 excelsi,
1780 1564 2138 1637 mediocres,
2193 1576 2435 1641 tenues,
2485 1583 2695 1625 omnes
2747 1563 2810 1623 in
2865 1560 3090 1623 eodem
3145 1581 3472 1624 sermone
3518 1580 3638 1640 pro

640 1646 887 1707 modulo
930 1644 1271 1705 donationis
1310 1643 1531 1705 Christi
1570 1642 1873 1723 occupati:
1915 1644 1992 1705 de
2033 1644 2246 1721 quibus
2287 1643 2568 1706 omnibus
2609 1641 2947 1721 promiscue
2987 1640 3202 1702 Dauid
3224 1645 3520 1703 laetams
3541 1652 3634 1703 est

639 1725 717 1785 ad
768 1724 1067 1785 Christum
1118 1740 1437 1785 commune
1476 1737 1655 1802 caput
1696 1721 1889 1785 omnis
1930 1724 2078 1785 boni
2115 1724 2330 1799 nostri,
2381 1744 2504 1786 non
2545 1723 2622 1785 ad
2659 1740 2986 1785 commune
3025 1724 3268 1783 malum
3311 1722 3630 1783 vitiosiu-

640 1810 879 1881 temque
920 1816 1163 1865 naturae
1200 1814 1437 1865 nostrae
1478 1804 1825 1882 respiciens,
1865 1805 1922 1864 δι
1967 1803 2026 1863 in
2067 1804 2345 1865 omnibus
2386 1807 2684 1865 honorans
2725 1802 2840 1863 Dei
2881 1801 3236 1881 imaginem.
3278 1803 3482 1879 Quae
3525 1821 3626 1861 res

640 1885 815 1945 nobis
856 1883 1135 1946 omnibus
1172 1903 1301 1945 esse
1342 1885 1706 1946 documento
1744 1885 1952 1963 debet,
1991 1896 2056 1945 vt
2095 1902 2290 1962 neque
2325 1902 2708 1963 personarum
2729 1882 2960 1943 ratione
2975 1928 2992 1954 ,
3037 1902 3246 1959 neque
3263 1880 3618 1955 tenuitatis,

637 1963 1015 2039 infirmitatis,
1070 1975 1171 2024 aut
1220 1962 1587 2043 ignorantiae
1640 1965 1871 2025 illarum
1922 1965 2293 2025 abducamur
2339 1970 2376 2024 a
2427 1964 2592 2025 dono
2634 1964 2750 2024 Dei
2789 1964 3466 2041 (quantulumcumque
3509 1963 3616 2033 sit)

639 2044 697 2103 in
752 2043 891 2121 ipsis
931 2044 1447 2121 recognoscendo:
1503 2046 1611 2105 sed
1649 2046 1743 2105 vel
1784 2043 2188 2105 tenuissimam
2227 2042 2374 2105 lucis
2413 2044 2646 2105 diuinae
2685 2043 3036 2119 scintillam,
3095 2062 3288 2123 quam
3331 2042 3614 2122 gratiose

646 2126 801 2184 Deus
842 2123 1402 2201 communicauerit,
1442 2134 1686 2203 propter
1724 2126 1921 2185 Deum
1963 2126 2019 2185 δι
2059 2124 2360 2185 Christum
2399 2128 2458 2187 δι
2497 2124 2778 2202 Spiritum
2809 2122 2936 2183 eius
2956 2124 3343 2185 habitantem
3368 2124 3436 2184 in
3455 2124 3610 2200 ip&

640 2204 947 2265 foueamus
987 2202 1458 2282 diligentissime,
1500 2202 1901 2281 laetitiamque
1941 2206 2258 2265 fraternam
2303 2204 2376 2265 de
2417 2204 2528 2265 illis
2565 2203 2870 2281 capiamus
2909 2203 3144 2281 spiritu.

718 2284 903 2361 Quod
947 2294 1145 2345 autem
1186 2284 1483 2360 Propheta
1522 2283 1669 2345 dicit
1706 2285 1863 2345 hanc
1904 2282 2018 2345 sibi
2055 2284 2334 2345 laetitiam
2375 2284 2552 2346 luisse
2573 2286 2810 2345 allatam
2831 2285 2901 2342 de
2919 2284 3248 2345 dez-entibus
3267 2286 3427 2363 sibi,
3469 2300 3600 2343 non

639 2375 729 2424 est
768 2363 1045 2423 otiosum.
1088 2384 1227 2424 nam
1267 2363 1567 2425 Dauidem
1607 2366 1726 2425 hoc
1768 2365 1951 2425 verbo
1987 2365 2130 2444 sibi,
2170 2363 2479 2425 statuimus
2513 2364 2636 2425 duo
2679 2362 2993 2425 hominum
3037 2382 3266 2443 genera
3285 2364 3597 2425 innuisse:

638 2461 893 2522 quorum
930 2446 1025 2521 alij
1072 2443 1389 2506 vocatione
1430 2445 1763 2520 communi,
1804 2443 1899 2520 alij
1941 2443 2222 2522 singulari
2261 2447 2373 2506 hos
2413 2455 2650 2506 sanctos
2687 2463 2998 2506 sermones
3038 2463 3178 2506 cum
3201 2444 3458 2505 Dauide
3491 2447 3596 2504 ha·

638 2523 887 2584 buerint.
931 2523 1281 2586 Communis
1326 2525 1561 2586 vocatio
1604 2537 1691 2586 est
1729 2523 1968 2586 Pietatis
2009 2525 2445 2603 charitatisque
2459 2571 2477 2602 ,
2515 2543 2697 2602 quam
2737 2527 2873 2586 Deo
2903 2529 2960 2586 ὅτ
2981 2523 3265 2602 proximo
3287 2525 3596 2586 debemus

636 2604 867 2682 singuli.
912 2605 1165 2665 Vocatio
1210 2609 1350 2666 vero
1392 2605 1492 2665 illa
1530 2605 1837 2683 singularis
1875 2616 1998 2681 est,
2041 2605 2300 2665 muneris
2341 2616 2516 2682 atque
2556 2603 2786 2680 consilii
2803 2649 2822 2683 ,
2875 2623 3001 2682 quo
3043 2623 3186 2666 cum
3229 2623 3378 2683 rege
3421 2623 3590 2666 com-

638 2683 939 2745 municare
980 2683 1037 2744 in
1082 2704 1143 2744 re
1185 2695 1346 2744 tanta
1384 2687 1742 2745 tenebantur
1783 2702 2196 2764 quoscumque
2238 2685 2402 2746 Deus
2440 2686 2519 2745 ad
2561 2685 2872 2746 consilium
2893 2685 3206 2778 publicum
3229 2685 3588 2760 Ecclesiae,

639 2767 695 2824 δι
734 2766 864 2824 Rex
901 2763 979 2823 ad
1018 2763 1331 2826 consilium
1372 2764 1535 2842 regni
1574 2765 1871 2842 allegerat.
1912 2765 2124 2842 Neque
2163 2763 2322 2824 enim
2364 2763 2612 2825 dubium
2649 2775 2768 2840 est,
2807 2783 2954 2842 qum
2997 2765 3434 2844 Sacerdomm,
3477 2769 3588 2826 Le-

638 2842 887 2904 uitarum
950 2845 1497 2922 Prophetarumque
1554 2844 1865 2904 consilium
1928 2845 1990 2904 in
2050 2845 2228 2904 rebus
2281 2843 2480 2904 Dauid
2527 2845 2856 2924 acceperit3
2917 2847 2974 2906 δι
3033 2845 3097 2906 in
3160 2845 3232 2906 iis
3293 2863 3468 2923 quae
3507 2847 3586 2906 ad

638 2923 910 2983 ordinem
952 2926 1256 3000 publicum
1298 2922 1735 3001 pertinuerunt,
1774 2923 2026 2984 aliorum
2065 2940 2306 3000 quoque
2345 2923 2663 2986 sententias
2701 2923 3001 3003 rogauerit
3043 2943 3202 3002 quos
3243 2925 3324 2985 ad
3345 2926 3586 3001 publici

639 3002 862 3063 ordinis
902 3021 1103 3064 curam
1145 3006 1201 3064 δι
1235 3001 1749 3064 conseruationem
1770 3002 2120 3065 adhibebat:
2145 3003 2651 3080 quemadmodum
2671 3024 2745 3064 ex
2765 3004 2960 3066 verbis
2977 3003 3238 3066 auctoris
3267 3025 3320 3066 1.
3341 3005 3586 3066 Chr-on.

645 3101 734 3158 13.
778 3085 831 3143 δι
882 3098 969 3159 15.
1028 3085 1083 3142 &
1124 3093 1409 3160 sequente
1463 3085 1643 3159 con(f.
1688 3084 2116 3158 688)firmatur.
2173 3083 2372 3160 Atque
2424 3084 2576 3144 haee
2613 3087 2884 3160 profecto
2924 3085 3188 3144 maxima
3225 3095 3320 3145 est
3359 3089 3462 3160 (vt
3502 3086 3584 3145 ita

638 3162 926 3237 dicamus)
982 3163 1185 3224 messis
1240 3166 1577 3239 tructusque
1632 3161 1920 3224 maximus
1975 3160 2290 3240 spiritualis
2343 3162 2496 3224 illius
2538 3163 2736 3240 gaudii
2777 3163 2882 3240 qui
2915 3165 3017 3226 hic
3055 3165 3120 3225 in
3159 3164 3332 3224 terris
3369 3175 3584 3257 potest

636 3241 1009 3320 contingere,
1066 3245 1201 3302 cum
1256 3261 1464 3302 omnes
1518 3241 1758 3304 ordines
1808 3253 2014 3304 sancta
2053 3241 2445 3303 consensione
2485 3242 2765 3304 diuinitus
2805 3243 2993 3304 indita
3031 3243 3152 3304 suis
3193 3243 3582 3322 Principibus

636 3321 866 3396 dicunt,
908 3324 961 3381 δι
1001 3322 1113 3382 illis
1149 3321 1409 3383 vicissim
1449 3321 1645 3382 Princi
1724 3341 1783 3398 s,
1822 3340 1895 3382 ea
1932 3339 2088 3398 quae
2127 3321 2208 3380 ad
2247 3321 2728 3383 constitutionem
2767 3323 2934 3402 regni
2977 3323 3094 3384 Dei
3138 3323 3404 3384 sentiunt
3445 3344 3580 3402 per-

638 3401 851 3460 tinere:
886 3402 1227 3478 praesertim
1268 3401 1317 3462 si
1357 3401 1511 3462 iusto
1554 3419 1623 3460 or
1669 3401 1763 3462 ine
1802 3413 2057 3480 aguntur
2097 3401 2328 3477 omnia,
2368 3419 2546 3480 quem
2595 3423 2642 3461 1.
2686 3403 2910 3464 Chron.
2941 3423 3032 3480 13.
3071 3406 3130 3463 δι
3183 3420 3276 3480 15.
3315 3403 3576 3482 legimus

640 3479 1039 3542 informatum.
1100 3483 1255 3541 Nam
1306 3483 1469 3540 Deus
1523 3479 1781 3557 primum
1828 3480 2128 3558 permouit
2175 3481 2356 3558 Regis
2396 3481 2636 3542 nauidis
2675 3483 2938 3544 animum
2977 3484 3060 3543 ad
3097 3497 3368 3544 sanctam
3409 3487 3574 3544 hanc

640 3559 1090 3638 cogitationem,
1130 3565 1385 3636 eumque
1424 3558 1636 3638 spiritu
1674 3580 1783 3622 suo
1823 3559 1980 3621 intus
2018 3561 2311 3620 allocutus
2349 3571 2464 3621 est:
2505 3562 2624 3621 hoc
2655 3561 2870 3622 deinde
2899 3573 3144 3624 auctore
3183 3561 3386 3624 Dauid
3427 3579 3572 3624 cum

640 3658 749 3700 suo
803 3639 1068 3700 Consilio
1110 3640 1539 3716 communicat,
1598 3661 1623 3700 ι
1667 3639 1948 3702 Chronic.
1983 3657 2090 3722 v13.
2133 3643 2268 3717 pest
2309 3641 2385 3702 de
2423 3641 2713 3702 sententia
2753 3642 2994 3718 Consilij
3038 3642 3318 3704 omnibus
3359 3642 3574 3703 indicit

639 3739 765 3780 rem
806 3719 1213 3780 deliberatam:
1256 3719 1514 3796 denique
1551 3718 1637 3780 sic
1674 3719 2053 3780 instituuntut
2085 3719 2320 3799 omnia,
2360 3732 2422 3780 vt
2442 3719 2822 3782 Deus'ordini
2842 3720 3089 3800 praesit,
3134 3742 3346 3784 omnes
3366 3725 3570 3784 Deum

638 3811 959 3876 sequantur
1008 3798 1219 3860 ordine
1235 3843 1252 3875 ,
1302 3801 1357 3858 &
1410 3799 1493 3860 ita
1546 3799 1935 3860 conficiantur
1985 3817 2056 3858 ea
2107 3816 2261 3874 quae
2312 3799 2433 3860 iam
2469 3799 2614 3860 olim
2657 3803 2822 3862 Deus
2860 3803 2992 3880 lege
3029 3801 3401 3880 promiserat.
3465 3803 3570 3864 Sic

638 3878 1023 3957 multiplicem
1062 3879 1341 3940 laetitiam
1381 3879 1647 3956 percepit
1685 3877 1883 3939 Dauid
1898 3925 1917 3952 ,
1971 3878 2110 3938 cum
2149 3883 2338 3955 aeque
2378 3879 2438 3938 in
2477 3875 2728 3942 consilio
2769 3899 2880 3941 suo
2921 3901 2996 3942 ac
3035 3881 3098 3942 in
3139 3883 3418 3944 vniuerso
3459 3903 3569 3960 po-

638 3957 779 4034 pulo
822 3957 1051 4036 pietatis
1090 3957 1348 4019 studium
1388 3956 1913 4036 animaduerteret3
1969 3956 2240 4018 Studium
2283 3955 2515 4022 autem?
2569 3958 2691 4019 imo
2731 3959 2912 4021 etiam
2953 3960 3222 4022 officium
3259 3961 3566 4024 studiosis-

638 4037 909 4177 simumi)
950 4040 1087 4098 cum
1162 4037 1313 4100 inter
1366 4056 1457 4116 se,
1522 4049 1647 4098 tum
1702 4037 1814 4116 ipsi
1866 4036 1993 4114 regi
2033 4037 2358 4100 dicentium
2398 4055 2550 4116 quae
2590 4039 2891 4118 religionis
2929 4042 2986 4101 δι
3025 4041 3260 4119 pietatis
3299 4042 3565 4104 cnidium

644 4136 725 4176 im
770 4136 869 4177 era
912 4126 1033 4176 ant.

721 4135 843 4256 {iic
892 4201 1035 4257 vero
1076 4196 1373 4256 secundus
1412 4197 1581 4257 locus
1622 4207 1742 4274 est,
1784 4195 1889 4273 qui
1926 4195 2206 4256 laetitiam
2249 4195 2410 4258 illam
2451 4195 2652 4258 animo
2691 4198 2938 4260 Dauidis
2977 4199 3350 4280 informauit,
3393 4203 3560 4279 quod

642 4280 843 4336 sancte
904 4275 1169 4336 diceutes
1228 4273 1457 4336 audiret
1470 4321 1487 4354 ,
1548 4295 1746 4336 eamus
1804 4279 1868 4336 in
1929 4277 2158 4336 domum
2219 4275 2494 4338 Iehouae.
2573 4279 2770 4338 Pauca
2807 4281 2994 4340 verba
3029 4279 3264 4359 consilij
3285 4303 3304 4342 ι
3353 4299 3560 4344 sensus

3147 4359 3558 4439 mpliafimm.

3783 2396 3809 2673 ,l
