3923 4875
1381 359 1710 402 russas
1767 355 2420 400 τΗιοιοῦῐοΑε.
3234 344 3344 418 267

419 520 654 582 dicetur
709 519 870 581 Noui
929 519 1327 598 Testamenti,
1382 517 1554 596 quin,
1596 537 1720 580 non
1775 518 1913 580 dico
1958 529 2187 595 septem
2208 563 2224 596 ,
2268 517 2373 578 sed
2417 519 2473 578 δι
2518 515 2745 578 infinita
2784 519 2937 596 pene
2978 516 3359 581 Sacramenta

431 611 776 663 statuamus.

1269 975 1371 1034 LI.
1452 974 1582 1032 DE
1622 972 2513 1035 PAEDOBAPTISMO.

526 1151 1068 1237 Quandoquidem
1117 1153 1616 1236 Anabaptistae
1660 1152 1899 1217 multis
1937 1152 2311 1216 rationibus
2350 1152 2735 1235 Infantiam
2760 1153 3184 1236 Baptismum
3212 1177 3357 1220 con-

427 1244 678 1309 uellere
721 1245 1146 1320 contendunt,
1195 1255 1433 1326 operae
1446 1245 1750 1326 pretium
1782 1243 2054 1309 videtur
2071 1293 2086 1320 ,
2136 1245 2484 1309 doctrinae
2528 1245 2733 1310 liuius
2758 1247 3113 1310 veritatem
3134 1297 3148 1322 ,
3176 1253 3349 1328 jun-

425 1335 730 1492 quscta
747 1387 762 1414 ‚
809 1338 879 1401 &
925 1346 1147 1400 ortum
1192 1357 1278 1400 ex
1322 1337 1518 1400 verbo
1563 1335 1702 1399 Dei
1721 1335 2178 1412 ostendamuS,
2203 1333 2475 1419 ea'mque
2495 1336 2579 1400 ab
2601 1335 3159 1402 aduersariorum
3189 1338 3348 1402 telis

427 1449 502 1493 vt
597 1447 864 1491 temnus·

1677 1615 2009 1676 Tarsis
2071 1619 2120 1676 I.

509 1794 839 1871 Consi-AT,
893 1793 1088 1852 Deum
1127 1810 1248 1868 quo
1287 1800 1555 1869 tempore
1595 1790 1804 1852 foedus
1843 1808 1981 1852 cum
2022 1791 2288 1854 Ecclesia
2331 1791 2437 1852 sua
2476 1791 2730 1852 sanciret
2773 1791 3154 1852 Sacramenta
3196 1791 3354 1852 insti-

431 1873 632 1950 tuisse,
672 1872 886 1949 quibus
926 1871 1340 1950 insignirentur
1377 1890 1587 1932 omnes
1624 1870 1726 1948 qui
1765 1871 2022 1932 foederis
2060 1881 2252 1933 essent
2292 1883 2632 1948 consorteS,
2676 1883 2737 1932 vt
2778 1872 2846 1932 iis
2888 1871 3191 1950 insignitus
3230 1885 3351 1932 tan-

426 1971 607 2030 quam
645 1952 932 2030 symbolis
969 1956 1026 2014 &
1065 1951 1244 2012 sacris
1287 1952 1516 2012 tesseris
1553 1953 1630 2011 ab
1670 1950 2005 2012 infidelibus
2044 1951 2533 2014 discernerentur.
2576 1953 2835 2014 Infantes
2872 1963 3069 2012 autem
3092 1953 3351 2012 fidelium

429 2032 490 2092 in
549 2031 790 2094 foedere
837 2051 967 2094 esse
1019 2034 1331 2110 probatur,
1386 2043 1512 2092 tum
1552 2051 1626 2091 ex
1663 2031 1923 2092 formula
1964 2031 2091 2110 ipsa
2129 2031 2385 2092 foederis
2422 2032 2549 2092 eius
2588 2035 2759 2092 Deus
2797 2041 2963 2110 tuus,
3005 2052 3075 2094 ac
3114 2035 3348 2094 seminis

429 2114 534 2174 tui.
585 2113 733 2174 Gen.
780 2131 870 2190 17.
918 2133 968 2174 1.
1009 2115 1167 2173 Tum
1205 2131 1278 2172 ex
1316 2131 1390 2172 eo
1431 2111 1598 2190 quod
1635 2112 1848 2172 Paulus
1887 2130 1993 2173 eos
2033 2110 2191 2172 dicat
2232 2130 2359 2172 esse
2392 2123 2631 2173 sanctos
2664 2111 2876 2190 (sancti
2896 2112 3055 2172 enim
3075 2131 3203 2174 esse
3224 2131 3350 2173 non

430 2204 710 2272 possunt,
753 2192 864 2254 nisi
902 2191 1005 2271 qui
1023 2192 1084 2254 in
1125 2191 1364 2251 foedere
1403 2194 1581 2267 sunt.)
1630 2211 1680 2254 1.
1727 2191 1989 2252 Corinth.
2042 2209 2093 2268 7.
2145 2211 2234 2264 14.
2256 2192 2435 2252 Vnde
2456 2191 2717 2270 sequitur
2735 2211 2847 2254 nec
2867 2211 3071 2271 posse,
3112 2211 3224 2252 nec
3256 2193 3354 2253 de·

427 2273 572 2334 bere
609 2290 716 2334 eos
753 2273 923 2350 signo
961 2271 1246 2350 Baptismi
1286 2271 1504 2350 priuari
1542 2271 1646 2350 qui
1682 2283 2112 2333 sacramentum
2134 2279 2239 2332 2⁶.-st
2278 2289 2487 2333 eorum
2518 2287 2760 2350 quoque
2792 2272 2967 2332 aetati
2988 2272 3353 2333 conueniens

429 2354 486 2413 δι
545 2351 902 2413 destinatum
961 2355 1000 2412 a
1056 2354 1223 2430 Deo,
1280 2363 1482 2429 vtpote
1535 2352 1768 2430 signum
1818 2351 2173 2430 receptionis
2212 2352 2271 2412 in
2314 2350 2615 2412 Christum
2652 2353 2708 2413 ὅτ
2748 2352 3077 2413 Ecclesiam
3094 2397 3113 2431 ,
3152 2356 3189 2411 a
3229 2351 3348 2429 qua

429 2452 552 2492 non
594 2431 780 2512 magis
820 2434 1044 2495 debent
1081 2431 1267 2493 arceri
1307 2436 1486 2511 quAm
1527 2435 1563 2493 ὲ.
1602 2434 1804 2493 salute.
1867 2432 2039 2509 Quae
2080 2431 2235 2493 enim
2278 2434 2439 2495 Deus
2481 2432 2785 2493 coniunxit
2800 2478 2819 2513 ,
2848 2452 2971 2493 non
3006 2444 3143 2493 sunt
3180 2451 3344 2511 sepa-

431 2512 616 2605 randa
629 2557 646 2590 ,
685 2511 1029 2579 communio
1065 2512 1290 2573 scilicet
1330 2511 1586 2575 foederis
1626 2516 1683 2574 δι
1721 2513 1954 2592 signum
1996 2513 2464 2593 communioniS,
2504 2512 2766 2592 receptio
2808 2512 2866 2574 in
2908 2512 3236 2573 Ecclesiam
3252 2557 3269 2592 ,
3294 2515 3351 2574 &

436 2609 668 2671 signum
707 2592 1076 2671 receptionis.
1754 2611 1762 2617 ·

514 2692 566 2732 2.
647 2674 881 2734 Deinde
921 2674 1436 2733 Sacramentorum
1476 2670 1689 2733 veritas
1727 2691 1802 2733 ex
1835 2670 2325 2751 promissionibus
2366 2671 2579 2735 diuinis
2609 2676 2666 2734 δι
2682 2672 2861 2734 sacris
2884 2671 3173 2749 mysteriis
3189 2718 3205 2749 ,
3226 2670 3353 2749 qui-

431 2752 544 2813 bus
581 2751 950 2832 applicandis
990 2754 1046 2813 81
1084 2752 1468 2845 obsignandis
1481 2798 1498 2827 ,
1539 2752 1798 2813 instituta
1837 2764 2003 2829 sunt,
2043 2769 2284 2832 prorsus
2323 2752 2651 2831 dependet3
2692 2752 2846 2814 adeo
2887 2762 2951 2813 vt
2990 2752 3187 2811 dicere
3220 2770 3352 2829 pos·

431 2832 612 2892 simus
626 2878 644 2908 ,
685 2834 762 2892 ad
804 2850 956 2911 quos
998 2834 1284 2894 beneficia
1323 2830 1569 2911 Christi,
1606 2833 1662 2891 &
1703 2830 2123 2911 promissiones
2158 2832 2273 2893 Dei
2297 2832 2618 2911 pertinent,
2639 2833 2716 2893 ad
2736 2852 2839 2893 eos
2860 2830 3039 2893 etiam
3060 2831 3350 2910 pertinere

431 2912 598 2989 signa
637 2911 1096 2973 Sacramentalia
1138 2931 1292 2991 quae
1332 2922 1468 2973 sunt
1502 2912 1963 2991 promissionum
2004 2912 2382 2990 appendices
2426 2914 2505 2972 Et
2543 2915 2696 2973 hanc
2739 2931 2867 2974 esse
2898 2912 3164 2972 videmus
3186 2928 3350 2989 argu-

435 2992 857 3052 mentationem
917 2992 1034 3070 qua
1095 2992 1274 3053 vtitur
1323 2994 1554 3052 Petrus:
1609 2994 1739 3054 Act.
1785 3012 1838 3051 2.
1880 2998 1977 3069 38.
2018 3012 2117 3069 39.
2176 2994 2536 3053 Probaturus
2573 2992 2732 3053 enim
2772 2990 3056 3069 baptizari
3096 2991 3342 3067 debere,

431 3070 496 3131 in
546 3071 950 3133 remissionem
1000 3083 1404 3149 peccatorum,
1459 3072 1714 3133 Iudaeos
1751 3090 1904 3150 quos
1943 3073 2383 3150 alloquebatur,
2423 3072 2579 3133 hanc
2617 3072 2809 3132 adfert
2847 3088 3087 3131 causam
3108 3116 3123 3145 ,
3190 3070 3353 3147 Quia

431 3153 586 3213 vobis
627 3152 863 3231 (inquit)
899 3152 1075 3228 facta
1115 3160 1202 3211 est
1227 3154 1559 3229 promissio.
1600 3152 1926 3212 Infantibus
1963 3161 2161 3212 autem
2202 3150 2463 3213 fidelium
2503 3154 2689 3212 factas
2726 3171 2853 3213 esse
2893 3150 3349 3243 promissiones:

431 3250 608 3292 nemo
653 3232 906 3310 negarit:
948 3234 1148 3308 Quum
1191 3242 1433 3293 testetur
1473 3234 1637 3291 Deus
1677 3233 2023 3292 Abrahamo
2064 3251 2127 3291 se
2166 3232 2293 3292 fore
2333 3230 2416 3292 illi
2452 3234 2649 3292 Deum
2687 3234 2741 3292 δι
2763 3230 2972 3291 semini
2994 3230 3145 3291 eius:
3188 3231 3357 3289 quta

431 3311 574 3371 illud
619 3312 802 3387 Petri,
842 3314 948 3371 Ad
981 3332 1083 3373 vos
1125 3314 1201 3373 ἐν·
1240 3314 1328 3371 ad
1357 3313 1569 3372 liberos
1608 3320 1831 3374 vestros
1857 3312 2039 3389 facta
2078 3320 2165 3372 est
2178 3313 2515 3389 promissio.
2560 3311 2732 3372 Adde
2754 3312 2922 3390 qued
2944 3310 3021 3371 ad
3044 3329 3147 3369 eos
3172 3310 3353 3369 etiarn

431 3390 720 3468 pertinent
762 3395 816 3452 δι
857 3390 1134 3467 mysteria
1172 3411 1336 3453 sacra
1375 3390 1486 3451 illis
1527 3391 1706 3469 signis
1748 3390 2123 3452 adumbrata:
2167 3391 2601 3452 Remissionem
2624 3390 2783 3451 enim
2802 3400 3187 3469 peccatorum
3209 3409 3353 3449 con·

430 3482 753 3547 sequuntur
805 3472 864 3531 in
913 3472 1183 3550 Christo,
1234 3470 1363 3549 qui,
1413 3481 1471 3532 vt
1511 3472 1590 3532 ait
1631 3473 1873 3550 Paulus,
1916 3471 2278 3547 Ecclesiam,
2319 3470 2485 3532 cuius
2528 3482 2663 3531 sunt
2704 3472 3003 3543 membra,
3049 3468 3357 3529 mundauit

431 3552 670 3611 lauacro
711 3569 918 3629 aquae.
983 3554 1191 3629 Ephes.
1239 3568 1296 3629 5.
1341 3552 1434 3612 26.
1481 3570 1577 3627 27.
1944 3600 1957 3613 .

513 3649 570 3706 3.
651 3633 822 3691 Idem
877 3634 1164 3709 probatur
1218 3628 1550 3691 firmissimo
1611 3639 1960 3710 argumento
2011 3648 2086 3690 ex
2138 3628 2414 3707 analogia
2466 3628 2931 3690 circumcisionis
2975 3638 3235 3706 sumpt0.
3298 3627 3361 3689 Si

429 3710 681 3771 dabatur
735 3711 878 3771 olim
933 3711 1252 3773 infantibus
1292 3709 1662 3772 circumcisio
1679 3756 1696 3789 ,
1739 3711 1916 3771 debet
1955 3712 2013 3771 δι
2052 3708 2233 3770 hodie
2275 3708 2386 3769 illis
2425 3708 2552 3769 dari
2590 3710 2942 3788 Baptismus.
3008 3710 3161 3769 Cum
3199 3708 3358 3767 enim

429 3792 593 3851 Deus
651 3808 788 3851 cum
838 3802 1003 3868 patre
1057 3790 1422 3853 credentium
1472 3792 1816 3851 Abrahamo
1857 3790 2067 3850 foedus
2106 3790 2277 3850 iniret
2317 3789 2621 3866 (fundatae
2660 3800 2856 3850 autem
2897 3798 3065 3847 erant
3106 3788 3359 3865 promis-

427 3868 624 3931 siones
684 3872 738 3929 δι
801 3872 1012 3933 foedus
1060 3871 1254 3949 ipsum
1309 3868 1369 3930 in
1410 3870 1674 3945 Christo)
1724 3870 1886 3931 dedit
1928 3870 1981 3931 ei
2023 3871 2473 3930 Sacramentum
2514 3868 2733 3931 Christi
2776 3866 3009 3929 venturi
3051 3866 3361 3928 veritatem

425 3950 783 4028 significans,
845 3948 1274 4013 consummata
1315 3954 1455 4011 vero
1497 3952 1560 4023 (f.
1609 3953 1784 4027 1733)
1824 3950 1922 4011 illa
1964 3951 2233 4028 veritate,
2270 3967 2421 4027 quae
2444 3948 2909 4011 Circumcisione
2932 3947 3363 4026 denotabatur,

425 4030 486 4111 id
525 4043 640 4097 est,
686 4050 937 4108 corpore
977 4032 1270 4104 exhibito,
1311 4030 1672 4091 conueniens
1712 4030 1890 4091 etiam
1931 4030 2069 4105 fuit,
2111 4040 2173 4091 vt
2214 4040 2469 4089 cessaret
2512 4032 2735 4090 vmbra.
2780 4026 3019 4089 Idcirco
3058 4024 3359 4087 Dominus

425 4110 618 4187 (cuius
659 4110 838 4171 solius
877 4122 966 4170 est
1005 4112 1304 4173 instituere
1345 4110 1614 4172 fidelibus
1655 4111 1772 4171 suis
1813 4112 2219 4185 Sacramenta)
2260 4108 2410 4169 illius
2451 4110 2664 4169 veteris
2708 4108 2840 4169 vice
2883 4123 3114 4166 nouum
3158 4104 3361 4168 subro-

427 4190 617 4267 gauit,
659 4210 873 4268 nempe
911 4191 1302 4268 Baptismum,
1343 4189 1444 4267 qui
1485 4190 1645 4251 idem
1685 4208 1924 4269 prorsus
1972 4187 2238 4267 designat
2280 4209 2349 4248 ac
2392 4188 2825 4269 Circumcisi03
2868 4186 2982 4247 nisi
3025 4184 3193 4264 quod
3216 4186 3367 4247 haec

434 4270 862 4345 exhibendum,
923 4271 1021 4333 ille
1083 4270 1408 4331 exhibitum
1465 4271 1653 4331 dicat:
1713 4272 1925 4331 modus
1974 4282 2171 4331 autem
2214 4288 2333 4330 non
2379 4280 2564 4329 mutat
2606 4270 2690 4331 rei
2726 4266 3139 4330 substantiam.
3205 4268 3359 4327 Cum

427 4348 636 4431 igitur,
696 4350 992 4429 Vtriusque
1049 4350 1207 4413 idem
1257 4349 1332 4412 sit
1383 4369 1550 4431 vsuS,
1605 4351 1997 4413 confirmandi
2051 4350 2277 4411 scilicet
2316 4349 2735 4429 promissiones
2778 4347 3012 4411 diuinas
3052 4346 3328 4437 fidelibus
3345 4391 3362 4426 ,

3070 4438 3368 4505 Vtriusque
