3923 4875
606 323 721 396 358
1425 333 1529 378 na
1592 331 2021 378 POLITIAE
2081 331 2342 378 u051s
2400 335 2691 379 ossan.

684 497 777 554 De
818 495 961 572 fine,
1002 493 1277 556 nimirum
1317 495 1481 572 quod
1526 497 1683 574 leges
1726 495 2019 556 humanae
2058 497 2316 556 ferantur
2353 499 2443 555 ad
2473 517 2762 556 commune
2799 501 3036 572 bonum,
3076 495 3194 556 iam
3215 503 3352 560 ante
3371 501 3522 563 dixi·

604 593 735 635 mus
776 573 835 634 in
878 574 1068 652 capite
1112 573 1333 652 prime,
1373 577 1510 635 cum
1552 577 1626 636 de
1665 575 1811 654 legis
1849 575 2195 636 definitione
2236 575 2542 636 communi
2582 585 2929 654 summaque
2967 575 3318 640 videremus,

682 656 782 715 Ad
834 657 1087 716 sormam
1126 659 1267 715 vero
1310 656 1697 716 humanarum
1737 658 1936 734 legum
1979 657 2033 716 δι
2077 655 2438 716 iudicialium
2477 657 2665 716 Mosis
2703 657 2868 734 quod
2908 654 3144 730 attinet,
3184 659 3322 718 cum
3363 659 3522 721 iusta

603 735 799 797 omnis
838 734 987 795 ratio
1031 735 1439 796 definitionum
1478 739 1771 815 postulet,
1813 747 1874 796 vt
1916 756 1987 795 ea
2027 735 2268 796 demum
2307 736 2367 796 in
2409 735 2812 797 definitionem
2853 736 3226 798 adducantur
3263 758 3419 816 quae
3439 741 3520 802 ad

602 826 871 876 naturam
924 814 1009 875 rei
1058 813 1334 876 definitae
1388 815 1623 894 proprie
1673 817 1728 875 δι
1782 835 1887 894 per
1938 835 2002 876 se
2055 816 2376 895 pertinent,
2429 817 2492 876 id
2528 815 2782 895 primum
2825 817 2903 894 pij
2944 817 3194 877 lectores
3233 821 3518 882 monendi

600 907 737 956 sunt
754 941 772 974 ,
812 893 911 956 hic
950 898 986 954 a
1026 895 1201 957 nobis
1241 893 1337 973 agi
1376 896 1453 954 de
1492 899 1685 957 forma
1723 895 2018 957 essentiali
2057 899 2284 976 legum,
2324 915 2448 956 non
2489 907 2688 956 autem
2728 901 2815 972 (vt
2833 899 3074 969 vocant)
3093 897 3516 961 accidentaria:

602 979 657 1036 δε
712 974 849 1052 quia
902 976 1155 1036 formam
1217 975 1585 1037 essentialem
1636 976 1874 1070 proprie
1922 977 2288 1054 appellamus
2327 997 2460 1038 eam
2500 995 2654 1054 quae
2695 975 2926 1037 interna
2965 986 3077 1037 est:
3122 990 3332 1038 contra
3371 985 3518 1042 vero

600 1067 931 1134 externam,
994 1055 1044 1116 si
1097 1074 1233 1116 cum
1290 1056 1583 1116 essentiali
1638 1059 1691 1117 &
1746 1067 1978 1117 interna
2037 1067 2440 1134 comparetur,
2483 1076 2610 1118 esse
2653 1059 2716 1132 (s.
2765 1059 2940 1134 1503)
2981 1067 3218 1118 constat
3253 1057 3522 1122 internae

598 1135 751 1198 illius
790 1135 1248 1196 consectariam:
1290 1133 1628 1212 simpliciter
1664 1136 1765 1196 hic
1804 1141 1841 1198 a
1878 1137 2055 1197 nobis
2095 1157 2226 1198 earn
2265 1136 2522 1197 describi
2561 1139 2815 1197 formam
2855 1139 3248 1198 humanarum
3283 1139 3516 1217 legum,

600 1234 753 1294 quae
812 1216 1041 1276 interna
1103 1221 1157 1276 δι
1200 1213 1519 1276 essentialis
1558 1227 1674 1277 est:
1719 1219 1811 1277 Ex
1850 1237 1973 1294 quo
2013 1219 2109 1294 fit,
2149 1227 2213 1276 vt
2253 1228 2524 1294 respectu
2563 1215 2713 1276 illius
2754 1219 3010 1293 formae,
3055 1235 3130 1276 ex
3169 1219 3520 1282 necessitate

597 1295 841 1375 quaeuis
882 1297 1176 1356 humanae
1216 1297 1376 1373 leges
1418 1307 1646 1372 partem
1686 1296 1773 1357 sui
1820 1298 2078 1356 habeant
2119 1295 2562 1356 immutabilem.

678 1376 876 1436 Huius
914 1387 1111 1437 autem
1154 1375 1476 1436 essentialis
1517 1379 1743 1437 formae
1786 1376 2137 1454 principium
2179 1397 2241 1436 re
2281 1394 2460 1436 vnum
2482 1388 2598 1452 est,
2629 1377 2684 1434 &
2707 1377 2921 1436 modus
2943 1393 3122 1436 vnus:
3156 1379 3261 1437 sed
3283 1379 3519 1441 ratione

597 1455 827 1534 triplex.
870 1459 1024 1518 Nam
1063 1456 1175 1517 tria
1212 1455 1273 1516 in
1314 1455 1855 1518 circumscribenda
1891 1458 2004 1518 hac
2043 1459 2236 1517 forma
2281 1467 2668 1516 concurrunt:
2709 1459 2865 1516 ratio
2903 1459 3012 1515 illa
3051 1466 3292 1517 aeterna
3331 1461 3386 1518 δι
3405 1460 3518 1520 im-

598 1535 919 1614 mutabilis,
960 1535 1021 1596 in
1062 1539 1198 1597 Deo
1240 1533 1505 1615 principe
1546 1536 1933 1597 vniuersitatis
1975 1537 2254 1598 existens:
2289 1551 2412 1596 tum
2443 1539 2540 1596 lex
2559 1537 2870 1610 naturalis,
2904 1553 3022 1613 qua
3041 1539 3205 1596 Deus
3225 1538 3518 1599 rationem

598 1627 895 1678 aeternam
946 1635 1111 1678 suam
1164 1621 1227 1677 in
1282 1625 1502 1678 namra
1554 1619 1954 1688 adumbrauit,
2011 1621 2312 1694 postremo
2355 1627 2553 1676 autem
2593 1617 2690 1675 lex
2729 1615 2976 1694 Diuina,
3017 1637 3191 1694 quam
3233 1623 3526 1698 expressit

600 1701 802 1758 verbo:
846 1715 998 1774 quae
1040 1695 1181 1790 tria²
1220 1700 1383 1758 velut
1421 1697 1707 1775 principia
1746 1697 2040 1756 humanae
2079 1695 2252 1774 legiS,
2295 1715 2474 1755 vnum
2497 1694 2850 1774 principium
2874 1699 3326 1771 quodammodo
3349 1711 3515 1760 sunt:

598 1777 737 1836 cum
798 1789 1034 1838 aeterna
1071 1787 1221 1838 ratio
1262 1796 1382 1838 vna
1420 1777 1521 1856 sit,
1564 1797 1715 1856 quae
1754 1780 1811 1838 δι
1850 1778 2177 1837 naturalem
2219 1777 2549 1854 ingeneret,
2592 1776 2646 1835 81
2686 1775 2957 1836 infundat
2998 1775 3262 1836 diuinam
3299 1781 3518 1856 legem.

600 1857 755 1916 Nam
811 1857 909 1917 illa
965 1859 1243 1918 naturalis
1300 1857 1467 1936 quasi
1517 1857 1823 1936 vestigium
1880 1855 2114 1917 diuinae
2169 1867 2288 1930 est,
2337 1858 2486 1917 haec
2538 1867 2734 1916 autem
2774 1855 2972 1933 imago
3013 1853 3194 1934 ipsius
3233 1857 3520 1928 impressa

594 1935 810 1997 virtute
864 1936 996 1998 Dei.
1055 1939 1148 1996 Ex
1200 1937 1289 1998 his
1353 1938 1535 1999 tribus
1574 1935 1901 2016 principiiS,
1942 1937 2214 2010 humanis
2253 1937 2480 2015 legibus
2519 1939 2576 1996 &
2616 1935 2726 2012 ipsi
2768 1954 3010 2012 quoque
3048 1935 3285 2013 politiae
3323 1939 3518 1998 Mosis

595 2016 781 2076 indita
822 2027 910 2076 est
949 2016 1180 2077 interna
1219 2019 1318 2080 illa
1360 2019 1582 2097 forma,
1623 2035 1774 2094 quac
1812 2019 2012 2096 legum
2053 2017 2442 2076 humanarum
2477 2015 2782 2076 constituit
2801 2015 3114 2076 essentiam
3135 2017 3432 2095 propriam
3457 2020 3518 2077 δε

594 2094 1056 2157 immutabilem:
1100 2099 1359 2177 Nempe,
1400 2099 1727 2158 secundum
1768 2116 1948 2174 quam
1991 2097 2284 2156 humanae
2325 2099 2486 2173 leges
2525 2108 2661 2156 sunt
2697 2097 2888 2154 factae
2927 2095 3006 2154 ad
3037 2094 3385 2176 imaginem,
3415 2100 3517 2157 vel

597 2177 925 2237 secundum
968 2179 1220 2238 formam
1260 2191 1538 2238 aeternae
1578 2177 1757 2254 illius,
1800 2181 1853 2238 &
1890 2175 2060 2237 huius
2099 2177 2408 2254 naturaliS,
2449 2197 2522 2236 ac
2562 2174 2798 2236 diuinae
2835 2173 3016 2253 legis:
3049 2177 3128 2234 ab
3149 2177 3238 2236 his
3259 2179 3513 2254 pendet:

596 2255 689 2316 his
729 2255 995 2329 inseruit,
1038 2261 1093 2317 δι
1132 2259 1211 2318 ad
1251 2260 1357 2318 has
1399 2260 1581 2318 fertur
1622 2256 1908 2317 vniuerse.
1950 2257 2332 2334 Quapropter
2361 2275 2482 2315 non
2507 2255 2758 2315 dicimus
2783 2255 3053 2316 humanis
3073 2255 3300 2334 legibus
3319 2257 3516 2317 inesse

596 2337 849 2396 formam
903 2335 1146 2397 rationis
1190 2337 1351 2410 ,illius
1390 2348 1663 2398 aeternae
1703 2352 1805 2396 aut
1841 2336 2146 2410 naturalis,
2188 2355 2258 2396 ac
2301 2335 2534 2396 diuinae
2573 2334 2743 2412 legis:
2787 2335 2892 2396 sed
2933 2336 3052 2395 hoc
3091 2345 3322 2395 tantum
3360 2339 3514 2396 affir-

602 2435 863 2497 mamus,
917 2437 1038 2477 esse
1088 2419 1241 2479 lzanc
1292 2420 1599 2479 secundam
1636 2417 1907 2495 formam
1960 2419 2235 2489 illarum,
2286 2417 2405 2477 hoc
2453 2427 2570 2487 est,
2611 2414 2910 2476 efformari
2949 2417 3026 2476 ab
3067 2415 3179 2475 illis
3220 2419 3274 2477 &
3314 2417 3516 2497 effingi

600 2496 816 2557 iustum
869 2498 1015 2575 legis
1067 2499 1360 2559 humanae
1400 2500 1668 2559 modum.
1726 2499 1834 2557 Est
1883 2498 2057 2575 igitur
2111 2498 2301 2557 forma
2341 2496 2664 2557 essentialis
2701 2498 3092 2556 humanarum
3133 2497 3330 2575 legum
3368 2498 3514 2557 nihil

597 2576 788 2651 aliud,
843 2581 1022 2657 quam
1079 2578 1351 2656 analogia
1404 2583 1459 2640 &
1516 2577 1927 2639 conuenientia
1979 2578 2237 2655 ipsarum
2285 2576 2434 2637 iusta
2485 2594 2623 2636 cum
2673 2587 2911 2636 aeterna
2951 2576 3080 2653 illa,
3137 2581 3192 2637 &
3231 2576 3516 2646 naturali,

600 2655 919 2735 diuinaque
956 2660 1117 2737 lege,
1158 2660 1484 2719 secundum
1528 2658 1775 2719 modum
1818 2658 2104 2735 ipsarum:
2149 2660 2302 2717 Nam
2341 2660 2634 2716 humanae
2673 2658 2866 2733 legeS,
2905 2654 3137 2715 illarum
3177 2667 3314 2716 sunt
3331 2656 3514 2717 admi-

596 2736 833 2798 nistrae.
874 2742 1073 2817 Atque
1114 2740 1262 2799 haec
1306 2738 1547 2817 quidem
1589 2740 1666 2799 de
1706 2736 1929 2816 causiS,
1970 2757 2044 2797 ex
2087 2736 2299 2814 quibus
2339 2736 2490 2797 illius
2531 2734 2740 2815 partis,
2782 2754 2960 2813 quam
3004 2734 3428 2797 immutabilem
3449 2736 3512 2796 in

596 2816 825 2896 legibus
866 2818 1137 2879 humanis
1177 2822 1575 2899 appellamus,
1616 2817 1880 2878 definitio
1921 2819 2198 2877 confecta
2238 2828 2344 2877 est.

674 2898 793 2959 Sed
854 2898 991 2977 quia
1050 2900 1199 2960 haec
1258 2899 1587 2978 generalius
1647 2898 1839 2975 dicta,
1903 2916 2015 2957 nec
2057 2897 2225 2957 facile
2265 2895 2400 2975 capi
2439 2898 2516 2955 ab
2557 2896 2865 2956 omnibus:
2906 2914 3045 2972 nec,
3089 2895 3138 2955 si
3177 2895 3516 2975 capiantur,

592 2988 792 3038 tamen
856 2978 915 3038 in
976 2978 1045 3039 iis
1099 2997 1252 3057 quae
1304 2982 1569 3040 feruntur
1607 2976 1835 3055 legibus
1874 2996 2105 3055 semper
2124 2975 2466 3055 {commode
2506 2974 2810 3035 obseruari
2850 2978 2886 3034 a
2919 2974 3134 3051 quouis
3171 2979 3226 3036 &
3267 2975 3515 3054 agnosci

593 3070 877 3135 possunt:
936 3057 1241 3119 veniamus
1298 3062 1377 3120 ad
1436 3059 1763 3119 secundum
1815 3060 2052 3129 locum,
2106 3058 2210 3133 qui
2248 3069 2334 3115 est
2375 3057 2451 3115 de
2494 3054 2726 3115 indiciis
2765 3054 2844 3113 ad
2881 3054 3240 3115 euidentiam
3284 3058 3514 3116 formae

590 3136 764 3198 huius
805 3138 1069 3199 internae
1107 3138 1549 3215 pertinentibus.
1594 3138 1748 3198 Cum
1790 3137 1947 3197 enim
1990 3138 2182 3196 forma
2221 3135 2320 3195 illa
2362 3155 2475 3196 nec
2504 3134 2692 3195 oculis
2711 3134 2896 3193 videri
2918 3134 3129 3212 possit:
3166 3154 3280 3195 nec
3301 3135 3515 3197 rationi

594 3216 863 3278 omnium
903 3217 963 3277 in
1003 3230 1285 3297 promptu
1326 3238 1485 3295 esse,
1529 3218 1639 3278 nisi
1678 3237 1784 3295 per
1824 3216 2074 3293 indicia,
2115 3216 2402 3295 signaque
2443 3226 2603 3275 certa
2643 3234 2716 3275 ac
2751 3216 3082 3275 necessaria
3119 3216 3200 3275 ad
3238 3214 3510 3276 notitiam

590 3296 745 3357 illius
802 3298 1072 3358 homines
1132 3298 1557 3377 perducantur:
1620 3296 1845 3359 idcirco
1900 3297 2240 3357 faciendum
2289 3306 2409 3371 est,
2461 3306 2525 3354 ut
2562 3295 2861 3372 expositus
2899 3296 3185 3355 habeatur
3225 3296 3286 3355 in
3327 3295 3514 3356 oculis

592 3375 859 3437 omnium
900 3378 1145 3438 istorum
1186 3378 1489 3457 signorum
1530 3382 1585 3439 δι
1624 3376 1976 3437 indiciorum
2019 3376 2253 3437 modus,
2303 3378 2474 3435 Thes.
2525 3396 2612 3449 14.
2655 3376 2841 3433 Hanc
2883 3376 3071 3449 igitur
3095 3386 3336 3455 partem
3369 3378 3514 3451 poli-

591 3460 840 3517 ticarum
880 3461 1070 3535 legum
1110 3460 1515 3518 immutabilem
1555 3460 1742 3517 tribus
1781 3460 1964 3516 modis
2004 3458 2397 3532 cognoscimus
2411 3500 2428 3533 ,
2463 3457 2758 3533 principio
2773 3500 2790 3531 ,
2833 3458 3076 3531 obiecta,
3119 3456 3195 3514 ἄν
3220 3458 3351 3533 fine
3382 3458 3512 3515 illa-

589 3557 743 3597 rum.
790 3538 903 3599 His
943 3538 1129 3599 tribus
1168 3536 1529 3617 argumentis
1568 3536 1787 3597 iudicia
1826 3537 1902 3596 de
1940 3536 2212 3596 humanis
2254 3535 2480 3612 legibus
2511 3534 2634 3594 fieri
2667 3544 2916 3611 possunt
2937 3534 3508 3595 conuenientissime.

589 3616 982 3697 Principium,
1024 3620 1119 3678 vel
1158 3620 1609 3679 fundamentum
1649 3618 2048 3695 appellamus,
2087 3619 2124 3675 a
2164 3633 2285 3692 quo
2325 3616 2420 3674 lex
2461 3614 2723 3692 profluit,
2755 3624 3036 3691 tanquam
3056 3616 3219 3675 sonte
3239 3614 3508 3693 proprio:

584 3698 947 3773 Ob‘ectum,
1008 3700 1085 3759 de
1133 3716 1254 3776 quo
1313 3700 1409 3758 lex
1470 3698 1732 3772 ordinat,
1785 3708 2065 3773 tanquam
2115 3694 2358 3756 materia
2406 3692 2557 3753 iusta
2597 3693 2752 3754 circa
2793 3710 2972 3771 quam
3013 3696 3106 3755 lex
3146 3698 3510 3772 occupatur:

584 3776 655 3837 Fi
704 3806 709 3822 =
747 3798 807 3839 m
846 3778 1101 3854 denique
1142 3780 1507 3857 appellamus
1546 3796 1682 3837 eum
1731 3776 1896 3837 cuius
1946 3793 2128 3835 causa
2166 3777 2260 3835 lex
2299 3786 2404 3834 est.
2467 3778 2664 3850 Atque
2708 3776 2855 3833 haec
2895 3772 3007 3833 tria
3059 3792 3180 3833 non
3223 3776 3416 3834 solum
3454 3773 3516 3833 in

591 3857 854 3937 legibus,
894 3860 1101 3917 verum
1143 3857 1317 3919 etiam
1359 3856 1419 3916 in
1460 3855 1796 3917 actionibus
1836 3854 2110 3916 humanis
2150 3854 2426 3915 omnibus
2467 3857 2645 3931 quam
2688 3853 3126 3931 diligentissime
3167 3872 3319 3931 opus
3353 3864 3442 3913 est
3461 3856 3515 3914 δε

590 3956 830 4017 semper
870 3936 1180 4015 explorari.
1224 3940 1380 3999 Nam
1420 3937 1926 4014 quemadmodum
1964 3936 2186 4012 siquid
2226 3938 2263 3994 a
2302 3935 2462 3994 malo
2505 3935 2669 3994 sonte
2707 3944 2886 4011 atque
2925 3934 3160 4010 impuro
3185 3934 3514 4010 deriuatur,

588 4016 888 4096 impurum
928 4029 1041 4077 est:
1086 4018 1133 4077 si
1173 4016 1234 4077 in
1274 4020 1477 4077 locum
1516 4016 1773 4077 alienum
1812 4026 1992 4094 atque
2034 4014 2360 4075 indebitum
2399 4014 2727 4090 deriuatur,
2771 4016 3118 4073 damnosum
3162 4027 3278 4074 est:
3319 4014 3368 4073 si
3397 4014 3514 4073 fine

592 4100 647 4157 δε
688 4098 938 4159 consilio
982 4100 1139 4159 malo
1182 4100 1343 4175 (nam
1384 4096 1517 4157 finis
1554 4096 1613 4157 in
1655 4096 1832 4157 rebus
1874 4094 2198 4155 moralibus
2241 4094 2593 4173 principium
2633 4104 2933 4170 censetur,
2975 4114 3046 4153 ex
3077 4112 3198 4171 quo
3237 4093 3419 4153 iustae
3460 4096 3514 4153 &

590 4178 836 4239 iniustae
889 4178 1211 4256 plurimum
1270 4176 1534 4237 actiones
1596 4175 1871 4237 dicuntur
1930 4178 2080 4247 esse)
2144 4174 2420 4235 iniustum
2461 4184 2580 4234 est:
2643 4176 2735 4234 Ita
2773 4172 2950 4233 etiam
2992 4173 3054 4233 in
3096 4172 3325 4249 legibus
3365 4190 3518 4249 quae

591 4257 891 4319 actionum
933 4258 1321 4318 humanarum
1364 4256 1755 4335 praestituunt
1799 4254 2080 4333 modum,
2121 4256 2270 4317 haec
2309 4255 2418 4315 tria
2449 4256 2864 4315 obseruamus:
2906 4252 3294 4331 principium,
3319 4252 3514 4312 obiec-

592 4349 719 4400 tum
734 4385 753 4419 ,
792 4340 849 4399 δι
888 4338 1068 4399 finem
1106 4338 1384 4417 ipsarum.
1446 4337 1826 4415 Quapropter
1863 4334 2092 4414 singula
2131 4352 2241 4397 suo
2283 4334 2492 4397 ordine
2530 4352 2786 4412 aequum
2827 4344 2916 4393 est
2955 4332 3377 4473 expendaTffius.
3451 4424 3483 4487 ⁵

3287 4430 3370 4473 es.
3417 4430 3442 4469 1
3491 4454 3504 4469 .
