3923 4875
1404 364 1808 409 nintulcl
1867 364 2080 409 PARS
2141 363 2182 408 Ι.
3134 366 3252 423 427

328 520 417 581 ad
480 521 939 583 declarationem
1002 522 1169 584 modi
1227 525 1321 583 vel
1376 521 1737 585 conditionis
1792 522 2064 602 diuinae,
2118 540 2297 602 quam
2339 522 2399 583 in
2438 522 2706 585 Ecclesia
2745 521 2949 585 vident
2989 525 3182 585 solum
3226 524 3263 601 ij

331 600 555 679 quibus
594 603 758 663 Deus
798 602 1147 663 illuminauit
1188 603 1399 665 mentis
1443 605 1653 665 oculos
1694 614 1755 664 vt
1794 603 2000 664 videre
2041 603 2286 683 possint.
2326 603 2490 663 Dicit
2531 603 2720 680 enim,
2760 613 2826 666 vt
2852 606 3060 664 ciuitas
3094 625 3262 681 coag-

331 688 598 743 mentata
638 684 793 743 inter
833 702 894 743 se
918 686 1199 763 pariter-5
1249 685 1305 744 δι
1346 693 1578 744 seruato
1619 685 1815 763 sem(s.
1860 688 2109 763 704)per
2148 684 2366 744 eodem
2407 682 2611 761 simili,
2653 682 2762 743 tria
2803 684 2880 744 de
2917 685 3265 746 conditione

334 760 646 823 communi
688 762 992 824 Ecclesiae
1034 763 1150 823 Dei
1188 764 1521 843 praedicat:
1564 764 1827 825 Primum
1870 764 2113 843 quidem
2153 763 2451 824 ciuitatem
2471 766 2566 824 vel
2587 762 2754 856 quasi
2775 763 3076 825 ciuitatem
3103 784 3264 846 esse3

332 852 469 902 tum
509 840 808 902 ciuitatem
857 844 1083 921 optime
1122 844 1273 905 inter
1312 864 1375 906 se
1416 845 1841 923 coagmentatis
1880 844 2173 923 partibus3
2213 846 2516 921 postremo
2556 843 2900 922 dignitatem
2943 844 3263 905 maximam

334 925 398 1014 ὃς
458 920 683 1014 ciuitati
738 922 957 1004 inesse,
1016 925 1072 984 δι
1133 922 1374 1003 singulis
1432 926 1699 1003 partibus
1743 924 1897 986 illius
1912 971 1929 1005 ,
1973 942 2044 985 eo
2089 924 2254 1003 quod
2299 922 2450 985 inter
2491 944 2554 985 se
2593 922 2810 1002 pariter
2849 936 3264 1003 coagmentata

335 1011 457 1063 sint
498 1020 718 1062 omma.

421 1081 607 1159 Quod
654 1079 854 1160 itaque
904 1082 1160 1161 primum
1214 1086 1499 1145 ciuitatem
1549 1104 1677 1146 esse
1724 1083 1901 1163 dicit,
1942 1082 2134 1145 simile
2177 1085 2426 1145 alterum
2467 1094 2554 1145 est
2593 1085 2673 1145 ab
2713 1102 2820 1161 eo,
2861 1082 3028 1161 quod
3067 1082 3262 1162 primo

335 1179 516 1222 versu
576 1162 835 1239 positum
884 1174 1004 1242 est,
1045 1165 1183 1225 cum
1223 1164 1470 1226 domum
1509 1166 1769 1231 Iehouae
1808 1166 2160 1243 appellaret:
2220 1165 2328 1225 sed
2369 1174 2567 1224 tamen
2607 1174 2920 1241 vtrumque
2961 1162 3262 1225 Ecclesiae

335 1242 669 1302 catholicae
710 1242 934 1320 optime
976 1243 1273 1305 conuenit.
1338 1247 1491 1305 Nam
1536 1245 1745 1307 eadem
1787 1252 1877 1305 est
1914 1264 2030 1305 vna
2076 1244 2324 1323 domus,
2385 1244 2433 1305 si
2471 1245 2550 1305 ad
2591 1246 2787 1305 Deum
2829 1242 3259 1305 inhabitantem

335 1321 400 1382 in
448 1342 519 1383 ea
560 1322 915 1400 respexeris:
958 1324 1013 1384 δι
1055 1344 1168 1383 vna
1206 1324 1439 1400 ciuitas,
1480 1326 1528 1387 si
1565 1324 1887 1404 respexeris
1924 1327 2005 1386 ad
2045 1324 2269 1385 incolas
2308 1324 2433 1385 eius
2469 1324 2568 1385 vni
2589 1326 2754 1403 Dee,
2795 1324 2851 1383 &
2873 1323 2974 1383 vni
2994 1323 3261 1385 Domino

336 1402 459 1462 vna
511 1402 659 1478 fide,
711 1421 830 1463 vno
878 1402 1231 1482 baptismate
1282 1404 1631 1484 sentientes,
1672 1409 1727 1467 δι
1768 1406 2158 1467 adhaerentes
2199 1404 2258 1465 in
2301 1405 2522 1465 vnitate
2563 1404 2817 1483 spirituS.
2859 1404 3264 1480 Quemadmo-

338 1482 487 1543 dum
540 1481 719 1542 etiam
773 1484 963 1561 (quod
1017 1495 1105 1544 est
1156 1485 1488 1563 augustius)
1539 1503 1721 1546 vnum
1774 1503 1994 1563 corpus
2043 1487 2403 1565 appellatur,
2446 1488 2564 1562 qua
2603 1486 2806 1545 subest
2848 1482 2947 1543 vni
2988 1483 3166 1562 capiti
3205 1486 3262 1545 δι

336 1561 487 1623 viuit
524 1560 601 1622 de
640 1560 762 1623 vita
800 1562 954 1624 illius
994 1563 1054 1624 in
1096 1564 1331 1643 spiritus
1373 1564 1526 1626 illius
1564 1566 1807 1626 vnitate.
1849 1567 1945 1625 Ac
1982 1564 2236 1643 proinde
2277 1576 2341 1625 vt
2381 1582 2597 1643 corpus
2637 1580 2818 1624 vnum
2862 1583 2936 1623 ex
2979 1562 3262 1624 membris

338 1641 777 1721 compluribuS,
810 1644 1025 1705 domus
1065 1664 1181 1704 vna
1222 1666 1295 1706 ex
1336 1645 1663 1725 lapidibus,
1707 1645 1915 1707 ciuitas
1961 1665 2080 1706 vna
2121 1664 2194 1706 ex
2233 1644 2514 1705 domibus
2553 1653 2972 1723 coagmentata
3020 1645 3077 1704 ὅτ
3096 1662 3262 1704 com-

339 1723 540 1783 stituta
591 1733 723 1863 estd,i
763 1724 844 1784 ita
898 1722 1077 1785 etiam
1133 1726 1403 1787 Ecclesia
1453 1746 1525 1787 ex
1566 1726 1739 1787 variis
1778 1727 1947 1787 velut
1987 1724 2300 1805 membris,
2341 1723 2636 1804 lapidibus
2675 1722 2858 1805 viuis,
2897 1722 3261 1803 aedibusque

343 1812 621 1864 constare
724 1802 891 1863 citur.

422 1884 521 1943 Ad
580 1884 737 1943 hanc
793 1894 991 1945 autem
1046 1884 1529 1947 constitutionem
1580 1885 1706 1947 siue
1755 1884 2058 1965 corporis,
2115 1883 2238 1945 siue
2291 1884 2539 1961 domus,
2595 1882 2720 1945 siue
2764 1882 2941 1945 etiam
2982 1882 3262 1963 ciuitatiS,

344 1962 675 2023 necessaria
724 1975 859 2025 sunt
909 1965 1126 2044 multa,
1179 1965 1525 2027 communia
1561 1969 1865 2046 pleraque,
1904 1982 2096 2043 pauca
2133 1962 2466 2043 singularia.
2506 1963 2866 2025 Communia
2905 1974 3040 2024 sunt
3077 1964 3260 2025 baec:

344 2041 725 2123 principium,
764 2045 929 2122 quod
970 2048 1005 2105 a
1046 2047 1178 2107 Deo
1225 2048 1315 2123 (vt
1352 2048 1679 2125 Apostolus
1720 2046 1798 2107 ad
1839 2047 2153 2107 Hebraeos
2170 2044 2453 2122 loquitur)
2474 2054 2814 2105 constructa
2833 2054 2950 2121 est,
2989 2046 3046 2105 δι
3066 2042 3264 2104 adhuc

342 2123 701 2183 construitur
742 2123 1194 2202 contineturque
1235 2130 1291 2188 &
1331 2137 1420 2187 est
1461 2126 1671 2187 virtute
1727 2126 1909 2187 illius:
1950 2125 2118 2205 finis,
2167 2126 2334 2203 quod
2371 2125 2449 2185 ad
2489 2126 2604 2185 Dei
2641 2124 2890 2203 gloriam
2932 2122 3261 2184 inhabitan-

340 2200 417 2263 tis
472 2202 696 2283 ipsam;
757 2203 1031 2284 materia,
1097 2206 1263 2283 quod
1324 2227 1397 2267 ex
1456 2206 1827 2285 hominibus,
1886 2215 1952 2265 vt
1994 2205 2274 2267 membris
2315 2204 2729 2283 lapidibusque
2765 2202 2948 2282 viuis,
2987 2204 3064 2265 ad
3105 2206 3262 2265 hanc

344 2281 704 2361 spiritualem
762 2294 1115 2346 structuram
1178 2286 1633 2364 pertinentibus:
1693 2289 1886 2348 forma
1942 2285 2110 2362 quod
2172 2295 2415 2346 eatenus
2456 2302 2709 2364 corpus,
2769 2284 3014 2365 domus,
3055 2282 3262 2345 ciuitas

346 2362 567 2424 Christi
614 2373 731 2444 est,
790 2374 1079 2442 quatenus
1140 2384 1305 2426 suam
1367 2366 1712 2428 relationem
1772 2366 1851 2426 ad
1910 2363 2103 2444 ipsum
2160 2366 2375 2445 habet,
2445 2367 2501 2426 δι
2555 2364 2811 2425 vicissim
2852 2365 2988 2424 Deo
3029 2364 3260 2444 optimo

344 2442 602 2504 maximo
650 2444 841 2504 visum
900 2457 987 2506 est
1028 2446 1373 2508 relationem
1414 2449 1491 2508 ad
1542 2445 1730 2526 ipsam
1784 2447 2006 2507 habere
2046 2466 2151 2524 per
2187 2445 2434 2525 gratiam
2476 2448 2532 2507 δι
2569 2446 2846 2506 εὐδοκίαν
2885 2445 3093 2523 ipsius:
3133 2456 3260 2505 tum

340 2523 515 2584 etiam
576 2523 825 2586 actionis
874 2526 1123 2604 modus,
1175 2527 1338 2605 quod
1400 2526 1742 2587 aedificatur
1802 2526 1999 2587 adhuc
2054 2527 2110 2586 δι
2151 2525 2445 2606 colligitur
2483 2545 2590 2604 per
2630 2525 2876 2585 verbum
2919 2523 3260 2605 Euangelij,

345 2607 399 2665 δι
438 2602 535 2664 illa
574 2606 823 2665 verbum
864 2606 1077 2684 accipit
1118 2625 1240 2685 quo
1275 2607 1629 2685 adiungatur
1667 2607 1939 2685 Christo,
1991 2607 2045 2666 δι
2087 2617 2322 2667 maneat
2360 2604 2422 2666 in
2462 2605 2627 2684 ipso,
2668 2616 2846 2684 prout
2885 2604 2945 2664 in
2985 2607 3259 2682 Euange-

342 2683 471 2744 licis
524 2685 1011 2761 promissionibus
1052 2686 1372 2746 declarauit
1412 2686 1708 2749 Christus:
1764 2691 2069 2766 postremo
2111 2689 2354 2748 effectus
2397 2685 2731 2764 multiplex,
2772 2701 2950 2762 quern
2990 2685 3262 2745 Ecclesia

344 2762 403 2822 in
463 2783 679 2841 genere
738 2765 1035 2846 agnoscit,
1089 2783 1227 2826 cum
1280 2771 1316 2828 a
1369 2787 1433 2827 se
1474 2767 1774 2845 praedicat
1814 2767 1980 2828 credi
2019 2777 2362 2828 sanctorum
2403 2764 2916 2844 communionem,
2956 2775 3134 2842 prout
3175 2773 3262 2826 est

344 2843 689 2904 communio
743 2847 1149 2906 membrorum
1206 2846 1265 2906 in
1317 2866 1601 2926 corpore,
1663 2846 1917 2926 partium
1966 2845 2027 2906 in
2081 2847 2298 2924 dome,
2353 2845 2410 2906 δι
2463 2846 2524 2906 in
2576 2843 2814 2906 ciuitate
2862 2845 3118 2906 aedium.
3168 2846 3261 2904 Ex

346 2923 556 3001 quibus
601 2924 877 2986 omnibus
915 2926 1059 2987 illud
1097 2927 1437 3007 conficitur,
1478 2928 1803 2988 Ecclesiam
1844 2926 1960 2987 Dei
2000 2937 2126 2988 tum
2165 2927 2359 3004 reipsa
2397 2945 2577 2987 vnam
2619 2945 2775 3002 esse,
2816 2934 2995 3003 prout
3017 2943 3258 3004 corpus,

342 3003 585 3081 domus,
628 3003 834 3065 ciuitas
872 3016 1007 3066 sunt
1048 3005 1273 3084 aliquid
1310 3025 1525 3068 vnum:
1572 3019 1697 3068 tum
1741 3005 1919 3068 etiam
1958 3005 2086 3067 iure
2127 3025 2245 3067 vno
2293 3025 2454 3086 esse,
2507 3016 2686 3084 prout
2727 3021 2974 3084 corpus,
3017 3004 3262 3084 domus,

344 3083 550 3144 ciuitas
589 3082 699 3144 iuri
738 3084 838 3144 vni
878 3087 1155 3165 subsunt,
1199 3089 1254 3148 δε
1292 3105 1365 3146 ex
1406 3107 1479 3147 eo
1522 3086 1916 3147 administrari
1955 3087 2167 3148 solent.

422 3165 845 3224 Verumtamen
898 3165 957 3225 in
1008 3167 1121 3226 hac
1162 3167 1584 3228 communione
1625 3169 1682 3227 &
1722 3166 1808 3227 rei
1848 3170 1903 3229 δι
1942 3165 2116 3244 iuris,
2157 3167 2450 3244 quaedam
2493 3163 2870 3226 inu'eniuntur
2904 3162 3260 3243 singularia,

346 3255 519 3320 prout
558 3244 803 3323 singulis
852 3243 910 3305 in
952 3263 1204 3324 corpore
1244 3247 1553 3326 membris,
1604 3246 1665 3306 in
1707 3246 1894 3308 domo
1936 3243 2232 3326 partibuS,
2274 3244 2337 3306 in
2377 3245 2614 3307 ciuitate
2655 3244 2934 3306 domibus
2974 3261 3113 3305 suus
3167 3263 3260 3304 or·

346 3322 455 3402 do,
517 3341 776 3402 suaeque
832 3325 1164 3388 functiones
1205 3327 1519 3388 attributae
1554 3338 1709 3388 stmt.
1768 3329 1923 3387 Nam
1965 3325 2224 3405 primum
2262 3325 2324 3386 in
2365 3325 2494 3404 ipsa
2532 3327 2692 3386 velut
2732 3323 2975 3385 materia
3012 3325 3262 3400 domus,

346 3403 639 3482 corporis,
679 3415 777 3464 aut
818 3403 1093 3484 ciuitatis,
1134 3417 1329 3486 partes
1369 3407 1519 3468 aliae
1552 3409 1631 3469 ab
1664 3406 1791 3468 aliis
1824 3406 1975 3467 inter
1995 3426 2058 3468 se
2077 3405 2354 3467 differunt
2373 3403 2830 3486 proprietatibus
2851 3404 3260 3484 singularibus,

347 3501 489 3560 quas
528 3482 587 3543 in
630 3484 899 3545 Ecclesia
938 3491 1277 3564 personales
1318 3505 1629 3566 possumus
1668 3488 2002 3566 appellare:
2046 3503 2182 3546 cum
2225 3505 2337 3548 nec
2377 3484 2579 3546 omnia
2617 3486 2886 3546 membra
2926 3483 3086 3545 idem
3125 3484 3260 3564 sint,

347 3562 446 3623 sed
508 3563 770 3624 eiusdem
812 3565 1079 3644 corporis
1126 3569 1423 3648 membra3
1486 3587 1597 3629 nec
1637 3569 1850 3628 eodem
1892 3566 2104 3628 ordine
2141 3565 2289 3646 sint,
2333 3566 2436 3627 sed
2477 3565 2690 3626 eodem
2731 3583 3023 3644 corpore:
3064 3562 3262 3625 simili-

346 3649 546 3720 terque
602 3662 712 3704 nec
772 3663 979 3706 omnes
1039 3647 1264 3725 lapides
1324 3649 1573 3727 domus,
1635 3666 1748 3708 nec
1802 3648 1983 3709 aedes
2045 3645 2295 3708 ciuitatis
2335 3645 2619 3725 singulae.
2679 3645 2913 3707 Deinde
2955 3644 3162 3706 habitu
3202 3645 3259 3704 δι

347 3722 552 3784 officiis
603 3723 755 3784 inter
805 3744 869 3784 se
921 3725 1226 3803 differunt,
1287 3739 1463 3806 prout
1510 3732 1547 3788 a
1600 3729 1735 3788 Deo
1790 3727 2230 3806 distinguuntur
2283 3725 2456 3787 donis
2510 3727 2566 3784 δι
2605 3725 3048 3786 vocationibus:
3111 3742 3260 3803 quas

347 3803 684 3864 vocationes
721 3823 955 3866 rursum
995 3810 1322 3885 Apostolus
1357 3807 1801 3887 distinguendas
1842 3809 2023 3868 docet
2064 3807 2300 3867 duobus
2342 3803 2565 3886 modis3
2633 3825 2686 3866 1.
2728 3806 2870 3880 Cor.
2917 3825 3006 3866 12.
3047 3825 3105 3879 4.
3147 3806 3262 3866 διο..

346 3884 477 3942 cum
533 3895 803 3962 respectu
858 3905 1078 3964 operae
1128 3887 1253 3948 siue
1293 3888 1571 3968 actionis,
1609 3885 2188 3948 administrationum
2227 3885 2528 3964 meminit3
2569 3896 2840 3964 respectu
2881 3889 3025 3947 vero
3065 3883 3262 3962 operis

345 3961 462 4023 siue
521 3965 765 4025 effectus
825 3966 1087 4027 ostendit
1150 3967 1415 4029 diuersas
1455 3987 1585 4029 esse
1627 3967 2036 4046 operationes:
2101 3967 2429 4028 secundum
2477 3983 2662 4043 quae,
2703 3964 2972 4044 quamuis
3005 3964 3157 4026 inter
3196 3983 3262 4025 se

348 4045 657 4122 plurimum
700 4043 1060 4124 differentia,
1104 4049 1373 4108 membra
1414 4047 1643 4127 singula
1682 4046 1988 4109 Ecclesiae
2029 4047 2110 4108 ita
2143 4057 2512 4126 occupantur
2551 4046 2612 4106 in
2651 4044 2722 4106 iis
2753 4043 3094 4107 muneribus
3113 4062 3266 4122 quae

348 4122 685 4200 praescribit
736 4127 930 4202 DeuS,
986 4137 1049 4186 vt
1106 4147 1255 4188 vnvs
1315 4129 1371 4188 δι
1412 4127 1570 4189 idem
1610 4127 1858 4206 Spiritus
1901 4126 2102 4188 omnia
2143 4125 2362 4187 efficiat
2403 4126 2464 4186 in
2507 4125 2783 4187 omnibus
2821 4144 2932 4204 pro
2974 4125 3263 4186 demenso

349 4203 680 4264 donationis
728 4205 966 4267 Christi.
1027 4207 1407 4285 Quapropter
1447 4209 1783 4287 expendant
1824 4205 2174 4286 Christiani,
2215 4216 2584 4286 quantopere
2625 4205 2932 4286 indignum
2972 4203 3047 4266 sit
3087 4223 3260 4266 voca-

353 4283 506 4344 tione
560 4282 853 4364 ipsorum,
908 4288 964 4348 &
1018 4289 1249 4348 honore
1302 4305 1480 4363 quem
1534 4290 1698 4349 Deus
1756 4287 1896 4367 ipsis
1948 4288 2170 4349 habere
2222 4287 2498 4366 dignatus
2538 4295 2628 4348 est
2665 4285 2726 4346 in
2766 4285 2890 4347 filio
2930 4283 3264 4346 dilectionis

354 4381 485 4424 suae
502 4407 521 4442 ,
581 4362 629 4424 si
680 4376 781 4426 aut
834 4368 1101 4428 membra
1152 4367 1449 4449 corporis,
1489 4379 1591 4429 aut
1641 4368 1867 4448 lapides
1920 4369 2136 4430 domus
2151 4413 2168 4448 ,
2221 4378 2323 4428 aut
2359 4367 2612 4429 ciuitatis
2649 4377 2842 4446 partes
2861 4413 2876 4438 ,
2912 4367 3264 4505 quasadDeus

3121 4454 3266 4506 unat
