3923 4875
659 382 778 452 354
1351 360 1357 365 ’
1489 377 1596 428 nn
1656 377 2077 429 ponti-tn
2136 378 2391 429 uosrs
2450 380 2759 429 ousta.

666 548 820 610 lium
857 549 936 609 ad
975 543 1400 625 plenitudinem
1435 554 1774 623 temporum
1813 544 2081 625 pertinet.
2122 543 2507 607 Perfectionis
2528 543 2687 607 enim
2708 556 2937 607 creatae
2956 544 3082 606 siue
3102 542 3575 607 communicatae

683 630 900 691 modus
934 638 1022 689 est
1059 628 1306 706 duplex,
1345 626 1406 685 in
1447 628 1622 687 rebus
1662 627 1938 687 omnibus
1979 644 2130 701 quae
2170 624 2593 686 mutationibus
2634 626 2878 686 infestae
2918 636 3081 687 sunt:
3126 643 3275 686 vnus
3314 636 3403 687 est
3444 646 3573 703 per·

667 707 938 771 fectionis
978 708 1276 783 absolute,
1315 708 1464 766 alter
1503 710 1846 783 comparate
1885 704 2097 765 dictae.
2152 706 2506 767 Absolutam
2546 706 2973 784 perfectionem
3016 724 3148 766 eam
3188 708 3573 785 appellamus,

659 790 722 851 in
765 808 884 868 qua
924 786 1070 849 nihil
1108 786 1470 847 desideratur
1511 787 1674 862 quod
1713 786 1792 845 ad
1821 787 2037 846 iustam
2076 786 2132 845 δι
2174 788 2411 865 plenam
2452 785 2537 847 rei
2570 798 2840 847 naturam
2878 785 3353 847 constituendam
3394 787 3567 863 perti·

659 881 831 931 neat:
895 869 1255 947 Comparate
1313 870 1456 927 vero
1517 866 1940 944 perfectionem
2004 884 2138 925 eam
2198 869 2317 926 hoc
2373 868 2512 927 loco
2570 868 2936 945 appellamus
2949 911 2966 944 ,
3026 884 3180 945 quae
3237 866 3565 927 secundnm

660 961 902 1011 naturae
941 948 1214 1010 ordinem
1253 946 1429 1007 certis
1470 945 1748 1025 gradibus
1787 946 1868 1005 ad
1909 945 2685 1027 perfectionemjabsolutam
2708 946 3034 1006 contendit.
3075 944 3351 1025 Exempli
3368 964 3567 1024 causa..

659 1031 748 1091 vir
785 1039 975 1090 aetate
1017 1028 1166 1089 iusta
1204 1026 1629 1105 perfectionem
1670 1027 1848 1087 habet
1888 1037 2129 1086 naturae
2169 1044 2307 1087 suae
2346 1026 2673 1087 secundum
2713 1025 2958 1087 modum
2985 1026 3197 1103 ipsius:
3238 1042 3384 1103 puer
3419 1032 3559 1087 vero

659 1109 1084 1189 perfectionem
1140 1109 1323 1168 habet
1380 1116 1622 1168 naturae
1681 1124 1818 1167 suae
1877 1107 2205 1167 secundum
2263 1106 2533 1168 ordinem
2571 1105 2729 1167 eius:
2790 1124 2943 1184 quae
2980 1105 3297 1185 perfectiO‚
3338 1105 3388 1167 si
3426 1123 3567 1166 cum

660 1202 813 1252 statu
855 1188 1007 1249 virili
1045 1196 1453 1265 comparetur,
1514 1198 1604 1247 est
1641 1186 2042 1265 imperfecti03
2098 1186 2148 1246 si
2186 1186 2248 1246 in
2286 1206 2350 1247 se
2388 1186 2759 1265 respiciatur,
2820 1186 3101 1263 perfectio
3144 1186 3398 1246 dicenda
3439 1195 3557 1245 est:

659 1272 766 1332 sed
826 1280 1028 1330 tamen
1089 1286 1240 1345 quae
1283 1267 1361 1328 ad
1399 1266 1824 1358 perfectionem
1869 1266 2152 1327 maiorem
2185 1276 2394 1327 natura
2430 1269 2645 1327 fertur:
2704 1276 2882 1344 prout
2920 1282 3100 1326 omne
3144 1266 3557 1343 imperfectum

659 1349 990 1411 secundum
1049 1358 1282 1425 tempus
1336 1364 1496 1425 prlus
1555 1365 1684 1407 esse
1744 1348 2011 1425 perfecto
2068 1348 2249 1423 solet,
2300 1350 2355 1408 δι·
2413 1348 2497 1408 ad
2554 1346 2977 1424 perfectionem
3026 1346 3117 1407 sui
3150 1359 3393 1406 naturae
3434 1348 3567 1425 lege

656 1448 889 1507 semper
929 1430 1306 1489 contendere.
1349 1428 1874 1503 Quemadmodum
1913 1438 2109 1487 autem
2142 1426 2474 1487 successiua
2504 1431 2593 1504 (vt
2611 1429 2953 1505 loquuntur)
2975 1444 3171 1486 rerum
3191 1424 3565 1486 mutabilium

659 1528 723 1571 se
763 1512 943 1569 habet
982 1508 1295 1586 perfecti0,
1334 1506 1416 1567 ita
1454 1507 1634 1567 etiam
1673 1507 2168 1567 documentorum
2208 1506 2289 1567 ad
2328 1526 2427 1567 eas
2447 1506 2877 1585 pertinentium.
2914 1508 3070 1566 Nam
3090 1506 3259 1567 aliter
3278 1506 3567 1585 principia

658 1590 911 1650 docetur
968 1606 1141 1667 puer,
1200 1586 1365 1647 aliter
1426 1586 1533 1648 viri
1593 1588 1885 1647 docentur
1945 1586 2372 1665 perfectionem
2432 1586 2709 1649 scientiae
2722 1613 2738 1657 3
2801 1586 2909 1647 etsi
2970 1597 3217 1663 vterque
3256 1587 3563 1647 doctrinae

659 1670 872 1729 modus
911 1670 1237 1731 secundum
1279 1665 1569 1745 principia
1611 1667 1951 1745 seminaque
1994 1666 2173 1743 ipsius
2212 1686 2391 1727 vnam
2428 1668 2856 1745 perfectionem
2892 1667 3095 1727 habet.
3144 1665 3401 1727 Proinde
3438 1668 3565 1725 Lex

658 1748 846 1810 Mosis
885 1748 1212 1809 secundum
1253 1746 1540 1825 principia
1581 1748 1832 1808 eandem
1867 1748 2295 1825 perfectionem
2336 1748 2629 1825 continet,
2682 1765 2859 1824 quam
2898 1745 3227 1824 Euangelio
3269 1746 3565 1806 credimus

663 1828 981 1908 contineri3
1024 1827 1131 1888 sed
1169 1838 1366 1887 tamen
1407 1828 1732 1905 posteriore
1771 1826 2147 1904 perfectionis
2189 1828 2406 1888 modo:
2468 1826 2609 1905 quia
2648 1828 2941 1887 minorum
2982 1824 3152 1903 quasi
3187 1826 3567 1905 paedagogus

659 1910 797 1971 data
834 1919 950 1987 est,
991 1918 1056 1969 vt
1083 1908 1162 1967 ad
1203 1908 1614 1984 perfectiorem
1655 1906 1989 1967 doctrinam
2028 1919 2413 1986 assurgerent.
2458 1912 2655 1985 Atque
2693 1906 2791 1967 hic
2831 1907 2928 1966 ille
2950 1907 3165 1966 modus
3184 1905 3565 1983 perfectionis

658 1997 776 2066 est,
815 1988 1144 2050 secundum
1186 2004 1365 2063 quem
1403 1988 1596 2065 legem
1637 1986 1824 2048 Mosis
1864 1990 2191 2065 perfectum
2219 1988 2557 2065 exemplum
2577 1987 2723 2065 legis
2742 1986 3046 2060 naturalis,
3088 1986 3357 2063 diuinae,
3386 1996 3563 2063 atque

661 2070 954 2129 humanae
1012 2068 1407 2145 appellamus:
1469 2078 1532 2127 vt
1589 2085 1743 2145 quae
1783 2066 2023 2127 istarum
2063 2069 2262 2145 legum
2303 2066 2589 2145 principia
2628 2068 2886 2145 perfecte
2926 2066 3143 2141 tradat,
3202 2066 3427 2143 reipsa,
3464 2076 3567 2125 aut

659 2150 930 2226 exemplo
991 2166 1130 2225 su0,
1191 2150 1246 2206 δι
1304 2146 1469 2207 omni
1521 2147 1965 2224 imperfectione
2008 2158 2231 2208 careat:
2284 2147 2766 2225 quandoquidem
2817 2148 3081 2238 perfecta
3122 2144 3240 2205 Dei
3280 2146 3566 2222 sapientia

658 2226 956 2368 ortlllinauit
1013 2226 1226 2305 ipsam,
1279 2236 1343 2287 vt
1399 2228 1478 2289 ad
1519 2226 1941 2305 perfectionem
1996 2227 2302 2305 Euangelij
2358 2226 2687 2289 Ecclesiam
2724 2226 2903 2304 ips1us
2947 2225 3393 2286 adolescentem
3430 2245 3566 2304 pro·

661 2324 737 2369 ue
779 2320 920 2369 eret.

739 2388 923 2465 Quod
971 2399 1168 2449 autem
1221 2388 1545 2466 perfectum
1603 2388 1940 2466 exemplum
1981 2406 2051 2448 ea
2088 2389 2219 2466 lege
2260 2387 2413 2448 tradi
2456 2399 2559 2448 aut
2598 2387 2787 2467 reipsa
2826 2395 2927 2447 aut
2966 2387 3243 2466 exemplo
3284 2385 3569 2465 dicimuS,

656 2467 721 2529 id
783 2477 948 2529 certo
1007 2467 1257 2528 consilio
1299 2469 1688 2529 affirmamus:
1750 2468 1887 2546 quia
1924 2469 2203 2529 naturalis
2242 2468 2484 2546 quidem
2524 2488 2595 2529 ac
2636 2469 2867 2528 diuinae
2904 2467 3051 2545 legis
3092 2470 3435 2544 exemplum
3480 2479 3569 2528 est

657 2550 931 2626 ἔκτυπον,
981 2548 1044 2608 id
1085 2557 1205 2625 est,
1245 2566 1320 2607 ex
1358 2548 1589 2609 illarum
1629 2559 1771 2625 typo
1812 2550 1867 2607 δι
1908 2547 2257 2609 immutabili
2297 2551 2499 2626 regula
2535 2566 2875 2627 expressum
2914 2549 3355 2624 formatumque
3396 2549 3568 2607 boni-

657 2636 776 2688 tate
814 2629 930 2688 Dei
966 2631 1022 2688 &
1051 2627 1570 2706 imperuestigabili
1607 2629 1914 2706 sapientia:
1956 2629 2153 2706 legum
2193 2632 2333 2690 vero
2374 2632 2762 2690 humanarum
2790 2630 3129 2705 exemplum
3150 2645 3275 2687 non
3298 2629 3567 2703 ἔκτυπον,

657 2707 768 2768 sed
806 2709 1120 2767 ἀντίτυπον
1159 2717 1276 2768 est:
1317 2727 1440 2768 non
1481 2727 1554 2769 ex
1595 2711 1797 2786 regula
1834 2708 2227 2768 humanarum
2264 2711 2463 2788 legum
2499 2713 2537 2768 a
2574 2712 2748 2770 Mose
2786 2709 3081 2768 effictum:
3122 2707 3228 2767 sed
3272 2724 3411 2767 cum
3453 2707 3566 2766 illis

659 2805 734 2848 eo
795 2787 1272 2866 communicans,
1341 2787 1506 2865 quod
1566 2789 1724 2867 leges
1785 2806 1995 2848 omnes
2034 2789 2325 2850 humanae
2365 2791 2637 2867 exempla
2675 2789 2906 2850 illarum
2945 2797 3109 2858 sunt,
3154 2805 3281 2847 non
3319 2785 3568 2846 aliarum

655 2869 854 2944 legum
907 2867 1264 2944 exemplaria
1319 2877 1420 2928 aut
1481 2869 1606 2945 typi
1665 2867 1995 2944 necessarij.
2076 2869 2154 2928 Et
2214 2870 2331 2928 hoc
2382 2873 2716 2947 exemplum
2763 2867 2891 2928 aliis
2928 2869 3323 2928 humanarum
3362 2868 3565 2944 legum

659 2946 942 3024 exemplis
1002 2951 1314 3024 propterea
1373 2949 1857 3026 anteponendum
1917 2957 2037 3020 est,
2100 2948 2266 3025 quod
2325 2951 2653 3026 perfectum
2716 2968 2842 3010 esse
2883 2957 3115 3009 constat
3154 2947 3315 3024 apud
3356 2965 3566 3006 omnes

659 3027 852 3086 bonos
914 3027 976 3087 in
1033 3043 1142 3087 suo
1204 3045 1448 3104 genere:
1511 3045 1688 3105 quam
1750 3029 1987 3089 laudem
2040 3047 2220 3089 nemo
2262 3039 2383 3088 tam
2423 3033 2585 3089 certo
2625 3029 2749 3090 aliis
2788 3028 3060 3088 humanis
3098 3027 3332 3105 legibus
3370 3037 3569 3103 potest

655 3106 968 3246 {lt-libuere3<⁵
993 3105 1132 3184 quia
1169 3105 1318 3198 liaec
1356 3109 1412 3188 a⁴
1432 3109 1565 3170 Deo
1599 3108 1792 3187 posita
1812 3111 1868 3168 &
1899 3110 2266 3187 confirmata,
2294 3120 2471 3186 atque
2498 3111 2723 3171 sancita
2743 3119 2829 3170 est
2848 3106 3099 3170 solemni
3118 3107 3561 3168 testificatione:

721 3205 794 3246 ae
826 3205 930 3246 ver
1009 3204 1136 3246 non
1167 3198 1330 3250 item.

735 3265 917 3326 Thes.
957 3285 1016 3343 9.
1065 3269 1296 3326 Harum
1329 3277 1528 3328 autem
1566 3269 1765 3348 legum
1779 3313 1796 3348 ,
1856 3269 2163 3347 naturalis,
2224 3267 2494 3347 inquam,
2554 3271 2613 3331 δι
2654 3267 2885 3330 diuinae
2899 3313 2917 3346 ,
2972 3269 3029 3329 δι
3067 3269 3365 3328 humanae
3405 3266 3565 3327 varie

657 3355 954 3424 spectatur
991 3347 1327 3408 auctoritas.
1365 3349 1522 3408 Nam
1560 3349 1824 3428 illarum,
1861 3349 2140 3410 naturalis
2173 3349 2416 3427 inquam
2454 3351 2511 3408 ὅτ
2549 3351 2784 3411 diuinae
2822 3347 3031 3426 Legis,
3062 3348 3389 3409 auctoritas
3410 3347 3564 3407 inter

654 3427 851 3488 bonos
913 3429 968 3488 δι
1025 3426 1158 3505 pios
1198 3437 1362 3488 extra
1400 3446 1644 3490 omnem
1683 3431 2149 3492 controuersiam
2189 3441 2277 3490 est
2316 3429 2534 3508 posita:
2598 3428 3080 3507 quandoquidem
3120 3438 3434 3506 vtramque
3474 3425 3565 3487 sui

654 3515 924 3568 auctores
961 3509 1042 3568 ab
1081 3505 1245 3568 omni
1285 3508 1718 3587 controuersia,
1779 3506 2174 3589 dubitatione,
2235 3514 2290 3570 δι
2331 3509 2667 3587 suspicione
2708 3509 2952 3570 omnino
2993 3507 3315 3568 vindicant.
3381 3506 3563 3566 Natu·

659 3587 841 3647 ralem
899 3587 1116 3665 probat
1173 3596 1410 3665 natura,
1470 3588 1734 3649 diuinam
1792 3591 1983 3651 Deus:
2039 3595 2077 3650 a
2122 3589 2336 3668 quibus
2389 3591 2729 3652 auctoribus
2776 3589 3021 3650 nomina
3078 3599 3214 3648 sunt
3264 3587 3563 3665 imposita.

653 3667 938 3727 Naturam
975 3677 1172 3728 autem
1209 3667 1412 3744 testi(f.
1453 3671 1626 3748 ¹500)
1661 3671 1938 3731 ficantem
1980 3670 2126 3748 Legi
2146 3689 2285 3731 suae
2306 3689 2514 3732 omnes
2548 3670 2819 3730 homines
2846 3667 3183 3729 sentiunt&
3203 3677 3561 3746 agnoscunt,

655 3756 1004 3825 oppugnant
1042 3747 1180 3808 mali
1225 3747 1432 3808 studiis
1471 3749 1918 3827 particularibus
1957 3751 2217 3828 abrepti,
2258 3753 2313 3810 δι
2335 3754 2543 3811 colunt
2560 3751 2735 3829 boni,
2766 3751 2961 3810 Deum
2982 3751 3124 3809 vero
3144 3749 3560 3808 testificantem

655 3826 1048 3888 communiter
1088 3826 1322 3905 plurimi
1361 3829 1649 3910 sentiunt,
1691 3833 1746 3890 δι
1786 3829 1865 3908 pij
1905 3831 2019 3892 soli
2059 3831 2387 3910 percipiunt
2408 3831 2810 3892 efficacissime
2831 3847 2937 3907 per
2956 3827 3562 3889 communicationem

655 3905 917 3983 Spiritus.
958 3908 1131 3983 Quae
1171 3908 1308 3968 ciim
1347 3905 1428 3969 ita
1459 3909 1607 3989 sint,
1647 3909 1951 3971 verissime
1993 3909 2140 3972 illud
2182 3911 2521 3983 statuimus,
2566 3920 2834 3972 neutram
2868 3919 3038 3987 posse
3076 3910 3116 3967 ὰ
3156 3928 3445 3986 quoquam
3466 3917 3565 3986 op-

644 3989 906 4064 paquara·
938 3989 1062 4048 sine
1097 3989 1506 4064 indignissima
1537 3991 1600 4050 in
1639 3991 1834 4050 Deum
1849 4035 1888 4068 „
1908 3999 2185 4052 naturam
2198 4038 2217 4070 ,
2260 4013 2449 4052 omnes
2464 4037 2481 4066 ,
2525 3993 2775 4068 adedque
2810 4009 2871 4048 sc
2908 3991 3095 4068 {psum
3113 3990 3359 4048 iniuria.
3403 3989 3560 4047 Nam

651 4066 960 4156 quomodo
1021 4085 1146 4127 non
1207 4068 1426 4128 afficiat
1483 4069 1533 4130 is
1581 4069 1791 4130 iniuria
1830 4071 2057 4150 Deum,
2098 4073 2199 4150 qui
2238 4073 2429 4150 legem
2468 4071 2649 4150 ipsius
2692 4079 3030 4148 oppugnat:
3093 4085 3230 4129 cum
3274 4069 3373 4130 ille
3410 4085 3560 4128 vnus

649 4153 724 4204 sit
760 4145 1114 4225 principium
1156 4148 1480 4210 Vniuersale
1520 4160 1764 4210 naturae
1805 4155 2118 4228 rerumque
2157 4151 2423 4212 omnium
2462 4169 2616 4229 quae
2636 4150 2695 4211 in
2718 4162 2925 4211 natura
2944 4159 3108 4226 sunt3
3130 4149 3185 4208 &
3205 4147 3559 4226 principium

647 4242 966 4316 commune
1005 4247 1080 4287 ac
1119 4227 1410 4306 singulare
1447 4229 1670 4306 gratiae
1707 4229 1770 4290 in
1808 4231 2077 4292 Ecclesia
2116 4231 2258 4293 sua?
2298 4251 2375 4294 an
2416 4238 2559 4294 vero
2600 4251 2724 4292 non
2766 4241 2919 4292 esset
2960 4231 3141 4290 homo
3184 4229 3249 4288 in
3290 4239 3562 4289 naturam

645 4323 836 4382 ipsam
873 4305 1140 4384 iniuriuS,
1181 4306 1284 4384 qui
1321 4311 1544 4386 Legem
1583 4313 1622 4370 a
1660 4320 1870 4370 natura
1910 4313 2111 4372 datam
2155 4315 2211 4374 δι
2250 4311 2598 4390 impressam
2642 4311 2704 4372 in
2744 4309 3013 4372 omnium
3046 4309 3345 4370 mentibus
3378 4317 3561 4369 tentat

647 4381 1020 4447 conuellere?
1059 4405 1138 4447 an
1177 4387 1354 4448 etiam
1394 4387 1578 4451 iustus
1617 4389 1680 4451 in
1717 4407 2081 4469 quemquam
2102 4391 2411 4456 hominum
2428 4391 2810 4471 pronunciari
2828 4389 3037 4470 possit,
3070 4388 3172 4468 qui
3194 4387 3565 4526 atrocissimt:

3452 4485 3507 4526 is
