3923 4875
1408 370 1815 417 transiet
1876 372 2086 417 PARS
2143 372 2184 417 1.
3129 374 3244 434 399

316 532 488 611 quid
539 542 641 593 aut
692 533 771 594 de
820 550 919 593 me
958 532 1202 594 homine
1240 532 1637 595 abiectissimo
1652 578 1670 612 ,
1706 543 1810 594 aut
1848 534 1926 595 de
1967 530 2188 611 scripto
2229 532 2350 593 hoc
2385 532 2649 594 instituto
2692 551 2830 595 meo
2871 532 3254 613 praeiudicati

318 612 680 692 concipiant
728 612 788 673 in
840 612 1051 675 animis
1098 612 1249 693 suis,
1305 624 1587 692 tanquam
1638 614 1689 675 si
1726 613 1789 674 in
1830 616 2038 674 harum
2093 624 2194 673 aut
2231 612 2462 673 illarum
2501 614 2756 691 partium
2795 614 3034 691 (quibus
3072 614 3253 675 hodie

318 693 703 754 Christianus
745 692 906 755 orbis
949 694 1157 755 misere
1204 692 1510 771 scinditur)
1551 693 1785 772 odium,
1813 692 2130 773 inuidiam,
2149 703 2251 753 aut
2269 704 2474 755 notam
2494 695 2964 773 qualemcunque
2986 694 3096 754 sim
3119 695 3254 754 alla·

324 786 543 852 turus,
601 786 702 833 aut
756 775 831 835 de
872 794 969 835 me
1017 774 1142 853 ipse
1183 773 1495 852 magnifice
1536 778 1711 853 supra
1751 778 1933 852 quam
1975 774 2147 835 decet
2189 785 2290 833 aut
2329 784 2566 853 oportet
2605 774 2878 853 sentiam,
2918 785 3019 833 aut
3062 794 3254 835 meam

324 873 587 932 operam
642 854 1032 933 praefidenter
1079 854 1358 932 aliorum,
1412 872 1565 932 quos
1604 874 1775 933 am0,
1816 856 1983 933 colo,
2025 862 2417 932 venerorque,
2458 873 2674 933 operae
2714 865 3104 932 anteponam:
3149 854 3252 915 sed

324 934 537 1013 potius
574 932 660 996 sic
698 936 775 995 de
814 954 911 995 me
952 945 1237 1013 statuant,
1268 954 1363 995 me
1397 934 1615 996 omissa
1648 952 1986 1013 causarum,
2007 952 2235 1013 rerum,
2257 933 2630 996 &actionum
2650 933 3063 1013 singularium,
3097 954 3248 1014 quae

324 1017 394 1075 in
438 1016 558 1087 hoc
598 1024 866 1093 tempore
906 1014 1326 1094 discutiuntur,
1370 1015 1628 1092 ratione,
1668 1015 1815 1076 citra
1852 1013 2314 1093 praeiudicatum
2361 1014 2531 1075 vllius
2551 1014 2840 1091 hominiS,
2862 1034 2938 1075 ex
2958 1016 3085 1076 sola
3104 1014 3252 1076 veri-

324 1096 474 1159 tatis
510 1096 746 1157 diuinae
785 1095 1285 1173 contemplatione
1324 1094 1399 1155 de
1438 1116 1587 1175 pace
1629 1095 2098 1157 Christianorum
2115 1140 2132 1173 ,
2175 1112 2326 1174 quae
2366 1094 2707 1157 communia
2742 1105 2878 1155 sunt
2913 1096 3074 1171 (hinc
3095 1095 3254 1157 enim

328 1176 700 1237 traducimur
738 1175 1186 1255 particularibus
1226 1175 1430 1236 studiis
1470 1178 1527 1237 &
1570 1176 2006 1250 occasionibus)
2048 1174 2342 1235 dicturum
2383 1194 2537 1237 esse:
2591 1175 2693 1255 qui
2743 1176 2818 1235 de
2860 1194 2956 1237 me
2997 1176 3082 1237 sic
3123 1194 3259 1237 sen-

328 1258 484 1319 tiam
504 1303 519 1332 ,
574 1277 695 1318 non
752 1260 943 1317 solum
992 1255 1245 1317 aliorum
1300 1268 1562 1333 peccata,
1624 1256 1730 1317 sed
1772 1274 1905 1316 mea
1946 1272 2188 1333 quoque
2228 1254 2408 1347 ipsius
2446 1254 2506 1315 in
2548 1258 2745 1317 Deum
2787 1255 3130 1335 grauissima
3167 1256 3259 1317 his

330 1336 813 1399 lamentabilibus
855 1335 1303 1400 Christianitatis
1343 1334 1599 1397 dissidiis
1628 1335 1924 1416 castigari:
1981 1334 2083 1413 qui
2122 1336 2380 1413 demque
2420 1337 2496 1397 de
2539 1354 2672 1397 mea
2713 1336 2895 1415 opera
2935 1355 3058 1397 non
3100 1336 3259 1398 aliud

331 1418 679 1498 praedicem
696 1465 713 1497 ,
754 1420 932 1496 quam
974 1415 1140 1495 quod
1174 1418 1247 1477 sit
1286 1415 1662 1496 tenuissima,
1702 1420 1757 1478 &
1796 1422 1833 1477 a
1863 1416 1980 1477 fine
2021 1416 2326 1495 proposito
2367 1417 2518 1477 absit
2555 1419 2734 1494 quam
2757 1418 3130 1498 longissime,
3149 1418 3257 1477 sed

328 1511 535 1561 tamen
575 1504 612 1559 ὲ,
650 1500 785 1560 Deo
825 1498 931 1577 sit,
970 1496 1073 1578 qui
1111 1498 1287 1559 etiam
1328 1510 1533 1559 tenues
1571 1497 1871 1577 operarios
1910 1501 1967 1558 &
2007 1496 2272 1557 infirmos
2310 1514 2446 1557 cum
2469 1496 2891 1559 valentioribus
2911 1508 3166 1577 occupat
3194 1496 3256 1556 in

329 1580 525 1642 domo
565 1598 670 1641 sua
708 1580 1035 1641 extruenda
1049 1624 1067 1658 ,
1100 1579 1180 1639 ad
1198 1588 1537 1639 sanctorum
1560 1576 2138 1657 coagmentationem
2159 1581 2215 1638 &
2235 1576 2706 1637 aedificationem
2727 1579 2996 1657 corporis
3018 1576 3254 1640 Christi.

331 1662 504 1722 Deus
542 1658 711 1721 nouit
729 1704 748 1740 ,
791 1660 887 1721 eui
926 1658 1121 1721 seruio
1162 1658 1223 1718 in
1264 1658 1469 1737 spiritu
1512 1658 1721 1719 mentis
1763 1678 1929 1719 meae
1971 1668 2260 1735 quantum
2300 1656 2638 1718 incendium
2682 1662 2770 1734 (vt
2809 1658 2891 1719 ita
2930 1658 3150 1733 dicam)
3193 1656 3254 1717 in

332 1740 699 1818 praecordiis
738 1741 795 1799 δε
834 1739 1033 1801 animo
1070 1757 1207 1799 meo
1250 1738 1499 1799 sentiam
1539 1741 1653 1800 hac
1695 1737 1845 1799 tristi
1888 1736 2040 1797 facie
2079 1735 2528 1798 Christianitatis
2561 1736 2828 1799 excitari:
2851 1750 3136 1815 quantum
3159 1754 3256 1797 me

332 1824 553 1881 horum
614 1822 668 1880 δι
720 1819 955 1881 illorum
1009 1819 1183 1880 simul
1234 1819 1504 1881 misereat
1519 1864 1537 1897 ,
1592 1818 1695 1897 qui
1736 1817 2081 1896 religionem
2123 1818 2528 1895 imprudentes
2568 1830 2916 1897 oppugnant
2955 1817 3258 1897 religionis

245 1898 263 1901 “
335 1902 565 1979 studio,
603 1912 872 1961 naturam
912 1899 1263 1961 auctoritate
1300 1910 1547 1960 naturae
1562 1945 1581 1977 ,
1622 1904 1679 1960 δι
1718 1900 1915 1959 Deum
1952 1897 2145 1977 ipsum
2188 1897 2425 1959 diuinae
2464 1898 2824 1960 auctoritatis
2871 1899 3068 1979 specie
3105 1898 3256 1979 ipso-

336 1998 473 2042 rum
512 1984 751 2059 oculos,
790 1980 936 2041 dum
978 1980 1055 2041 ad
1094 1999 1157 2041 se
1197 1978 1309 2059 ipsi
1348 1998 1470 2041 non
1504 1979 1643 2040 satis
1685 1978 1996 2041 attendunt
2037 1977 2526 2057 praestinguente.
2584 1980 2769 2055 Quod
2807 1980 2856 2041 si
2891 2000 3084 2042 meam
3105 1980 3260 2039 hanc

336 2064 597 2141 opellam
614 2109 631 2140 ,
672 2061 839 2123 cuius
879 2060 1137 2122 studium
1177 2060 1238 2121 in
1278 2078 1375 2121 me
1414 2058 1736 2121 concitauit
1774 2061 1971 2138 DeuS,
2011 2058 2109 2119 ille
2148 2069 2311 2136 pater
2351 2058 2795 2120 miserationum
2824 2064 2880 2121 &
2901 2061 3094 2122 omnis
3117 2078 3268 2120 con·

338 2142 645 2204 solationis
684 2152 893 2203 auctor
931 2158 1038 2203 sua
1070 2139 1499 2202 benedictionis
1542 2158 1723 2200 manu
1763 2140 2027 2215 direxeff.
2071 2136 2292 2212 680)rit
2324 2148 2388 2198 vt
2416 2142 2472 2200 &
2505 2139 2814 2201 veritatem
2841 2139 2904 2201 in
2923 2160 2988 2201 se
3007 2144 3258 2217 habeat,

340 2225 397 2283 δι
457 2223 733 2284 omnibus
792 2224 1105 2303 praebeat,
1168 2224 1224 2282 δε
1275 2220 1451 2281 bonis
1500 2222 1709 2281 saltem
1762 2220 1988 2299 aliquot
2021 2228 2293 2279 testatam
2334 2218 2508 2279 faciat
2548 2218 2854 2281 veritatem
2892 2222 3013 2282 hoc
3053 2219 3258 2283 officio

342 2320 481 2364 meo
498 2348 515 2381 ,
556 2303 880 2364 maximum
918 2301 1065 2363 mihi
1106 2321 1323 2381 operae
1352 2302 1617 2378 precium
1660 2300 1867 2363 fecisse
1906 2300 2160 2360 videbor
2198 2317 2306 2377 per
2347 2298 2828 2361 benedictionem
2868 2300 3041 2363 illius.

420 2385 602 2445 Hanc
638 2398 837 2446 autem
878 2380 1258 2462 scriptionem
1292 2402 1487 2444 meam
1540 2380 1623 2443 ita
1662 2391 1891 2443 certum
1932 2390 2022 2441 est
2060 2391 2418 2460 temperare,
2461 2390 2524 2440 vt
2562 2383 2600 2441 a
2641 2382 2773 2442 Deo
2816 2383 3046 2462 omnia,
3086 2386 3124 2444 a
3165 2401 3261 2445 me

340 2465 487 2526 nihil
525 2463 716 2544 (cuius
755 2464 999 2542 quidem
1038 2463 1313 2525 conscius
1352 2482 1480 2523 esse
1520 2462 1765 2542 possim)
1808 2461 1869 2523 in
1910 2459 2172 2522 medium
2213 2461 2472 2521 afferam.
2527 2461 2911 2541 Quapropter
2950 2462 3259 2524 materiam

340 2545 519 2607 totius
567 2543 856 2608 sermonis
911 2564 985 2605 ex
1022 2543 1137 2606 Dei
1186 2546 1373 2605 verbo
1436 2543 1895 2621 deprompturus
1955 2558 2118 2618 sum,
2157 2559 2235 2601 ne
2274 2543 2312 2600 a
2353 2543 2544 2600 forma
2581 2541 2842 2602 veritatis
2884 2541 3040 2604 illius
3081 2561 3262 2621 quam

341 2627 503 2686 Deus
549 2622 834 2703 expressit
890 2625 1113 2702 verbo,
1154 2627 1374 2685 temere
1414 2623 1762 2684 abscedam:
1817 2621 2264 2684 Tractationem
2308 2622 2451 2683 vero
2494 2619 2732 2682 diuinae
2771 2623 2943 2683 huius
2976 2623 3261 2685 'materiae

342 2715 515 2783 atque
554 2705 886 2783 argumenti
924 2704 1079 2766 iusto
1118 2704 1345 2781 ordini,
1387 2701 1589 2782 quoad
1629 2701 1752 2764 eius
1786 2701 1910 2764 fieri
1932 2702 2182 2782 poterit,
2199 2703 2638 2762 conformatum
2657 2711 2960 2780 pertexam
2982 2703 3262 2784 breuiter,

344 2784 628 2864 dilucide,
669 2805 742 2846 ac
781 2785 1162 2864 populariter.
3243 2835 3258 2854 .

422 2867 663 2928 Summa
702 2863 1031 2944 argumenti
1072 2884 1215 2943 ergo
1254 2866 1447 2926 futura
1487 2873 1605 2924 est:
1645 2865 1771 2924 Iam
1808 2865 1939 2942 plus
1958 2862 2099 2924 satis
2119 2861 2179 2923 in
2200 2863 2349 2923 orbe
2370 2861 2704 2923 Christiano
2724 2860 3068 2924 dimicatum
3100 2883 3260 2944 esse;

344 2965 551 3024 pacem
590 2946 973 3024 quaerendam
1010 2944 1334 3006 secundum
1376 2945 1604 3021 Deum,
1644 2943 2062 3004 inueniendam
2079 2989 2096 3022 ,
2136 2942 2644 3020 amplectendam,
2677 2943 2733 3001 δι
2757 2943 2951 3004 modis
2977 2943 3258 3005 omnibus

343 3027 740 3105 retinendam,
791 3036 855 3086 vt
904 3027 1128 3086 fructus
1182 3025 1363 3102 illius,
1414 3041 1567 3102 quos
1618 3024 1783 3084 Deus
1836 3025 2022 3084 verbo
2065 3021 2380 3102 proponit,
2419 3020 2814 3099 amplissimos
2854 3041 3256 3102 assequamur.

344 3107 540 3167 Partes
590 3116 789 3168 autem
842 3105 1130 3167 sermonis
1186 3103 1350 3166 istius
1405 3104 1557 3164 duae
1610 3105 1839 3166 futurae
1891 3116 2060 3165 sunt:
2113 3101 2279 3184 Vna,
2321 3102 2400 3163 de
2442 3101 2627 3162 modo
2669 3103 2862 3182 pacis:
2901 3105 3141 3182 Altera,
3185 3105 3263 3166 de

342 3188 529 3246 fructu
566 3185 737 3247 illius.
798 3185 1081 3263 Modum,
1120 3203 1195 3246 ex
1233 3183 1429 3246 verbis
1470 3183 1717 3244 Dauidis
1758 3184 1909 3245 Psal.
1957 3203 2088 3243 122.
2133 3185 2385 3245 Fructus
2425 3199 2499 3240 ex
2537 3181 2773 3244 Psalmo
2822 3201 2954 3260 133.
2999 3183 3265 3246 eiusdem

344 3265 533 3328 verbis
587 3284 969 3344 exponemus.
1026 3268 1365 3343 Antequam
1423 3265 1565 3326 vero
1606 3264 1685 3324 ad
1724 3263 2082 3356 singularem
2122 3263 2386 3324 venimus
2425 3260 2725 3340 Vtriusque
2764 3261 2884 3323 loci
2925 3263 3266 3342 interpreta-

344 3345 590 3424 tionem,
645 3348 783 3406 cum
836 3356 1085 3423 vtroque
1136 3345 1197 3406 in
1250 3347 1487 3406 Psalmo
1543 3361 1877 3404 communis
1929 3353 2087 3404 extet
2136 3341 2442 3422 inscriptio
2459 3387 2474 3418 ,
2532 3340 2608 3401 de
2670 3362 2739 3403 ea
2795 3353 2975 3421 prout
3023 3343 3102 3404 ad
3140 3364 3266 3405 rem

347 3435 707 3504 praesentem
747 3425 982 3504 attinet,
1020 3423 1195 3486 nobis
1236 3424 1559 3486 dicendum
1599 3434 1705 3484 est.
1746 3423 2060 3502 Inscriptio
2093 3423 2178 3484 sic
2197 3424 2380 3484 habet
2393 3467 2410 3500 ,
2453 3421 2752 3482 Canticum
2773 3425 3232 3485 excellentiarum
3250 3471 3268 3502 ,

344 3505 402 3566 id
440 3515 555 3582 est,
596 3503 761 3566 omni
800 3504 1145 3566 excellentia
1184 3504 1565 3582 instructum,
1602 3503 1882 3566 Dauidtk.
1915 3502 2130 3581 quibus
2168 3503 2361 3564 verbis
2397 3501 2610 3562 modus
2633 3549 2650 3581 ,
2672 3506 2727 3564 δι
2747 3521 2840 3562 res
2869 3521 3022 3582 quae
3043 3503 3265 3583 agitur,

348 3585 399 3644 δι
433 3595 642 3646 auctor
680 3583 1061 3663 proponitur:
1104 3588 1333 3646 Auctor
1366 3583 1634 3665 quidem,
1674 3585 1936 3644 Daus'dis
1975 3583 2249 3644 nomine:
2295 3587 2418 3644 Res
2437 3627 2456 3660 ,
2501 3585 3004 3644 excellentiarum:
3041 3586 3262 3646 Modus

350 3669 484 3726 vero
498 3711 517 3742 ,
563 3665 793 3726 Cantici
828 3683 907 3743 ap
948 3663 1243 3726 ellatione.

422 3745 573 3806 Cum
611 3755 810 3805 autem
848 3765 885 3804 a
966 3744 1179 3806 iustam
1220 3743 1463 3805 istarum
1504 3763 1701 3804 rerum
1740 3741 2181 3821 intelligentiam
2216 3742 2279 3803 id
2301 3743 2559 3822 primum
2579 3741 2728 3802 ratio
2761 3745 3006 3804 naturae
3026 3753 3262 3806 nostrae

352 3826 599 3903 postulet
647 3823 707 3884 in
754 3823 1065 3900 docend0,
1118 3835 1182 3886 vt
1218 3824 1295 3885 de
1336 3827 1429 3884 Re
1468 3822 1597 3902 ipsa
1636 3834 1956 3900 antequam
1999 3823 2075 3884 de
2115 3826 2381 3886 Auctore
2425 3833 2525 3884 aut
2567 3822 2757 3882 Modo
2793 3839 3228 3901 cognoscamus
3245 3869 3262 3900 ,

330 3922 520 3982 -quam
568 3924 694 3965 rem
747 3905 1215 3964 excellentiarum
1267 3903 1507 3964 nomine
1560 3903 1815 3964 diximus
1864 3901 2287 3983 demonstrari3
2334 3903 2474 3966 Duo
2512 3902 2611 3962 hic
2656 3901 2830 3962 nobis
2873 3903 3265 3982 expendenda

352 3995 503 4060 sunt,
556 4001 708 4063 quae
760 3983 822 4044 in
881 3984 1129 4045 dubium
1180 3982 1399 4044 adduci
1436 3994 1710 4061 possent:
1768 3981 2044 4044 nimirum
2095 3983 2361 4045 Hebraei
2408 3981 2666 4045 nominis
2725 3980 3130 4060 interpretatio
3148 4029 3164 4060 ,
3209 3985 3264 4043 δι

352 4063 605 4125 conditio
666 4063 749 4124 rei
804 4081 957 4142 quae
1010 4063 1102 4125 his
1154 4063 1397 4126 Psalmis
1448 4061 1775 4142 exponitur.
1833 4063 2070 4124 Nomen
2125 4063 2284 4124 enim
2341 4065 2690 4124 Hebraeum
2731 4061 3000 4140 plerique
3052 4082 3263 4125 omnes

353 4142 792 4222 interpretantur
843 4142 1031 4204 varie:
1088 4141 1204 4220 Alij
1256 4143 1505 4222 gradus:
1560 4142 1676 4218 Alij
1734 4141 2078 4204 adscensus:
2138 4143 2256 4219 Alij
2311 4143 2570 4222 denique
2641 4142 3044 4224 excellentias,
3097 4143 3264 4222 quod

358 4234 711 4301 postremum
752 4223 939 4284 secuti
979 4239 1199 4286 sumus,

422 4302 543 4380 Qui
594 4301 811 4382 gradus
864 4301 1354 4382 interpretantur,
1406 4321 1479 4362 ex
1532 4299 1889 4363 coniecturis
1929 4301 1986 4360 δι
2027 4300 2152 4362 sine
2193 4303 2545 4380 probatione
2585 4311 2747 4363 certa
2761 4349 2780 4382 ,
2821 4317 2976 4378 quae
3015 4301 3258 4382 quidem

356 4400 419 4443 ex
454 4383 741 4462 scriptura
778 4393 1053 4444 constare
1088 4380 1303 4462 possit,
1345 4390 1583 4443 narrant
1598 4380 1819 4460 gradus
1836 4381 1899 4442 in
1918 4382 2148 4460 templo
2169 4381 2372 4445 fuisse:
2394 4381 2722 4444 secundum
2741 4399 2893 4462 quos
2919 4383 3260 4444 Leuitarum

2972 4461 3268 4524 Musicani
