3923 4875
592 354 710 413 330

592 521 837 587 vocant,
896 509 1126 587 optimo
1186 509 1311 569 iure
1372 529 1581 571 omnes
1638 509 1949 571 tribuimus
2008 526 2303 570 consensu
2363 527 2518 588 vno,
2571 529 2644 570 ex
2693 506 2998 568 communi
3039 506 3222 586 ipsius
3265 520 3518 570 naturae

591 588 931 650 testimonio
946 634 963 667 ‚
1023 598 1306 667 certoque
1366 589 1587 651 iudicio
1649 590 1891 650 rationis
1944 599 2213 650 nostrae:
2263 588 2361 649 hic
2417 599 2616 650 tamen
2663 589 2920 648 humana
2960 589 3146 648 ferme
3191 589 3344 650 ratio
3386 608 3514 650 non

591 672 844 731 titubare
896 671 1116 746 solum,
1168 671 1277 730 sed
1330 669 1655 749 impingere
1692 671 1865 732 solita
1906 681 2028 744 est,
2069 669 2284 748 partim
2325 669 2660 730 fallentibus
2697 667 2958 729 tenebris
3003 667 3220 729 mentis
3237 714 3254 746 ,
3293 671 3513 747 partim

590 753 827 811 labente
872 749 1207 811 infirmitate
1260 761 1495 829 nostra,
1536 757 1824 829 partimq3
1864 750 2072 810 studiis
2109 749 2500 828 singularibus
2540 749 2602 809 in
2640 749 2872 809 diuersa
2911 747 3176 825 singulos
3218 749 3516 827 abripien-

593 831 767 892 tibus.
826 831 982 891 Nam
1036 849 1245 891 omnes
1298 830 1541 907 quidem
1594 843 1803 891 natura
1841 832 2021 893 docet
2061 831 2335 890 ordinem
2375 848 2503 890 esse
2545 829 2606 888 in
2643 830 2819 889 rebus
2859 828 3163 906 humanis,
3199 829 3260 889 in
3305 828 3512 907 primis

592 923 791 972 autem
850 911 1105 988 publicis
1121 957 1139 989 ,
1198 922 1505 988 oportere:
1574 913 1681 972 sed
1742 912 1803 972 in
1862 909 2090 972 ordinis
2141 911 2293 972 illius
2333 927 2512 988 quem
2553 929 2680 970 esse
2721 919 2960 988 oportet
3009 909 3512 972 determinatione

593 993 901 1052 haeremus
962 1009 1169 1052 omnes
1230 989 1555 1052 miserrima
1615 992 1749 1052 labe
1787 993 1853 1068 (f.
1902 1009 2010 1067 147
2016 995 2080 1067 3)
2119 991 2176 1050 δι
2216 989 2641 1068 deprauatione
2679 1001 2954 1050 naturae:
3017 987 3140 1048 Hic
3183 989 3329 1050 illud
3371 995 3510 1050 vere

592 1069 808 1132 accidit
848 1071 1015 1147 quod
1054 1073 1235 1149 vulgo
1278 1070 1397 1131 dici
1434 1074 1616 1147 solet,
1658 1073 1825 1148 Quot
1862 1073 2087 1149 capita,
2127 1073 2218 1131 tot'
2253 1071 2594 1132 sententiae.
2647 1073 2800 1151 Atq3
2841 1071 2960 1130 hoc
3001 1068 3246 1147 quidem
3287 1072 3510 1131 malurn

593 1150 933 1213 hominibus
992 1170 1117 1212 non
1176 1149 1389 1211 mirum
1450 1163 1538 1212 est
1598 1152 1972 1230 contingere,
2033 1168 2288 1230 quorum
2347 1151 2677 1211 intellectus
2725 1153 2805 1211 ad
2859 1152 3042 1210 breue
3083 1159 3312 1210 tantum
3353 1154 3409 1211 &
3449 1151 3512 1211 in

592 1234 851 1292 obscuro
894 1229 1057 1292 videt
1071 1275 1090 1310 ,
1130 1231 1281 1292 ratio
1322 1233 1712 1293 obtenebrata
1752 1245 1871 1310 est,
1912 1233 2247 1293 voluntates
2287 1231 2651 1300 differentes,
2691 1229 2978 1309 iudiciaq3
3027 1243 3334 1308 corrupta3
3355 1230 3514 1292 vnde

592 1312 653 1372 in
711 1311 1194 1372 conclusionibus
1246 1314 1303 1372 δι
1352 1312 1943 1374 determinationibus
1993 1311 2206 1374 nostris
2260 1313 2397 1372 cium
2439 1310 2795 1371 mutationes
2836 1309 2896 1369 in
2937 1309 3142 1386 nobiS,
3190 1321 3318 1369 tum
3359 1309 3513 1370 inter

592 1411 705 1453 nos
744 1391 1138 1453 dissensiones
1178 1391 1433 1453 existunt
1472 1391 1831 1455 innumerae.

674 1472 1060 1549 Quapropter
1098 1473 1147 1534 si
1187 1473 1318 1549 quis
1360 1473 1690 1550 Legislator
1728 1493 1909 1553 purus
1948 1484 2104 1534 esset
2142 1474 2221 1533 ab
2261 1471 2428 1533 omni
2467 1471 2611 1532 vitio
2631 1517 2650 1550 ,
2691 1469 2796 1549 qui
2833 1474 2980 1548 pure
3020 1467 3514 1548 simpliciterque,

591 1551 803 1611 ὡσανεὶ
842 1553 905 1611 ἓν
945 1552 1209 1632 ἒσόπτρφ
1248 1551 1481 1634 dmum
1525 1556 1621 1614 καὶ
1660 1555 1978 1634 ἀκεντήτφ,
2019 1553 2136 1614 suis
2171 1552 2399 1631 legibus
2419 1552 2770 1631 exprimeret
2787 1569 2930 1612 suae
2947 1549 3214 1628 puritatis
3235 1551 3514 1626 modum3

590 1631 715 1691 eius
754 1633 853 1692 lex
889 1631 1091 1710 regina
1130 1632 1379 1692 aliarum
1420 1633 1689 1694 omnium
1726 1635 2002 1694 habenda
2044 1645 2216 1696 esset.
2258 1634 2414 1694 Cum
2453 1643 2650 1694 autem
2671 1651 2748 1692 ne
2769 1649 2976 1692 omnes
2997 1629 3272 1709 quidem,
3293 1629 3514 1692 nedum

591 1728 772 1790 vnus,
824 1713 943 1772 hoc
997 1729 1148 1790 opus
1190 1723 1487 1792 praestare
1526 1713 1786 1792 possint,
1824 1725 1925 1774 aut
1967 1731 2228 1792 vnquam
2267 1715 2464 1774 adhuc
2501 1710 2925 1791 praestiterint,
2965 1727 3309 1788 quaecunq;
3351 1713 3510 1788 leges

593 1794 885 1852 humanae
926 1793 1004 1852 ab
1043 1791 1386 1853 hominibus
1434 1797 1735 1872 profectae
1774 1807 1939 1868 sunt,
1983 1813 2088 1854 eae
2127 1793 2348 1872 primas
2387 1793 2500 1854 sibi
2533 1811 2811 1872 arrogare
2839 1791 3183 1869 simpliciter
3202 1791 3366 1850 nullo
3385 1790 3512 1850 iure

590 1881 843 1950 possunt
900 1869 961 1930 in
1014 1888 1125 1932 suo
1181 1891 1399 1952 genere
1414 1919 1431 1948 ,
1481 1875 1620 1952 quia
1658 1893 1892 1952 semper
1930 1873 2083 1936 inest
2120 1874 2318 1952 aliqua
2357 1873 2746 1951 imperfectiO.
2809 1871 2964 1932 Nam
3005 1869 3289 1947 quicquid
3325 1870 3512 1930 homo

591 1951 742 2029 sapit
790 1950 1007 2012 vtiliter
1056 1952 1119 2012 in
1166 1953 1285 2013 hoc
1328 1953 1459 2032 ipso
1504 1955 1768 2016 humano
1808 1955 2022 2016 ordine
2062 1956 2140 2017 de
2181 1972 2304 2032 quo
2343 1973 2503 2015 nunc
2541 1954 2764 2032 agitur,
2803 1952 2868 2013 id
2904 1967 3214 2028 nunquam
3253 1949 3366 2010 nisi
3405 1969 3514 2027 per

592 2031 912 2109 rationem,
973 2049 1088 2119 nec
1130 2031 1243 2093 nisi
1282 2035 1320 2092 a
1362 2033 1565 2111 paucis
1581 2080 1597 2112 ,
1638 2035 1695 2095 &
1735 2054 1843 2113 per
1880 2037 2128 2114 longum
2169 2044 2429 2114 tempuS,
2471 2035 2651 2112 idque
2691 2031 2956 2095 admistis
2995 2029 3294 2091 erroribus
3333 2045 3513 2108 quam

588 2111 887 2190 plurimiS,
926 2114 1003 2173 ab
1042 2131 1117 2172 eo
1156 2112 1495 2191 inuestigari
1534 2125 1731 2193 potest
1768 2125 1947 2194 atque
1986 2114 2258 2176 obtineri.

672 2194 957 2270 Magnam
1019 2193 1163 2253 olim
1224 2193 1401 2253 fuisse
1460 2196 1885 2273 AEgyptiorum
1945 2197 2130 2274 (apud
2180 2213 2332 2273 quos
2381 2196 2584 2255 Moses
2624 2194 2732 2254 fuit
2771 2193 3090 2264 institutus)
3131 2189 3476 2268 sapientiam
3489 2235 3509 2268 ,

590 2291 799 2332 omnes
859 2271 1139 2334 historiae
1200 2275 1585 2335 confitentur:
1647 2278 1702 2336 δι
1764 2275 2107 2355 quicunque
2147 2295 2221 2336 ex
2273 2275 2525 2336 Graecia
2563 2273 2902 2352 philosophi
2943 2271 3002 2330 in
3041 2287 3278 2330 summo
3319 2269 3510 2348 pretio

590 2351 931 2412 exstiterunt
944 2399 961 2430 ,
1004 2352 1041 2428 ij
1061 2355 1270 2426 ‚ferme
1310 2371 1517 2416 omnes
1557 2373 1631 2416 eo
1673 2355 1917 2417 nomine
1954 2357 2036 2416 ab
2069 2355 2410 2416 auctoribus
2443 2355 2620 2416 etiam
2643 2354 2902 2433 profanis
2923 2351 3323 2428 celebrantur,
3345 2351 3512 2426 quod

589 2430 1013 2511 AEgyptiorum
1054 2433 1393 2513 disciplinas
1434 2435 1761 2498 hausissent
1802 2456 2028 2497 coram.
2091 2439 2342 2497 Exstant
2379 2437 2680 2514 praeclara
2711 2435 2884 2513 i110(f.
2923 2435 3230 2508 1474)rum
3250 2430 3510 2491 instituta

590 2532 715 2573 non
754 2531 947 2591 pauca
982 2516 1143 2593 apud
1185 2516 1598 2596 Herodotum,
1646 2518 1984 2578 Diodorum
2021 2516 2313 2595 Siculum,
2353 2521 2409 2578 δι
2448 2517 2625 2577 alios:
2662 2520 2717 2579 &
2745 2514 2892 2575 illud
2911 2524 3242 2574 memoratu
3263 2510 3510 2589 dignum

588 2594 754 2671 quod
795 2594 1143 2656 Plutarchus
1184 2606 1411 2674 narrat,
1453 2598 1650 2675 Reges
1702 2598 2122 2677 AEgyptiorum
2163 2598 2487 2659 secundum
2529 2597 2722 2677 legem
2766 2614 2871 2657 eos
2920 2594 3218 2655 adiurasse
3256 2592 3361 2669 qui
3401 2591 3510 2651 iuri

588 2672 855 2734 dicundo
915 2686 1083 2735 erant
1137 2676 1486 2767 praefuturi:
1546 2677 1775 2739 etiamsi
1813 2698 1915 2739 rex
1956 2678 2082 2756 ipse
2123 2676 2352 2739 iuberet
2389 2680 2468 2739 ab
2510 2676 2652 2755 ipsis
2691 2674 2915 2754 aliquid
2953 2672 3153 2735 iniusti
3191 2674 3254 2733 in
3290 2671 3508 2731 iudicio

587 2753 1002 2833 pronunciari,
1042 2766 1105 2816 vt
1142 2757 1207 2816 1d
1245 2774 1323 2816 ne
1363 2758 1643 2817 facerent.
1686 2758 1885 2833 Quam
1925 2758 2164 2818 laudem
2205 2757 2356 2819 inter
2384 2759 2566 2819 Rom.
2609 2760 2893 2820 Caesares
2913 2754 3202 2837 Traianus
3223 2752 3512 2828 imitatuS,

586 2851 771 2911 quum
833 2834 1100 2895 strictum
1160 2854 1363 2897 ensem
1416 2856 1621 2899 coram
1674 2838 2047 2916 magnatibus
2099 2838 2220 2898 suis
2263 2841 2568 2916 praesecto
2620 2836 2920 2916 praetorio
2959 2835 3218 2894 traderet
3233 2877 3250 2911 ,
3292 2831 3511 2892 dixisse

584 2914 827 3005 legitur,
887 2915 1052 2993 Cape
1111 2916 1270 2977 hunc
1328 2934 1563 2977 ensem:
1622 2920 1706 2996 δι,
1760 2917 1808 2978 si
1856 2920 2052 2980 bonus
2090 2919 2290 2997 fuere,
2333 2938 2443 2996 pro
2487 2938 2611 2997 me;
2655 2921 2744 2979 sin
2785 2916 3004 2993 malus,
3044 2932 3120 2974 eo
3162 2926 3372 2973 contra
3413 2929 3509 2971 me

587 3005 784 3056 vntor.
825 2996 1051 3056 Verum
1090 3005 1388 3074 vtcunque
1424 2995 1560 3081 illae
1600 2996 2020 3076 AEgyptiorum
2061 2999 2224 3075 leges
2252 2999 2380 3059 aliis
2399 2998 2821 3077 praestiterint,
2857 3014 2928 3056 ea
2947 3007 3147 3055 tamen
3169 2994 3277 3054 fuit
3295 2992 3508 3070 imper-

585 3076 764 3135 fectio
803 3073 1072 3153 corporis
1109 3075 1369 3151 illarum,
1406 3088 1473 3137 vt
1512 3076 1785 3139 euincere
1824 3082 1881 3139 δε
1922 3079 2330 3140 demonstrare
2369 3078 2443 3140 sit
2483 3078 2824 3139 facillimum
2843 3122 2860 3153 ,
2897 3076 3024 3138 iure
3065 3072 3283 3153 primas
3302 3072 3416 3133 illis
3447 3071 3510 3131 in

583 3174 803 3233 genere
843 3155 1093 3233 politico
1132 3176 1256 3217 non
1296 3176 1473 3236 posse
1510 3158 1709 3220 tribui.

665 3234 1006 3311 Quinetiam
1059 3235 1109 3297 si
1147 3254 1301 3314 quae
1339 3237 1498 3315 leges
1538 3240 1831 3299 humanae
1870 3248 2008 3299 sunt
2047 3256 2300 3317 quarum
2340 3257 2557 3317 corpus
2597 3238 2659 3298 in
2701 3236 2892 3318 pretio
2933 3238 3253 3313 habeatur3
3297 3233 3510 3293 merito

584 3314 675 3375 ius
713 3316 859 3376 illud
899 3318 1163 3377 futurum
1206 3324 1331 3409 est,
1382 3318 1550 3394 quod
1588 3318 1915 3379 Iustiniano
1955 3329 2200 3380 auctore
2241 3332 2379 3380 ante
2420 3320 2582 3379 mille
2625 3318 2928 3398 sexaginta
2965 3336 3154 3377 annos
3195 3332 3512 3391 coagmen-

583 3406 773 3457 tatum
822 3406 910 3457 est
961 3416 1035 3457 ex
1082 3396 1647 3475 sapientissimorum
1701 3398 2013 3460 hominum
2053 3400 2760 3478 prudentissimorumque
2801 3394 3222 3459 monumentis.
3281 3398 3364 3452 At
3405 3411 3512 3453 eae

580 3488 781 3537 tamen
820 3476 984 3553 ipsae
1025 3479 1186 3555 leges
1230 3477 1741 3555 imperfectionem
1784 3496 1951 3540 suam
1993 3481 2154 3539 clara
2194 3499 2343 3541 voce
2385 3480 2552 3557 quasi
2593 3478 2944 3555 enunciant,
2983 3479 3032 3537 si
3071 3478 3161 3537 ius
3183 3485 3352 3534 vetus
3371 3490 3512 3533 cum

582 3574 747 3616 nouo
807 3568 909 3617 aut
964 3556 1323 3619 Iustinianeo
1387 3561 1473 3633 (vt
1514 3561 1756 3635 vocant)
1808 3558 2126 3620 institueris
2179 3579 2557 3637 comparare,
2612 3561 2779 3637 quod
2819 3562 3114 3619 IurecosS.
3155 3554 3409 3633 faciunt3
3451 3554 3510 3612 δε

583 3636 886 3714 sequentia
925 3647 1193 3715 tempora
1234 3637 1377 3697 alias
1416 3639 1606 3719 legeS,
1648 3640 1794 3700 alios
1836 3657 2061 3717 mores,
2103 3639 2246 3700 alias
2286 3640 2789 3719 modificationes,
2831 3637 3260 3713 restrictioneS,
3303 3635 3358 3693 &
3389 3653 3511 3693 am·

581 3716 926 3795 pliationeS,
971 3715 1324 3777 mutationes
1365 3716 1626 3796 denique
1663 3718 1855 3780 omnis
1894 3718 2128 3797 generis
2170 3724 2351 3798 quam
2396 3720 2592 3781 multis
2636 3720 2695 3779 in
2738 3718 2885 3781 locis
2925 3717 3427 3779 desiderauerunt.

664 3795 766 3856 Sin
826 3807 1023 3857 autem
1086 3798 1165 3857 ad
1224 3800 1385 3875 leges
1444 3798 1631 3859 Mosis
1692 3799 2123 3878 comparandas
2184 3817 2322 3859 cum
2376 3800 2489 3860 illis
2533 3800 2811 3861 omnibus
2853 3798 3186 3877 veniamus3
3227 3796 3506 3873 profecto

580 3875 765 3954 iniqui
825 3876 885 3936 in
946 3879 1141 3937 Deum
1201 3888 1503 3939 auctorem
1566 3878 1827 3956 illarum,
1868 3880 1923 3938 81
1965 3880 2026 3938 in
2066 3880 2300 3940 Mosem
2341 3882 2582 3941 fidelem
2622 3897 2857 3942 seruum
2897 3878 3010 3939 Dei
3050 3878 3112 3939 in
3152 3889 3278 3938 tota
3318 3876 3507 3935 domo

578 3956 731 4016 illius
772 3956 1083 4036 fuerimus,
1126 3955 1237 4017 nisi
1278 3957 1703 4035 perfectionem
1746 3958 2008 4017 diuinam
2050 3962 2106 4019 δι
2146 3960 2312 4021 omni
2351 3961 2700 4038 exceptione
2735 3960 3019 4021 maiorem
3055 3959 3114 4018 in
3146 3956 3258 4018 illis
3279 3955 3509 4035 legibus

578 4055 993 4115 agnoscamus,
1051 4038 1207 4097 Nam
1267 4036 1375 4098 etsi
1432 4038 1597 4114 quod
1648 4038 1727 4097 ad
1773 4056 1865 4097 res
1905 4037 2177 4115 politicas
2219 4043 2275 4100 δι
2321 4042 2583 4101 forenses
2621 4040 2861 4120 attinet,
2905 4042 3088 4099 multa
3129 4038 3188 4098 in
3229 4035 3507 4095 humanis

578 4117 837 4195 legibuS,
903 4136 973 4178 ac
1034 4118 1377 4196 praesertim
1436 4118 1497 4178 in
1556 4116 1685 4179 iure
1739 4116 1899 4178 ciuili
1952 4118 2173 4196 scripto
2216 4131 2633 4199 compareant,
2673 4138 2826 4199 quae
2867 4140 3004 4181 cum
3046 4118 3233 4179 Mosis
3275 4114 3508 4193 legibus

580 4204 747 4273 (quas
790 4197 1017 4258 diuinas
1057 4198 1467 4275 praedicamus
1506 4202 1659 4274 esse)
1700 4198 2016 4258 maximam
2059 4201 2280 4260 habent
2321 4201 2826 4279 conuenientiam3
2867 4218 2986 4278 qua
3015 4199 3078 4259 in
3113 4218 3176 4259 re
3197 4196 3509 4276 probanda

578 4278 805 4354 aliquot
859 4282 1221 4354 praestantes
1270 4278 1577 4339 Iuriscoss.
1618 4298 1740 4338 non
1776 4278 2088 4339 infeliciter
2126 4279 2415 4340 memoria
2467 4292 2668 4341 nostra
2709 4282 3102 4342 desudarunt:
3155 4281 3265 4340 hae
3305 4288 3510 4337 tamen

576 4356 738 4433 leges
790 4356 1091 4417 Mosaicae
1134 4362 1189 4417 ὅτ.
1228 4356 1604 4437 auctoritate,
1646 4362 1700 4418 δι
1742 4358 2116 4419 ordinatione
2161 4378 2265 4420 sua
2307 4371 2484 4437 atque
2527 4360 2926 4439 applicatione
2967 4362 3152 4437 longo
3195 4357 3507 4419 interuallo

3238 4449 3506 4499 caeteras
