3923 4875
1381 376 1706 421 'tunsus
1763 374 2417 421 TRROLoorcAz.
3234 373 3345 434 237

415 551 622 602 natura
657 541 860 601 docet:
900 541 1061 600 hunc
1098 541 1292 600 solum
1333 539 1596 600 inuocari
1637 539 1938 616 Scriptura
1970 538 2133 598 iubet
2156 535 2425 616 religiosa
2444 538 2821 598 inuocatione
2842 547 3061 614 ,atque
3084 536 3350 597 adorari.

419 622 728 682 Praeterea
785 619 998 682 modus
1055 619 1447 682 inuocationis
1510 618 1812 698 Scriptura
1870 619 2195 696 imperatus
2209 662 2227 696 ,
2268 637 2379 678 nos
2420 621 2499 679 ab
2538 638 2611 678 ea
2649 635 2713 678 re
2756 619 3015 678 deterret
3062 617 3359 678 maxime:

415 703 555 762 cum
595 702 650 761 δι
684 702 802 760 fide
843 699 968 761 fieri
1009 700 1448 762 inuocationem
1488 710 1790 778 oporteat
1831 703 1887 760 &
1927 698 2257 759 indubitata
2300 699 2688 772 πεποιθήσει
2732 699 2939 758 Iacobi
2966 718 3015 756 ι.
3045 715 3203 775 quae
3228 697 3353 758 duo

421 781 500 842 de
541 781 706 841 nullo
745 781 987 842 homine
1025 779 1262 842 viuente
1301 791 1403 842 aut
1447 789 1684 840 mortuo
1720 782 1759 839 a
1799 779 1973 841 nobis
2012 779 2213 854 statui,
2256 798 2327 838 ac
2368 796 2446 837 ne
2488 778 2779 854 praesumi
2826 777 3077 855 quidem
3100 787 3355 854 possunt

422 863 542 920 vlla
579 861 1010 953 probabilitate.
1052 863 1262 921 Ierem.
1311 878 1400 936 17.
1443 859 1572 920 finis
1612 858 1872 937 denique
1911 857 2307 920 inuocationis
2345 859 2655 935 reclamat3
2676 877 2817 918 nam
2840 857 2945 934 qui
2966 857 3149 918 alium
3170 861 3352 934 quam

430 944 629 1002 Deum
679 941 990 1016 inuocant,
1033 943 1168 1002 vere
1207 940 1268 1000 in
1309 939 1455 1002 illud
1501 942 1800 1002 [eremiae.
1847 960 1898 1000 2.
1941 938 2246 1015 incidunt,
2290 941 2427 998 Duo
2476 939 2629 997 mala
2668 937 2817 999 fecit
2857 939 3117 1018 populus
3162 955 3352 998 meus:

429 1042 526 1083 me
565 1020 1000 1098 dereliquerunt
1037 1019 1454 1114 scaturiginem
1492 1037 1780 1098 aquarum
1821 1019 2207 1098 perennium,
2249 1029 2311 1078 vt
2330 1017 2659 1078 effoderent
2680 1016 2793 1080 sibi
2820 1017 3133 1096 cisternas,
3154 1015 3355 1078 cister·

429 1120 536 1162 nas
577 1102 788 1163 fractas
802 1147 820 1180 ,
861 1119 1015 1179 quae
1051 1119 1176 1162 non
1215 1099 1455 1180 capiunt
1493 1118 1710 1178 aquam
1723 1145 1742 1178 ,
1784 1103 1839 1162 δι
1881 1099 1997 1160 alia
2036 1097 2494 1178 quamplurima.

1675 1285 2098 1346 Corollarium.

511 1445 942 1506 Concludimus
982 1465 1165 1524 ergo,
1205 1448 1281 1506 ab
1321 1446 1432 1506 ista
1473 1444 1597 1506 siue
1640 1445 2041 1522 Angelorum,
2081 1445 2205 1504 siue
2235 1445 2602 1536 ’Sanctorum
2656 1441 3075 1504 defunctorum
3113 1441 3353 1503 inuoca-

434 1526 598 1587 tione
657 1525 1102 1602 abstinendum,
1163 1543 1341 1618 quam
1395 1524 1722 1586 diffidentia
1762 1524 1838 1584 de
1877 1527 2049 1601 De0,
2088 1522 2287 1616 specie
2328 1521 2703 1590 humilitatis
2745 1526 2800 1585 &
2842 1523 3058 1583 fiducia
3101 1521 3161 1582 in
3202 1541 3362 1583 crea-

437 1615 630 1667 turam
684 1605 882 1685 specie
939 1605 1343 1666 familiaritatis
1402 1609 1456 1667 &
1518 1603 2042 1698 consanguinitatis
2102 1595 2411 1665 cuiusdam
2454 1603 2788 1696 ingenerat,
2830 1606 2887 1664 &
2920 1604 3022 1664 alit
3064 1602 3363 1681 ignoratio

437 1685 688 1766 gratiae,
728 1686 1216 1765 promissionum,
1257 1688 1311 1745 δι
1353 1684 1607 1746 veritatis
1647 1683 1790 1746 Dei.
1821 1685 1918 1745 cui
1939 1685 2051 1746 soli
2069 1685 2267 1745 honor
2285 1686 2340 1745 &
2362 1681 2593 1763 gloria
2575 1703 2635 1743 ιιι
2656 1683 3103 1762 sempiternum.
3143 1685 3358 1743 Amen.

1039 2089 1258 2147 XLIII.
1339 2088 1471 2146 DE
1531 2086 2061 2147 ECCLESIA
2121 2084 2780 2147 CATHOLICA.

1690 2284 2015 2342 Tnnsrs
2072 2283 2122 2342 1.

525 2464 832 2523 Eccmsm
849 2505 866 2537 ,
908 2462 1026 2521 ἀπὸ
1087 2468 1193 2523 τοῦ
1233 2462 1519 2539 ἐκκαλεῖν,
1559 2461 1917 2521 vocabulum
1957 2460 2066 2521 suit
2104 2460 2263 2539 apud
2304 2460 2693 2521 Athenienses
2732 2464 2998 2539 celebre,
3037 2474 3215 2540 atque
3254 2464 3365 2524 vsi-

453 2550 668 2634 tatum,
727 2540 1066 2621 significans
1105 2540 1344 2619 proprie
1381 2550 1619 2603 coetum
1659 2544 1694 2602 e
1727 2540 1846 2603 suis
1881 2540 2125 2601 sedibus
2162 2542 2223 2601 in
2262 2542 2465 2601 locum
2506 2552 2979 2602 conuocatorum
3020 2542 3099 2602 ad
3138 2544 3361 2621 aliquid

443 2621 728 2698 audien(f.
779 2642 804 2681 1
817 2639 926 2698 7ο7
937 2621 1141 2697 .)dum.
1203 2620 1368 2683 Hinc
1427 2631 1634 2682 mutuo
1695 2630 1999 2713 sumptum
2036 2632 2125 2681 est
2162 2639 2421 2700 nomen,
2462 2632 2641 2698 atque
2680 2624 2759 2681 ad
2797 2622 3156 2683 sanctiorem
3191 2642 3365 2684 vsum

443 2704 804 2763 traductum.
869 2703 948 2763 Et
992 2702 1076 2763 rei
1115 2706 1276 2763 certe
1318 2718 1500 2778 quam
1543 2700 1832 2780 significat
1870 2700 2167 2779 aptissime
2206 2701 2518 2778 conuenit,
2560 2701 2701 2779 quia
2733 2701 2879 2762 nihil
2920 2701 3081 2764 aliud
3122 2713 3213 2764 est
3254 2706 3365 2765 Ec-

446 2780 652 2855 clesia,
683 2782 732 2843 si
777 2780 896 2843 vim
939 2781 1104 2842 vocis
1144 2791 1402 2861 spectes,
1445 2785 1626 2858 quam
1655 2792 1862 2843 coetus
1906 2780 2221 2841 hominum
2262 2790 2669 2843 euocatorum.
2710 2781 2831 2859 Qui
2874 2782 3032 2843 enirn
3066 2782 3145 2843 ad
3166 2802 3367 2845 veram

448 2862 780 2922 Ecclesiam
822 2860 1150 2953 pertinent,
1191 2882 1265 2922 ex
1306 2862 1424 2921 hoc
1467 2862 1714 2923 mundo.
1755 2862 1790 2923 i.
1834 2860 2209 2939 hominibus,
2248 2862 2351 2939 qui
2380 2862 2440 2922 in
2480 2863 2711 2923 mundo
2744 2872 3084 2943 versantur,
3105 2864 3163 2923 in
3186 2880 3369 2925 vnum

445 2960 660 3035 corpus
719 2946 774 3003 δι
835 2942 1006 3019 quasi
1051 2942 1510 3020 Rempublicam
1551 2952 1814 3003 sanctam
1851 2952 2197 3003 euocantur.
2236 2941 2397 3002 Nulli
2440 2940 2501 3001 in
2542 2942 2703 3003 hunc
2740 2960 3054 3004 numerum
3066 2906 3368 3023 veniunt,

441 3020 556 3081 nisi
587 3022 822 3083 euocati
862 3022 902 3081 a
941 3023 1106 3083 Deo:
1151 3022 1298 3083 nulli
1337 3021 1456 3083 suis
1495 3020 1718 3083 viribus
1759 3020 1918 3098 freti,
1959 3022 2067 3083 sed
2106 3040 2349 3100 omnes,
2392 3032 2691 3100 quotquot
2732 3022 3009 3102 veniunt,
3046 3028 3084 3085 ὲ,
3128 3024 3241 3085 Dei
3260 3044 3364 3086 vo-

446 3101 682 3163 catione
721 3100 1197 3178 praeueniuntur.

531 3202 584 3242 2.
665 3184 840 3243 Haec
875 3191 1074 3243 autem
1115 3182 1384 3243 Ecclesia
1423 3193 1509 3242 est
1549 3192 1755 3243 coetus
1795 3198 2032 3254 eorum,
2070 3200 2224 3259 quos
2265 3184 2427 3243 Deus
2470 3180 2726 3261 gratiose
2767 3194 2981 3244 euocat
3020 3184 3099 3243 ad
3140 3186 3362 3245 cultum

445 3259 668 3338 gloriae
726 3278 898 3339 suae,
957 3265 1014 3323 δι
1053 3264 1309 3323 fructum
1346 3260 1530 3323 illius:
1571 3280 1768 3339 neque
1802 3264 1886 3323 ab
1929 3226 2049 3323 hoi:
2090 3260 2311 3322 Christi
2352 3281 2609 3340 corpore
2654 3261 3025 3323 excludimus
3062 3265 3359 3341 Angelos,

445 3353 572 3433 tum
605 3341 746 3418 quia
785 3343 1111 3421 Apostolus
1151 3342 1227 3403 de
1269 3341 1538 3403 Ecclesia
1577 3343 1861 3420 loquens,
1903 3361 2009 3403 eos
2049 3340 2226 3403 etiam
2264 3340 2327 3402 in
2372 3361 2445 3403 ea
2484 3342 2929 3420 complectitur,
2964 3355 3091 3403 tum
3130 3342 3271 3421 quia
3308 3346 3365 3405 δι

447 3420 557 3498 ipsi
597 3420 909 3483 nobiscum
951 3424 1064 3483 sub
1104 3440 1224 3482 vno
1265 3422 1322 3481 δι
1363 3422 1578 3483 eodem
1607 3422 1800 3500 oepite
1840 3423 2078 3484 Christo
2120 3420 2179 3482 in
2225 3440 2407 3481 vnum
2449 3434 2669 3501 corpus
2706 3422 2948 3484 collecti
2984 3434 3153 3497 sunt,
3164 3423 3371 3514 ‘simul-

447 3518 562 3577 que
601 3520 810 3563 omnes
843 3500 904 3562 in
943 3511 1250 3563 aeternum
1291 3502 1469 3563 futuri
1509 3519 1711 3563 sumus
1749 3502 1810 3562 in
1851 3502 2059 3563 eadem
2100 3500 2339 3562 ciuitate
2366 3502 2743 3564 Hierusalem
2782 3502 3055 3564 coelesti:
3076 3500 3370 3580 quietiam

452 3582 588 3641 cum
627 3580 746 3641 sint
784 3580 1003 3658 sancti,
1045 3582 1254 3645 merito
1297 3581 1358 3643 in
1399 3602 1472 3643 ea
1512 3602 1637 3643 esse
1677 3582 1990 3660 dicuntur,
2032 3583 2167 3641 cum
2212 3580 2479 3643 Ecclesia
2512 3583 2857 3643 communio
2880 3592 3222 3643 sanctorum
3242 3602 3369 3643 esse

451 3660 762 3721 definiamr
799 3660 862 3721 in
903 3662 1184 3737 symbolo
1221 3664 1678 3741 Apostolorum.

529 3760 588 3817 3.
669 3740 868 3803 Huius
929 3741 1232 3803 Ecclesiae
1269 3742 1551 3804 attributa
1590 3745 1770 3821 vulgo
1809 3752 2113 3820 ponuntur
2128 3788 2146 3820 ,
2188 3752 2481 3819 quatuor:
2520 3741 2685 3820 quod
2726 3760 2844 3803 vna
2880 3742 2988 3821 sit,
3038 3744 3093 3803 &
3134 3752 3339 3802 sancta

451 3822 508 3879 δι
549 3820 938 3913 Apostolica,
973 3824 1027 3883 δι
1069 3820 1390 3915 cathplica3
1435 3844 1580 3901 om,
1621 3822 1888 3883 instituto
1929 3821 2071 3883 Dei:
2113 3832 2346 3900 sancta,
2386 3821 2681 3884 beneficio
2721 3820 2943 3883 Christi
2980 3822 3254 3882 vocantis
3294 3788 3373 3882 ati

451 3900 872 3979 purgationem
913 3904 950 3961 ὲ.
989 3901 1277 3994 peccatis,
1317 3903 1380 3963 in
1423 3902 1733 3963 sanctitate
1771 3901 2017 3981 quidem
2056 3921 2226 3994 vera,
2266 3902 2401 3980 sed,
2433 3901 2700 3979 quandiu
2740 3900 2897 3963 hic
2880 3921 2943 3961 ιιι
2984 3900 3210 3961 mundo
3232 3918 3370 3962 cum

447 3990 704 4057 peccato
745 3982 1032 4059 luctatur,
1075 3981 1454 4061 imperfecta3
1491 3985 1865 4062 Apostolica,
1905 3981 2213 4045 doctrinae
2256 3981 2499 4043 veritate
2511 3980 2689 4061 ,quia
2706 3982 3225 4073 superaedificatur
3242 3983 3372 4041 fun·

447 4059 735 4123 (lamento
801 4062 1232 4139 Apostolorum
1291 4066 1348 4124 &
1409 4064 1874 4141 Prophetarum,
1935 4062 2103 4122 cuius
2147 4058 2611 4123 fundamentum
2648 4072 2739 4123 est
2778 4061 3078 4123 Christus:
3114 4061 3373 4138 denique

456 4140 796 4218 Catholica,
849 4158 888 4200 1.
949 4142 1174 4203 ratione
1213 4144 1511 4220 locorum,
1553 4144 1608 4203 δι
1649 4160 2070 4220 personarum.
2112 4143 2191 4203 ad
2232 4143 2459 4203 nullum
2500 4141 2661 4202 enim
2702 4150 2931 4202 certum
2972 4144 3211 4214 locum,
3251 4160 3377 4202 cer-

454 4226 660 4281 tamve
705 4219 1142 4283 successionem
1184 4222 1420 4315 alligata
1457 4232 1566 4283 est.
1609 4240 1671 4282 11.
1714 4223 1940 4283 ratione
1979 4221 2294 4314 temporis,
2334 4232 2604 4300 tempore
2644 4220 2800 4283 enirn
2820 4220 3165 4283 circumseri
3208 4232 3269 4283 ta
3288 4232 3379 4282 est

455 4300 640 4361 nullo.
680 4318 767 4361 ιιι.
808 4300 1036 4361 ratione
1073 4301 1329 4381 partium
1348 4346 1368 4381 ,
1404 4320 1556 4379 quae
1595 4300 1720 4363 sine
1760 4304 1878 4365 vlla
1918 4301 2463 4381 circumscriptione
2502 4300 2817 4380 temporis,
2859 4302 2915 4361 δι
2953 4300 3075 4362 1οοὶ
3112 4322 3150 4362 ιι
3231 4317 3369 4362 eum

457 4392 772 4443 censentur
808 4380 1118 4459 pertinere.

2818 4480 2873 4534 4.
2937 4458 3369 4541 Complectitur
