3923 4875
560 344 670 404 194
1452 337 1784 384 ‘rntszs
1841 337 2497 384 Tnnotootcat.

551 499 874 579 credimus,
915 501 1020 560 sed
1062 519 1264 560 semen
1305 499 1566 562 mulieris
1593 547 1610 578 ,
1653 501 1935 562 Abrahae
1978 500 2188 561 Filium
2208 547 2225 578 ,
2262 505 2317 562 81
2358 497 2638 570 Dauidis,
2674 501 2928 559 fructum
2970 497 3095 560 eius
3134 519 3375 563 renum:
3418 512 3483 562 vt

549 582 1023 658 quemadmodum
1067 584 1246 657 pueri
1289 585 1491 641 carnis
1533 583 1612 642 ἐφ’
1649 584 1958 658 sanguinis
1988 584 2313 660 participes
2354 589 2495 640 sunt
2515 580 2705 658 facti,
2738 582 2861 656 epse
2896 599 3122 656 quoque
3157 586 3360 642 carnis
3400 590 3476 646 ὃν

551 663 862 736 sanguinis
901 661 1072 734 fieret
1093 664 1434 741 particeps;
1473 670 1538 724 vt
1559 671 1678 740 per
1715 669 1984 740 mortem,
2024 663 2284 722 aboleret
2318 681 2442 720 eum
2470 671 2651 737 penes
2690 679 2855 736 quent
2896 669 2983 720 est
3019 664 3225 720 mortis
3264 665 3476 742 robur,

551 741 660 800 hoc
700 749 788 800 est
821 741 1134 802 diabolum.
1171 743 1326 802 Heb.
1371 761 1423 800 2.
1473 761 1566 815 14.
1607 743 1786 803 Vnde
1823 744 2062 832 postea,
2104 761 2219 801 non
2256 745 2449 818 vtique
2486 742 2745 814 Angelos
2774 743 3117 816 assumpsit:
3158 743 3267 800 sed
3288 763 3475 804 semen

550 821 853 880 Abrahae.
913 819 1082 884 quod
1133 819 1294 881 enirn
1347 822 1422 882 de
1473 821 1759 900 spirituali
1797 837 1922 882 eius
1961 839 2215 898 corpore
2254 819 2469 898 legitur
2485 865 2504 898 ,
2547 819 2611 880 id
2651 818 2726 879 de
2766 819 3144 896 qualitatibus
3186 821 3311 884 eius
3352 843 3473 884 non

551 899 630 960 de
669 887 996 960 substantia
1035 899 1226 978 accipi
1260 902 1444 962 debet
1483 903 1546 978 (f.
1596 904 1792 978 1670).

638 999 728 1054 14·
808 981 1006 1057 Atque
1045 990 1108 1040 vt
1147 992 1557 1058 argumentum
1597 981 1855 1074 primum
1895 980 1954 1040 in
1994 980 2213 1041 tuenda
2254 979 2497 1040 veritate
2536 977 2805 1056 corporis
2846 978 3063 1039 Christi
3082 991 3293 1040 contra
3318 984 3473 1043 Mar-

549 1057 804 1119 cionitas
843 1060 922 1120 ab
963 1059 1370 1122 essentialibus
1407 1063 1867 1141 proprietatibus
1906 1061 2303 1138 depromitur,
2343 1061 2425 1121 ita
2462 1060 2799 1136 quicunque
2830 1059 3019 1136 ipsam
3038 1060 3307 1138 corporis
3328 1064 3473 1124 veri-

550 1148 732 1200 tatem
782 1141 1161 1216 profitentur,
1213 1140 1340 1202 illas
1389 1159 1692 1219 nunquam
1733 1159 2007 1218 separare
2048 1141 2303 1200 debent:
2344 1157 2527 1217 quare
2564 1138 2854 1216 Pontificij
2869 1183 2887 1214 ,
2926 1141 2983 1199 &
3020 1137 3118 1214 alij
3158 1141 3262 1218 qui
3300 1144 3474 1220 glori-

550 1217 840 1280 ficationis
881 1229 1154 1296 respectu
1192 1219 1333 1282 istas
1370 1223 1758 1301 proprietates
1799 1221 1882 1281 illi
1925 1219 2223 1295 adimunt,
2262 1229 2323 1279 vt
2343 1224 2487 1299 pote
2508 1218 2801 1279 infinitum
2821 1217 3472 1300 &incircumscriptum

549 1298 829 1360 facientes
842 1342 861 1377 ,
900 1299 1268 1361 Marcionitis
1309 1302 1520 1363 merito
1560 1299 1859 1362 accenseri
1902 1301 2141 1360 debent.

635 1394 726 1457 15.
807 1378 1218 1457 Superioribus
1231 1427 1249 1459 ,
1309 1383 1388 1442 de
1450 1399 1740 1460 personae
1793 1379 2012 1441 Christi
2072 1377 2298 1440 naturis
2352 1379 2512 1440 illam
2552 1377 3045 1440 constituentibus
3086 1378 3313 1440 dictum
3352 1393 3471 1460 est,

547 1469 729 1520 restat
753 1523 772 1545 ο
785 1476 946 1519 nunc
961 1503 978 1536 ,
1037 1470 1103 1521 ut
1163 1460 1395 1522 illarum
1457 1461 1738 1524 vnionem
1800 1464 1855 1522 &
1907 1459 2143 1520 vnionis
2184 1460 2433 1519 modum
2472 1457 2748 1519 distincte
2788 1457 3277 1520 demonstremus
3321 1463 3470 1522 haec

546 1538 720 1616 igitur
779 1538 919 1600 vnio
974 1539 1036 1598 in
1087 1559 1406 1631 personam
1419 1589 1434 1612 ,
1479 1560 1602 1602 non
1640 1541 1702 1601 in
1741 1551 2013 1600 naturam
2054 1541 2208 1600 fact-1
2244 1539 2383 1599 fuit:
2425 1558 2581 1616 quae
2620 1538 2857 1616 proprie
2897 1538 3177 1600 definitur
3220 1542 3471 1602 duarum

546 1628 817 1678 naturam
855 1619 1312 1699 perfectissima,
1345 1624 1402 1682 81
1441 1621 1834 1682 substantialis
1873 1619 1935 1680 in
1976 1637 2153 1680 vnam
2195 1637 2508 1696 personam
2550 1618 2915 1678 coniunctio,

638 1699 732 1760 16.
811 1699 976 1758 Hinc
1033 1709 1198 1776 patet
1255 1701 1565 1778 quomodo
1615 1703 1823 1762 harum
1871 1716 2263 1777 vnaquaeque
2300 1717 2429 1759 sese
2470 1700 2720 1775 habeat,
2760 1699 3003 1758 assumit
3042 1699 3201 1759 enim
3244 1700 3471 1777 diuina,

551 1777 866 1838 assumitur
923 1777 1002 1838 ad
1059 1781 1343 1840 humana:
1407 1799 1532 1842 non
1589 1789 1655 1840 vt
1717 1801 1791 1841 ex
1849 1779 1942 1840 his
2000 1779 2167 1857 quasi
2229 1779 2495 1857 partibus
2534 1779 2768 1838 tertium
2815 1778 2961 1854 quid
3001 1781 3323 1840 confletur:
3366 1785 3471 1841 sed

547 1859 808 1918 humana
845 1856 1007 1934 prius
1045 1858 1410 1928 ἆνυπόςατος
1449 1861 1510 1922 in
1557 1860 1836 1922 mitatem
1858 1877 2147 1939 personae
2168 1869 2466 1937 assumpta
2486 1868 2575 1919 est
2593 1861 2629 1917 a
2653 1863 2821 1938 λόγῳ,
2840 1860 2896 1918 &
2918 1859 3074 1918 sacta
3094 1859 3471 1928 σἠηιὸςατος.

637 1954 729 2012 17.
811 1937 964 1998 cum
1027 1951 1226 1998 autem
1285 1941 1446 2002 varie
1507 1959 1702 2002 rerum
1753 1942 1854 2000 fiat
1904 1939 2079 2001 vnio:
2122 1939 2406 2000 mixtione
2444 1939 2601 2000 enim
2644 1956 2841 1998 rerum
2880 1937 3197 1999 mixtarum
3237 1941 3332 2014 fit,
3373 1953 3475 2000 aut

547 2015 940 2078 conuersione
953 2062 972 2095 ,
1033 2027 1134 2077 aut
1194 2019 1322 2078 sola
1373 2019 1838 2101 compositione:
1896 2029 1998 2079 aut
2038 2017 2156 2080 alio
2198 2020 2463 2098 quodam
2502 2019 2711 2079 modo,
2772 2017 3075 2079 Vnionem
3116 2019 3473 2080 Naturavrum

543 2095 767 2174 optime
807 2107 1018 2158 contra
1058 2097 1252 2157 varios
1291 2099 1622 2162 haereticos
1655 2109 2068 2178 expresserunt
2111 2119 2165 2173 4.
2210 2098 2517 2159 vocabulis
2558 2096 2735 2176 prisci
2776 2098 3008 2176 Patres,
3047 2113 3303 2175 quorum
3346 2119 3471 2160 ves—

541 2175 688 2255 tigia
727 2178 1054 2256 relegentes
1093 2177 1170 2236 ad
1214 2177 1501 2244 maiorem
1540 2181 1626 2244 rei
1664 2179 2109 2258 intelligentiam
2140 2179 2349 2239 ordine
2389 2179 2617 2258 singula
2657 2177 3102 2239 elucidabimus.

629 2259 724 2316 18.
800 2259 920 2318 Ista
958 2258 1080 2317 duo
1116 2255 1316 2334 priora
1357 2258 1650 2340 ἀτρέπτως
1690 2258 2253 2321 incommutabiliter
2280 2259 2336 2318 &
2372 2258 2708 2331 ἀσυνχύτως
2729 2257 3037 2320 inconfuse
3058 2262 3271 2318 contra
3292 2260 3473 2336 Euty·

544 2336 700 2398 chen
741 2337 938 2414 posita
971 2347 1136 2414 sunt,
1183 2342 1258 2399 eo
1301 2345 1466 2416 quod
1506 2340 1924 2401 confusionem
1964 2351 2306 2399 naturarum
2346 2341 2609 2416 fingeret.
2658 2338 2747 2398 his
2783 2355 2928 2399 vero
2970 2337 3051 2398 ita
3090 2357 3269 2398 vnam
3307 2339 3473 2398 alteri

541 2417 766 2479 vnitam
805 2420 862 2479 81
902 2417 1284 2480 coniunctam
1327 2437 1455 2481 esse
1494 2421 1843 2496 denotatur,
1886 2430 1952 2481 vt
1988 2437 2111 2480 non
2154 2429 2486 2494 mutentur,
2528 2418 2635 2479 sed
2669 2417 2933 2497 integrae
2964 2419 3207 2479 eaedem
3226 2427 3473 2479 naturae

543 2497 817 2559 distincte
860 2508 1163 2576 maneant,
1203 2500 1370 2561 omni
1409 2501 1791 2578 confusione,
1829 2500 2143 2579 mixtione,
2184 2504 2239 2561 81
2280 2496 2673 2560 conuersione
2694 2502 2957 2577 explosa.
3000 2500 3153 2559 Nam
3176 2500 3232 2557 &
3254 2498 3471 2559 vnicni-

543 2594 660 2654 que
719 2589 963 2639 naturae
1024 2578 1395 2655 peculiariter
1449 2581 1714 2642 actiones
1765 2580 2033 2659 proprias
2072 2580 2361 2657 scriptura
2401 2578 2693 2639 attribuit:
2757 2580 3152 2657 Mortificatus
3189 2578 3349 2638 enim
3388 2588 3478 2639 est

544 2676 756 2730 carne,
801 2659 879 2717 ἂν·
915 2660 1250 2735 vivificatus
1288 2662 1540 2740 spiritu.-
1589 2682 1637 2721 1.
1679 2664 1807 2721 Pet.
1850 2678 1906 2737 3.
1957 2664 2047 2721 18.
2090 2662 2145 2720 &
2185 2670 2249 2719 vt
2290 2659 2514 2737 optime
2556 2660 2713 2736 Le0,
2754 2678 2871 2717 non
2909 2666 3000 2718 est
3034 2666 3289 2719 mutatus
3308 2661 3469 2717 mise·

541 2740 773 2799 ratione
811 2740 983 2799 Deus
1021 2757 1123 2799 nec
1162 2740 1444 2815 dignitate
1481 2748 1850 2821 consumptus
1888 2741 2091 2800 homo.-
2130 2742 2238 2799 sed
2271 2749 2497 2818 semper
2534 2740 2823 2814 integrum
2860 2748 3163 2815 atrumque
3182 2741 3468 2816 perstitit,

537 2820 1048 2958 opezdwss'lawrbo
1061 2861 1081 2896 ,
1119 2820 1282 2894 quod
1320 2822 1486 2881 verbi
1520 2830 1608 2882 est
1644 2823 1722 2881 ἂν·
1758 2840 1940 2881 carne
1978 2827 2339 2896 exsequente,
2383 2822 2545 2895 quod
2578 2821 2779 2879 carnis
2822 2827 2923 2879 est.
2962 2819 3159 2897 Epist.
3208 2838 3297 2878 10.
3338 2828 3467 2897 cap.

541 2916 601 2970 4.
885 2917 943 2958 u.

626 2996 717 3055 19.
795 2978 889 3037 Ita
949 2986 1188 3038 naturas
1243 2978 1640 3058 coniungebat
1700 2980 2028 3057 Eutyches,
2091 2990 2155 3039 vt
2204 2980 2739 3039 confunderentur:
2795 2978 2856 3038 in
2910 2980 3159 3038 alterum
3198 2977 3469 3056 prorupit

539 3066 870 3117 extremum
911 3058 1219 3120 Nestorius
1233 3102 1250 3135 ,
1291 3058 1434 3119 dum
1477 3062 1685 3121 contra
1725 3062 1808 3121 ita
1847 3060 2139 3121 diuideret
2174 3070 2238 3119 vt
2279 3058 2393 3119 illis
2433 3058 2580 3117 duas
2608 3076 2892 3135 personas
2912 3058 3135 3118 faceret
3155 3057 3251 3117 cui
3270 3060 3469 3118 Patres

538 3137 630 3197 his
667 3136 918 3197 vocibus
957 3138 1251 3216 restitere,
1303 3138 1651 3218 ἀδιαιρέτως
1671 3186 1686 3205 .
1729 3144 1828 3199 καὶ
1871 3138 2211 3218 &molen-c,
2251 3138 2741 3217 inseparabiliter,
2763 3139 2820 3200 81
2838 3136 3088 3198 indiuise
3106 3138 3321 3197 factam
3345 3157 3473 3199 esse

541 3216 1045 3296 demonstrantes,
1086 3228 1150 3278 vt
1192 3236 1372 3278 vnum
1417 3236 1493 3277 sit
1540 3222 1932 3295 ὑφιςᾶμηωνι
1978 3222 2059 3279 ita
2098 3218 2402 3279 distinctas
2440 3218 2593 3281 inter
2626 3236 2689 3278 se
2708 3234 2948 3278 manere
2968 3226 3199 3296 tamen,
3220 3228 3285 3277 vt
3304 3220 3469 3295 quod

541 3296 710 3357 vnius
764 3306 1011 3358 naturae
1071 3296 1378 3375 proprium
1439 3308 1558 3377 est,
1617 3298 1788 3358 alteri
1827 3298 2258 3359 communicari
2296 3318 2421 3359 non
2460 3310 2690 3376 posset,
2733 3297 2871 3359 licet
2910 3297 2969 3357 in
3010 3314 3267 3373 persona
3306 3316 3469 3359 com·

425 3444 434 3458 ,
539 3376 740 3437 munia
778 3376 923 3437 sint:
967 3379 1023 3437 &
1063 3376 1236 3438 vnius
1275 3388 1520 3437 naturae
1563 3379 1810 3455 figurate
1851 3378 1995 3438 fiant
2008 3422 2025 3455 ,
2068 3396 2221 3455 quae
2258 3378 2495 3440 alterius
2536 3388 2779 3439 naturae
2818 3376 3075 3456 propria.

620 3476 715 3517 20.
797 3458 888 3515 Ex
949 3456 1060 3517 ista
1111 3467 1452 3518 naturarum
1503 3457 1778 3518 distincta
1820 3458 2233 3537 consistentia,
2273 3462 2330 3520 &
2366 3458 2689 3519 arctissima
2725 3458 2947 3519 vnitate
2986 3474 3309 3534 personae,
3348 3466 3465 3517 tres

535 3538 818 3597 resultant
869 3534 1047 3597 etiam
1097 3537 1382 3613 loquendi
1422 3537 1606 3597 modi.
1648 3553 1800 3596 vnus
1839 3537 2113 3616 proprius
2130 3583 2148 3618 ,
2189 3556 2313 3616 quo
2352 3538 2667 3615 vnicuique
2706 3548 2949 3599 naturae
2990 3536 3262 3597 tribuitur
3300 3538 3464 3613 quod

537 3618 592 3677 ei
631 3617 869 3697 proprie
909 3616 1222 3678 conuenit:
1264 3627 1329 3677 vt
1367 3617 1662 3681 humanae
1699 3616 1848 3695 pati:
1889 3620 1946 3678 81
1986 3635 2109 3694 quo
2148 3620 2258 3680 toti
2299 3638 2585 3696 personae
2624 3617 2897 3679 tribuitur
2938 3617 3103 3694 quod
3128 3616 3187 3677 in
3208 3634 3465 3692 persona

535 3696 768 3774 vtrique
827 3706 1070 3757 naturae
1130 3713 1448 3757 commune
1511 3708 1626 3772 est,
1689 3708 1754 3755 vt
1811 3696 2203 3758 mediatorem
2257 3716 2385 3759 esse
2438 3698 2741 3760 Christum
2754 3744 2773 3777 ,
2812 3702 2925 3761 &c.
2970 3718 3023 3757 2.
3063 3696 3429 3774 Improprius
3444 3742 3462 3771 ,

535 3776 634 3836 διὰ
693 3776 1047 3849 ouranense
1101 3778 1240 3837 cum
1299 3778 1465 3853 quod
1526 3776 1638 3837 toti
1691 3794 1981 3855 personae
2022 3796 2343 3839 commune
2385 3790 2507 3856 est,
2553 3789 2618 3838 vt
2668 3779 3058 3839 mediatorem
3096 3794 3257 3853 esse,
3298 3778 3463 3837 alteri

535 3870 781 3917 naturae
841 3858 1148 3935 tribuitur,
1213 3866 1274 3917 vt
1333 3858 1644 3918 humanae.
1705 3876 1760 3933 3.
1824 3858 2194 3936 Improprius
2254 3858 2538 3935 maxime,
2588 3862 2723 3919 cum
2764 3859 2988 3919 scilicet
3026 3856 3191 3934 quod
3232 3856 3333 3915 vni
3374 3866 3462 3917 est

533 3946 776 3995 naturae
821 3936 1126 4013 proprium
1142 3982 1160 4015 ,
1199 3936 1368 3997 alteri
1409 3937 1466 3997 in
1509 3948 1796 3998 concreto
1839 3936 2143 3998 tribuitur:
2186 3938 2443 3999 Nomine
2484 3950 2669 3999 totam
2710 3956 3029 4016 personam
3070 3946 3460 3997 connotante:

533 4032 652 4091 qua
693 4015 922 4077 ratione
962 4034 1170 4077 verum
1213 4028 1330 4095 est,
1371 4032 1436 4078 vt
1476 4020 1648 4079 Deus
1688 4018 1804 4077 sibi
1837 4020 2154 4094 acquisim't
2186 4020 2505 4079 Ecclesiam
2546 4039 2654 4079 suo
2693 4022 3009 4094 sanguine,
3049 4021 3180 4077 Act.
3226 4036 3319 4076 20.
3366 4020 3459 4079 28.

532 4094 615 4153 sic
678 4098 999 4172 crucifixus
1057 4117 1165 4156 rea:
1211 4099 1466 4173 gloriae.
1530 4120 1578 4159 1.
1603 4098 1768 4161 rC'or.
1827 4118 1881 4158 2.
1923 4100 1981 4157 8.
2045 4099 2217 4173 Quae
2255 4098 2480 4159 locutio
2535 4102 2571 4159 a
2612 4098 2885 4160 Patribus
2924 4100 3233 4159 obseruata
3273 4098 3463 4164 ζεῦξις

534 4172 858 4250 ‹imptis-v,
901 4178 957 4235 &
1011 4177 1328 4253 Ζδιομάτων
1369 4184 1677 4256 κοινωνία,
1716 4176 1877 4239 dicta
1915 4177 2040 4239 suit.

615 4273 707 4313 21.
791 4258 1092 4330 Quorsum
1138 4264 1280 4315 vero
1322 4260 1434 4317 hae
1471 4272 1713 4319 naturae
1755 4258 1814 4316 in
1855 4276 2175 4336 personam
2206 4277 2385 4318 vnam
2408 4258 2627 4319 Christi
2650 4260 3037 4337 ῦκνθρώηου
3054 4256 3141 4317 sic
3160 4256 3462 4332 vniantur,

531 4334 838 4393 manifesta
879 4346 968 4394 est
1009 4336 1178 4395 ratio,
1219 4353 1362 4395 num
1405 4338 1562 4397 enim
1605 4340 1735 4397 sola
1776 4336 2054 4399 diuinitas
2092 4355 2204 4397 nos
2244 4340 2493 4397 liberare
2528 4336 2834 4399 valuisset?
2870 4354 3013 4397 num
3034 4340 3091 4398 81
3110 4338 3240 4398 sola
3258 4337 3459 4427 huma-

3309 4425 3461 4475 nitas
