3923 4875
646 348 761 415 392
1484 342 1592 397 nt
1652 344 2078 397 »otri-ru:
2131 348 2386 399 uosrs
2433 342 2718 393 ousta.

644 514 803 575 uatio
817 558 837 594 ,
884 533 959 575 ex
992 532 1115 592 quo
1156 514 1419 593 impleuit
1456 512 1729 575 Christus
1768 511 1923 575 illius
1965 510 2291 573 veritatem.
2345 511 2530 590 Atqui
2561 530 2694 573 eam
2727 508 3005 571 adhibuit
3035 510 3258 569 Paulus
3279 520 3430 587 post
3449 506 3606 568 illud

642 606 877 673 tempus
892 640 909 672 ,
960 600 1143 673 quarn
1192 594 1497 655 veritatem
1546 594 1699 655 illius
1738 594 2007 655 Christus
2047 592 2420 671 impleuerat.
2461 603 2562 653 aut
2599 611 2746 671 ergo
2786 610 2916 651 rem
2957 590 3331 653 mortiferam
3375 592 3606 649 Paulus

642 673 1010 753 adhibuerit,
1059 686 1161 736 aut
1208 675 1566 736 antecedens
1604 676 1815 735 salsum
1854 672 2125 733 dicamus
2163 692 2408 734 necesse
2445 686 2552 735 est.
2615 671 2974 765 Responsio
2995 684 3116 765 est,
3153 670 3604 731 disiunctiuam

642 772 766 846 non
815 773 945 817 esse
998 757 1221 833 ὄμοσον
1242 800 1261 831 ,
1299 756 1565 847 ideoque·
1598 754 1893 815 infirmam
1933 753 2524 833 argumentationem.
2563 752 2834 813 Dicimus
2875 752 3036 821 enim
3059 752 3601 813 circumcisionem

644 834 841 913 prisco
898 846 1171 912 tempore
1228 835 1407 897 fuisse
1452 834 1773 913 legitimam
1826 844 2006 913 atque
2053 836 2402 895 salutarem.
2443 834 2564 895 hoc
2603 844 2877 911 tempore
2915 834 3046 893 fore
3085 834 3510 907 mortiferam,
3553 832 3602 890 si

642 915 785 1007 quis
827 926 1023 975 vtatur
1069 934 1165 975 ea:
1220 916 1339 976 Sed
1390 914 1593 975 medio
1654 917 1919 993 quodam
1979 926 2250 993 tempore
2289 914 2464 975 fuisse
2503 925 2830 989 mortuam,
2871 914 3133 973 necdum
3177 912 3599 985 mortiferum

642 994 920 1057 nimirum
964 1012 1087 1073 quo
1126 1006 1395 1073 tempore
1434 996 1653 1073 legales
1691 995 1819 1055 illas
1860 994 2230 1055 ceremonias
2267 998 2358 1071 (vt
2399 994 2594 1055 verbis
2633 1004 2868 1055 vtamur
2905 993 3224 1073 Augustini
3248 994 3446 1071 Epist.
3481 998 3600 1069 19.)

640 1076 835 1136 efferri
874 1094 1012 1135 cum
1052 1078 1283 1136 honore
1318 1075 1581 1153 quodam
1602 1074 1881 1153 oportuit.
1922 1074 2168 1153 Optime
2187 1074 2347 1135 enim
2367 1075 2444 1133 ad
2465 1074 2907 1151 Hieronymum
2925 1076 3197 1134 scribens
3217 1076 3600 1152 Augustinus

640 1154 751 1215 tria
790 1168 1061 1235 tempora
1098 1155 1157 1215 in
1201 1154 1555 1217 ceremoniis
1594 1156 2024 1215 demonstrauit
2061 1154 2506 1235 distinguenda3
2547 1170 2730 1215 vnum
2771 1164 2910 1215 ante
2949 1154 3174 1215 Christi
3211 1155 3596 1232 passionem,

641 1238 701 1295 in
756 1255 879 1313 quo
930 1237 1149 1315 legales
1195 1237 1570 1297 ceremoniae
1610 1254 1725 1297 nec
1764 1245 1930 1295 erant
1973 1236 2308 1296 mortiferae
2347 1254 2461 1295 nec
2501 1246 2805 1311 mortuae,
2845 1235 2954 1294 sed
2995 1235 3074 1295 ad
3117 1236 3304 1295 vitam
3347 1235 3594 1312 piorum

642 1316 978 1377 ordinatae.
1042 1316 1309 1375 Alterum
1348 1326 1486 1395 post
1525 1326 1759 1395 tempus
1798 1316 2102 1393 Euangelij
2147 1315 2207 1375 in
2246 1314 2550 1393 publicum
2582 1313 2869 1393 diuulgati
2883 1360 2902 1391 ,
2921 1332 3046 1391 quo
3065 1324 3348 1393 tempore
3367 1317 3594 1393 legales

644 1397 779 1457 illae
820 1396 1193 1457 ceremoniae
1232 1408 1335 1456 aut
1374 1406 1677 1472 mortuae,
1716 1406 1817 1456 aut
1857 1394 2037 1456 etiam
2077 1394 2412 1455 mortiferae
2452 1396 2786 1455 censendae
2825 1407 2992 1473 sunt,
3035 1396 3392 1473 praesertim
3431 1414 3594 1473 quae

641 1478 721 1537 ad
765 1478 1270 1555 complementum
1312 1476 1740 1553 veritatemque
1777 1476 1839 1537 in
1872 1476 2112 1537 Christo
2143 1476 2656 1567 praefigurandam
2675 1475 3083 1555 pertinebant.
3123 1476 3402 1537 Tertium
3421 1475 3588 1536 deni-

644 1574 761 1633 que
798 1556 1217 1617 intermedium
1256 1568 1516 1635 ιειιιριιε,
1558 1556 1725 1635 quod
1762 1555 2042 1633 pertinuit
2081 1559 2118 1615 a
2160 1556 2435 1635 passione
2467 1555 2686 1617 Christi
2711 1557 2790 1616 ad
2825 1556 3376 1633 promulgationem
3400 1573 3590 1633 vsque

646 1636 982 1713 Euangelij.
1024 1638 1094 1697 In
1134 1638 1255 1697 hoc
1296 1636 1455 1697 enim
1494 1646 1765 1727 tempore
1804 1638 2042 1696 fuerunt
2081 1638 2376 1715 quaedam
2415 1648 2686 1697 mortuae
2723 1638 2948 1715 legales
2986 1638 3406 1716 ceremoniae,
3447 1636 3586 1714 quia

644 1734 843 1793 neque
897 1716 1018 1777 vim
1072 1718 1249 1777 vllam
1302 1716 1605 1777 habebant
1656 1715 1847 1809 ipsae,
1887 1732 2086 1793 neque
2125 1718 2204 1777 ad
2243 1716 2726 1777 obseruationem
2766 1716 3029 1794 ipsarum
3067 1718 3390 1777 tenebatur
3427 1718 3585 1794 quis-

644 1814 861 1873 quam:
922 1796 1027 1857 sed
1086 1808 1285 1857 tamen
1345 1815 1469 1857 non
1528 1796 1817 1857 continuo
1856 1798 2094 1857 fuerunt
2131 1796 2503 1874 mortiferae,
2545 1796 2686 1873 quia
2723 1815 2836 1875 pro
2877 1796 3110 1857 ratione
3149 1796 3470 1857 hominum
3508 1796 3586 1855 ad

642 1886 878 1953 tempus
926 1874 1215 1955 sapientia
1266 1875 1467 1936 diuina
1518 1876 1914 1937 dissimulatae
1965 1888 2120 1939 sunt.
2161 1878 2316 1937 Nam
2355 1876 2695 1968 quicunque
2735 1896 2811 1936 ex
2852 1876 3090 1937 Iudaeis
3131 1876 3472 1969 transibant
3509 1876 3584 1935 ad

645 1956 977 2035 Christum,
1038 1967 1311 2033 poterant
1372 1954 1529 2017 licite
1584 1958 1903 2017 obseruare
1957 1960 2176 2035 legales
2227 1956 2356 2017 illas
2395 1955 2793 2035 ceremonias,
2833 1956 2979 2016 dum
3019 1976 3188 2034 spem
3229 1956 3291 2017 in
3320 1956 3421 2048 ‘eis
3461 1976 3580 2017 non

644 2037 1036 2111 collocarent,
1077 2044 1296 2113 easque
1336 2035 1451 2097 sibi
1492 2036 1848 2097 necessarias
1908 2054 2039 2097 esse
2077 2038 2158 2097 ad
2197 2039 2449 2097 salutem
2489 2036 2944 2127 arbitrarentur:
2977 2047 3265 2113 tanquam
3285 2036 3338 2095 si
3358 2039 3582 2113 absque

641 2115 931 2193 legalibus
990 2080 1139 2177 fi'des
1201 2116 1419 2177 Christi
1480 2116 1793 2177 iustificare
1852 2116 2160 2177 hominem
2221 2136 2346 2177 non
2407 2128 2624 2208 posset.
2677 2114 2782 2193 qui
2823 2126 3026 2175 autem
3066 2136 3142 2177 ex
3179 2116 3466 2194 gentibus
3505 2115 3580 2175 ad

642 2194 943 2256 Christum
996 2196 1478 2273 adducebantur,
1528 2196 1591 2257 hi
1630 2198 1795 2257 nulla
1832 2196 2063 2259 ratione
2103 2196 2473 2257 ceremonias
2513 2194 2638 2257 illas
2678 2197 3036 2257 tenebantur
3077 2199 3436 2273 obseruare,
3475 2196 3579 2256 sed

643 2276 724 2335 vti
778 2276 1047 2336 libertate
1100 2294 1279 2355 quam
1322 2276 1589 2337 Christus
1630 2277 1915 2356 sanguine
1954 2294 2066 2337 suo
2106 2276 2312 2338 electis
2351 2277 2471 2337 suis
2515 2276 2920 2354 comparauit,
2963 2278 3148 2354 idque
3185 2278 3268 2337 ad
3305 2276 3578 2337 aedifica·

644 2354 901 2434 tionem,
950 2374 1022 2417 ac
1076 2374 1195 2417 non
1251 2356 1328 2417 ad
1370 2357 1867 2418 destructionem:
1910 2368 2088 2435 prout
2127 2375 2222 2417 res
2263 2375 2474 2417 ornnes
2515 2356 2740 2417 medias
2777 2357 2905 2417 siue
2945 2356 3352 2418 indifferentes
3392 2360 3432 2417 a
3469 2354 3574 2448 piis

644 2436 1150 2514 prudentibusque
1189 2436 1327 2498 viris
1366 2455 1611 2498 necesse
1652 2449 1743 2498 est
1780 2436 2084 2515 occupari.
2145 2437 2302 2498 Nam
2343 2440 2459 2498 hac
2498 2435 2730 2498 ratione
2768 2434 3161 2498 Timotheum
3199 2434 3580 2498 circumcidit

644 2517 857 2576 Paulus
870 2561 889 2590 ,
954 2528 1017 2578 vt
1076 2517 1443 2598 aedificaret3
1482 2515 1685 2578 Titum
1727 2519 1871 2580 vero
1912 2517 2198 2594 minime,
2237 2535 2317 2578 ne
2355 2519 2487 2595 plus
2525 2517 2646 2577 hoc
2683 2534 2793 2576 suo
2833 2518 2996 2578 facto
3037 2518 3386 2578 destrueret.
3451 2518 3578 2577 Gal.

648 2615 699 2656 2.
748 2615 802 2657 2.
864 2595 999 2658 Fuit
1058 2597 1215 2658 enim
1268 2561 1462 2674 primo
1514 2607 1788 2676 tempore
1843 2597 2218 2660 circumcisio
2269 2597 2446 2658 vitale
2486 2607 2953 2658 sacramentum.
2997 2598 3268 2659 secundo
3307 2609 3579 2676 tempore

641 2695 861 2754 corpus
902 2677 1195 2738 emoriens
1234 2680 1291 2738 δι
1330 2677 1587 2738 cadauer
1623 2696 1832 2738 recens
1852 2688 2184 2739 ιιιοιιιιιιιιι·
2207 2678 2380 2739 tertio
2405 2676 2667 2770 denique
2695 2687 2996 2756 tempore,
3018 2677 3080 2736 in
3100 2695 3224 2756 quo
3245 2695 3578 2752 versamur,

644 2757 899 2817 cadauer
938 2759 1216 2818 redolens
1254 2767 1431 2834 atque
1472 2757 1872 2819 mortiferum.
1914 2758 2074 2836 Quia
2113 2759 2280 2851 quod
2299 2757 2403 2818 illo
2418 2757 2710 2848 principio
2730 2768 3034 2817 mortuum
3056 2768 3185 2817 erat
3203 2757 3578 2835 simpliciter,

644 2855 958 2915 progressu
1018 2837 1303 2916 temporis
1318 2884 1335 2917 ,
1392 2855 1514 2915 quo
1563 2839 1815 2916 amplius
1868 2837 2070 2917 coepit
2110 2838 2470 2900 inualescere
2511 2836 2785 2898 doctrina
2823 2837 3134 2916 Euangelij
3153 2883 3170 2916 ,
3211 2837 3578 2898 mortiferum

646 2917 919 2978 effectum
980 2931 1086 2978 est.
1152 2921 1243 2978 Ac
1284 2929 1407 2978 tum
1451 2916 1695 2995 quidem
1735 2919 2091 2979 efferebatur
2127 2918 2492 2994 honorifice,
2531 2929 2595 2978 vt
2635 2933 2854 2995 corpus
2903 2927 3235 2978 mortuum:
3277 2928 3384 2978 aut
3425 2919 3579 2977 velut

644 2996 902 3089 moriens
916 3041 935 3076 ,
997 2998 1321 3060 commode
1374 2999 1720 3058 curabatur:
1759 3017 1936 3058 mune
1978 3003 2122 3060 vero
2163 2998 2470 3059 conditum
2511 2999 2925 3076 sepultumque
2965 2995 3026 3057 in
3069 3015 3314 3058 omnem
3355 3015 3578 3057 merno-

644 3075 791 3136 riam
854 3088 1183 3154 permanet:
1248 3097 1357 3154 ne,
1418 3077 1467 3137 si
1517 3077 1868 3176 refodiaturo,
1920 3079 2155 3139 exhalet
2208 3079 2364 3138 mala
2400 3078 2459 3138 in
2501 3077 2772 3138 Ecclesia
2809 3076 3028 3139 Christi
3069 3077 3396 3138 mortifera.
3459 3081 3578 3138 Iam

644 3153 805 3216 enim
847 3157 1239 3236 (Augustinus
1280 3157 1493 3234 inquit)
1537 3159 1675 3219 curn
1718 3157 1975 3220 venisset
2015 3159 2165 3220 fides
2201 3174 2357 3250 quae
2397 3157 2558 3236 prius
2599 3156 2711 3218 illis
2751 3156 3272 3218 obseruationibus
3291 3175 3580 3249 praenun-

643 3235 823 3310 ciata,
867 3249 1005 3314 post
1047 3248 1301 3298 mortem
1342 3239 1397 3298 δι
1440 3238 1929 3298 resurrectionem
1972 3237 2218 3298 Domini
2259 3241 2520 3298 reuelata
2558 3249 2676 3315 est,
2717 3236 3037 3298 amiserant
3076 3248 3362 3315 tanquam
3403 3238 3580 3297 vium

644 3315 827 3374 officii
884 3315 991 3376 sui.
1052 3319 1505 3396 Verumtamen,
1570 3317 1723 3379 sicut
1783 3317 2065 3379 defuncta
2121 3337 2410 3396 corpora,
2463 3317 2934 3378 necessariorum
2975 3317 3191 3378 officiis
3229 3317 3582 3378 deducenda

645 3405 811 3454 erant
852 3397 1304 3472 quodammodo
1344 3397 1422 3456 ad
1462 3401 1855 3476 sepulturam,
1895 3417 2008 3458 nec
2047 3398 2345 3474 simulate,
2387 3399 2496 3460 sed
2534 3397 2840 3476 religiose3
2878 3415 3002 3458 non
3039 3407 3242 3458 autern
3261 3397 3581 3458 deferenda

642 3474 967 3553 continuo,
1027 3477 1121 3538 vel
1181 3476 1559 3538 inimicorum
1622 3477 2160 3540 obtrectationibus
2207 3487 2510 3570 tamquam
2569 3494 2784 3538 canum
2840 3479 3138 3538 morsibus
3193 3477 3580 3555 proiicienda.

646 3553 901 3616 Proinde
965 3573 1123 3616 nunc
1163 3557 1428 3635 quisquis
1471 3557 1974 3637 Christianorum,
2017 3558 2289 3636 quamuis
2327 3559 2401 3618 sit
2442 3577 2517 3618 ex
2555 3557 2792 3618 Iudaeis
2869 3556 3136 3618 similiter
3175 3575 3248 3617 ea
3283 3559 3582 3618 celebrare

648 3635 928 3716 voluerit3
982 3648 1283 3729 tamquam
1338 3640 1601 3715 sepultos
1656 3638 1885 3698 cineres
1937 3656 2180 3717 eruenS,
2230 3657 2356 3699 non
2395 3640 2505 3699 erit
2537 3637 2672 3716 pius
2710 3601 3004 3698 deductor
3043 3639 3138 3698 vel
3179 3636 3416 3698 baiulus
3455 3654 3580 3697 cor·

646 3715 809 3808 poris
824 3760 841 3793 ,
895 3717 1003 3776 sed
1056 3716 1271 3796 impius
1324 3719 1661 3810 sepulturae
1708 3717 1984 3778 violator.
2051 3721 2254 3795 Atque
2293 3718 2354 3778 in
2391 3719 2664 3778 eamdem
2707 3717 3060 3778 sententiam
3100 3718 3328 3796 optime
3365 3718 3582 3776 Fausto

645 3794 1053 3935 {danichlafo
1071 3798 1154 3937 διιι
1190 3797 1317 3858 aliis
1378 3795 1488 3858 fuit
1540 3796 1657 3858 iam
1712 3797 1855 3858 olim
1894 3798 1975 3858 ab
2015 3817 2090 3858 eo
2131 3815 2481 3876 responsum
2523 3795 3102 3860 conuenientissime.
3141 3799 3190 3858 1.
3239 3817 3330 3875 ¹9·
3373 3807 3583 3857 contra

698 3885 829 3934 aust
956 3874 1093 3936 anic
1194 3897 1249 3936 c.
1300 3897 1322 3936 1
1336 3893 1389 3951 7.

728 3955 901 4045 Quae
959 3957 1097 4014 cum
1150 3955 1233 4016 ita
1274 3956 1425 4035 sint,
1472 3967 1787 4036 vtrumque
1828 3957 2056 4036 optime
2095 3957 2434 4037 statuimus,
2474 3960 2531 4018 δι
2571 3959 2726 4018 bene
2762 3967 2906 4017 tunc
2943 3959 2982 4016 ὲ
3019 3957 3242 4018 sanctis
3279 3955 3584 4034 Apostolis

648 4034 955 4110 prouisum
1019 4053 1180 4112 esse,
1236 4036 1291 4095 δι
1344 4053 1507 4129 nunc
1557 4039 1711 4098 bene
1750 4041 1789 4098 a
1828 4038 2004 4099 nobis
2045 4037 2252 4118 statui3
2291 4039 2394 4116 qui
2416 4003 2560 4116 figit
2599 4035 2910 4098 mutabiles
2949 4047 3050 4096 aut
3091 4051 3357 4097 mortuas
3393 4039 3582 4114 legeS,

650 4132 761 4190 pro
796 4115 1069 4174 absolute
1108 4115 1483 4194 necess-ariiS,
1522 4117 1856 4178 libertatem
1897 4085 2275 4181 Christianis·
2317 4117 2421 4196 qui
2461 4117 2819 4191 mortiferae,
2859 4117 3040 4178 vitam
3081 4115 3368 4178 adimere.
3407 4119 3583 4176 Hanc

655 4196 794 4252 vero
848 4194 1178 4257 libertatem
1234 4197 1289 4255 δι
1340 4196 1519 4256 vitam
1561 4195 1621 4257 in
1666 4197 1911 4259 veritate
1952 4199 2250 4261 custodiat
2291 4198 2450 4258 idem
2493 4197 2596 4276 qui
2637 4197 2864 4290 peperit
2903 4197 2958 4255 81
3001 4197 3278 4272 donauit,
3319 4196 3584 4256 Christus

662 4272 958 4334 Dominus
998 4275 1053 4334 δι
1097 4289 1362 4336 seruator
1402 4287 1635 4355 noster,
1676 4289 1916 4338 aeterna
1946 4279 2181 4368 spiritus
2220 4279 2308 4338 sui
2349 4277 2908 4338 communicatione.
2969 4279 3185 4336 Amen.
3229 4277 3294 4352 (f.
3345 4281 3532 4353 1533).
