3923 4875
608 307 715 369 106
1512 321 1854 368 -rnnsns
1913 317 2572 369 rnnonoorcan.

1340 555 1439 614 ΙΙ.
1520 554 1653 612 DE
1712 553 2060 614 SACRA
2116 552 2758 614 SCRIPTVRA.

692 732 944 798 Sacrae
1006 733 1408 816 Scripturae
1465 733 1913 799 consideratio
1974 734 2082 798 vti
2133 732 2316 797 inter
2360 731 2824 816 disquisitioff.
2871 736 3185 811 1594.)nes
3243 737 3306 800 T
3299 737 3517 803 keolo-

588 825 788 908 gicas
848 825 1141 890 maximi
1184 834 1288 888 est
1328 825 1669 902 momenti,
1718 826 1821 889 ita
1858 823 2184 906 pluribus
2229 823 2425 888 hodie
2469 824 2951 889 controuersiis
2997 826 3391 910 implicata3
3441 853 3519 894 eo

597 916 1001 1000 diligentius
1046 927 1149 980 est
1188 916 1605 980 instituenda
1618 965 1633 993 ,
1682 917 1999 998 quoniam
2044 915 2128 979 ab
2173 937 2250 979 ea
2286 915 2582 998 pendent
2623 927 2884 980 caetera
2899 957 2919 992 -,
2969 937 3173 1002 neque
3217 920 3397 984 enim
3433 922 3520 985 de

598 1007 928 1094 religione
976 1009 1192 1072 tutius
1238 1009 1307 1072 ἃ
1351 1008 1603 1071 certius
1649 1028 1849 1089 quam
1896 1029 1983 1070 ex
2029 1006 2156 1070 hac
2199 1006 2420 1070 indice
2464 1007 2744 1072 diuinae
2789 1007 3110 1074 veritatis
3133 1011 3482 1076 diuinitus
3499 1063 3516 1088 ,

591 1098 880 1184 definire
918 1111 1275 1182 possumus
1292 1147 1307 1175 ,
1358 1100 1427 1163 ἃ
1470 1098 1772 1162 debemus
1788 1119 1813 1160 .·
1854 1101 2000 1161 cnm
2033 1098 2244 1162 semel
2241 1099 2558 1179 fenestra
2581 1099 2751 1163 aliis
2774 1101 2969 1164 rebus
2981 1111 3263 1183 praeter
3285 1103 3516 1186 ipsam

589 1190 934 1274 patefacta
1000 1211 1288 1274 magnus
1330 1190 1676 1253 erroribus
1713 1198 2027 1272 patescat
2067 1189 2300 1252 aditus
2315 1210 2341 1252 .·
2397 1210 2608 1271 quare
2652 1190 2726 1254 in
2773 1191 2923 1274 ipso
2970 1192 3514 1276 disputationum

604 1281 667 1342 T
660 1281 1155 1366 heologicarum
1210 1280 1565 1364 principio
1632 1280 1713 1344 de
1778 1281 1933 1362 ipsa
1953 1329 1970 1357 ‚
2040 1281 2313 1345 auxilio
2381 1281 2672 1345 eiusdem
2746 1281 3063 1364 Spiritus
3116 1286 3238 1368 qui
3282 1286 3512 1368 ipsam

594 1372 887 1438 dictauit
902 1424 918 1450 ,
967 1371 1458 1457 dispiciendum
1504 1393 1645 1436 esse
1690 1371 2168 1436 iudicauimus.

1839 1584 2171 1643 Tnns1s
2231 1601 2274 1644 1.

669 1769 767 1826 Dr.
826 1765 1212 1824 instrumento
1274 1759 1757 1840 supernaturalis,
1819 1759 2091 1820 coelestis
2141 1762 2198 1819 δε
2236 1759 2474 1822 diuinae
2515 1759 2667 1820 illius
2709 1759 3079 1842 disciplinae,
3119 1779 3300 1839 quam
3342 1765 3511 1825 Deus

594 1847 781 1906 verbo
832 1861 941 1905 suo
1002 1841 1314 1903 nobiscum
1374 1840 1801 1918 communicat,
1841 1839 2088 1920 acturis,
2129 1840 2350 1917 duplex
2389 1859 2454 1900 se
2495 1841 2670 1901 nobis
2708 1843 2882 1901 offert
2926 1843 3050 1904 eius
3089 1842 3509 1905 consideratio,

594 1925 764 1984 Prior
777 1969 795 2004 ,
838 1926 957 2000 qua
995 1933 1084 1982 est
1118 1923 1185 1980 in
1224 1939 1287 1981 se
1300 1966 1317 1998 .,
1363 1922 1566 1980 Altera
1580 1966 1597 1990 ,
1640 1931 1926 1998 quatenus
1969 1923 2006 1980 a
2043 1919 2220 1980 nobis
2259 1919 2580 1998 percipitur
2619 1921 2675 1979 &
2695 1923 2774 1981 ad
2791 1939 2965 1982 vsum
2984 1931 3252 1984 nostrum
3271 1943 3508 1984 accom-

596 2006 893 2065 modatur.
954 2002 1052 2062 Ad
1109 1998 1371 2079 priorem
1430 2000 1968 2061 considerationem
2009 1999 2305 2078 pertinent
2343 2019 2472 2061 esse
2512 1999 2635 2060 eius
2651 2045 2670 2078 ,
2709 2001 3051 2062 Auctoritas
3091 2003 3146 2062 &
3183 2003 3506 2080 perfectio:

590 2085 691 2144 Ad
728 2085 971 2144 alteram
1009 2086 1151 2144 vero
1185 2078 1566 2158 perspicuitas
1597 2081 1653 2139 δι
1673 2079 2096 2158 interpretatio,
2135 2081 2350 2140 Sacrae
2371 2079 2703 2158 Scripturae
2721 2081 2974 2142 essentia
2993 2093 3120 2143 tota
3139 2081 3200 2144 in
3221 2083 3507 2143 relatione

594 2163 863 2226 consistit
898 2164 976 2222 ad
1017 2163 1265 2224 verbum
1279 2208 1297 2241 ‚
1338 2162 1504 2222 cuius
1544 2160 1843 2238 Scriptura
1882 2169 1971 2221 est
1984 2205 2001 2240 ,
2041 2169 2132 2220 est
2169 2160 2328 2221 enim
2359 2159 2814 2222 instrumentum
2831 2161 3092 2242 visibile,
3123 2163 3290 2223 verbi
3309 2163 3506 2224 inuisi-

592 2242 757 2305 bilis:
796 2242 1051 2322 ideoque
1091 2241 1422 2303 secundum
1464 2241 1809 2301 relationem
1848 2240 2010 2300 illam
2051 2239 2132 2300 ita
2173 2240 2513 2320 definimus3
2557 2241 2736 2301 Sacra
2775 2239 3073 2320 Scriptura
3113 2253 3202 2303 est
3238 2244 3507 2304 Verbum

592 2324 706 2383 Dei
744 2328 782 2384 a
820 2325 954 2384 Deo
994 2343 1100 2400 per
1137 2320 1435 2383 ministros
1476 2338 1615 2381 suos
1655 2319 1959 2381 Ecclesiae
1979 2319 2040 2380 in
2065 2322 2284 2380 Vetere
2303 2321 2360 2379 &
2380 2323 2559 2382 Nouo
2581 2323 2966 2383 Testamento
2986 2321 3207 2400 scripto
3226 2322 3505 2383 traditum

592 2404 648 2464 δε
692 2413 1104 2467 consecratum
1142 2403 1221 2464 ad
1258 2401 1509 2479 gloriam
1550 2398 1729 2480 ipsius
1768 2402 1825 2461 δι
1866 2402 2190 2462 electorum
2231 2401 2478 2463 bonum.
2546 2421 2599 2463 2.
2647 2402 2798 2463 Tim.
2838 2420 2895 2479 3.
2945 2404 3037 2463 16.
3098 2405 3170 2463 In
3208 2405 3321 2464 hac
3362 2404 3505 2465 defi-

588 2484 814 2547 nitione
854 2502 1059 2547 causas
1100 2502 1307 2545 omnes
1345 2480 1602 2544 breuiter
1642 2481 1937 2559 complexi
1977 2498 2177 2542 sumus
2192 2526 2211 2561 ‚
2247 2491 2374 2541 tum
2415 2482 2698 2562 internas»,
2737 2481 3050 2544 Materiam
3067 2529 3085 2562 ,
3115 2486 3171 2544 δι
3193 2486 3502 2545 Formam:

588 2575 716 2625 tum
758 2574 1029 2627 externas
1042 2611 1061 2645 ,
1099 2562 1475 2624 Efficientem
1515 2563 1571 2620 δε
1610 2561 1840 2622 Finem.

672 2666 724 2706 2.
804 2644 1055 2706 Materia
1092 2644 1265 2705 huius
1306 2644 1641 2720 Scripturae
1679 2642 1893 2702 eadem
1933 2652 2022 2702 est
2061 2658 2216 2719 quae
2256 2641 2444 2702 Verbi
2482 2641 2598 2703 Dei
2611 2686 2630 2717 .‚
2670 2640 2946 2702 nimirum
2967 2643 3252 2721 quicquid
3273 2644 3349 2704 de
3365 2646 3504 2705 Deo

585 2726 641 2784 &
682 2742 877 2786 rerum
918 2727 997 2786 ab
1038 2727 1233 2784 Deum
1274 2722 1645 2784 ordinatione
1683 2720 2027 2783 hominibus
2067 2721 2218 2783 scire
2239 2721 2506 2801 expedit,
2533 2724 2588 2781 &
2609 2723 2772 2781 Deus
2794 2722 2957 2799 ipsos
2976 2724 3102 2783 vult
3119 2741 3504 2802 cognoscere.

584 2805 920 2865 Commune
960 2804 1118 2866 enim
1161 2804 1494 2864 subiectum
1534 2800 1733 2881 verbi,
1773 2812 1901 2861 tum
1943 2805 2062 2879 qua
2099 2803 2474 2863 enunciatum
2516 2812 2630 2879 est,
2670 2812 2796 2861 tum
2837 2806 2956 2879 qua
2989 2802 3212 2881 scripto
3233 2823 3502 2882 compre-

580 2886 830 2946 hensum
890 2896 1009 2964 est,
1068 2887 1233 2945 Deus
1290 2882 1519 2943 ratione
1580 2881 1887 2959 primaria:
1948 2883 2313 2943 Secundario
2373 2886 2515 2943 vero
2574 2881 2842 2942 Ecclesia
2895 2882 2951 2940 δι
2990 2900 3379 2962 quaecunque
3421 2886 3502 2945 ad

581 2967 777 3025 Deum
790 3010 807 3043 ,
852 2964 979 3026 siue
1016 2966 1095 3025 ad
1136 2963 1469 3025 Ecclesiam
1506 2962 1832 3025 secundum
1872 2964 2070 3022 Deum
2110 2961 2543 3023 ordinationem
2581 2962 2822 3023 habent.
2883 2961 3104 3023 Omnia
3143 2962 3302 3023 enim
3345 2981 3502 3041 quae

581 3044 643 3103 in
703 3043 1001 3123 Scriptura
1059 3044 1438 3105 continentur
1495 3041 1949 3104 conuenientem
2004 3043 2082 3102 ad
2123 3045 2321 3103 Deum
2362 3041 2796 3103 ordinationem
2835 3042 3088 3122 habent,
3127 3043 3304 3105 etiam
3343 3060 3502 3121 quae

582 3122 857 3183 videntur
894 3125 973 3185 ab
1014 3142 1090 3185 eo
1134 3142 1264 3185 esse
1303 3121 1697 3185 remotissima
1734 3121 1956 3181 iudicio
1996 3132 2224 3183 nostro,

660 3222 717 3279 3.
797 3206 1015 3264 Forma
1054 3205 1271 3265 Sacrae
1312 3202 1646 3281 Scripturae
1688 3201 2004 3279 dupliciter
2043 3202 2451 3263 consideratur
2491 3200 2646 3261 intus
2669 3204 2725 3262 δι
2759 3202 2935 3281 foriS,
2966 3220 3042 3262 ex
3059 3219 3182 3280 quo
3204 3202 3496 3263 internam

578 3283 634 3341 δι
694 3283 1090 3361 essentialem,
1152 3294 1254 3343 aut
1305 3293 1608 3344 externam
1648 3281 1704 3340 δε
1742 3281 2174 3342 accidentalem
2215 3280 2484 3342 dicimus.
2551 3284 2789 3342 Interna
2828 3281 3162 3361 Scripturae
3203 3286 3394 3343 forma
3434 3282 3497 3342 in

576 3362 862 3423 relatione
903 3362 1185 3423 consistit.
1227 3363 1529 3441 Scriptura
1568 3361 1757 3439 enim,
1798 3360 1966 3421 verbi
2006 3360 2301 3421 enunciati
2335 3362 2632 3439 Scriptura
2653 3372 2772 3422 est:
2805 3361 3005 3439 itaque
3026 3380 3180 3441 quae
3199 3374 3288 3423 est
3306 3365 3498 3424 forma

575 3441 743 3503 verbi
801 3462 873 3502 ea
928 3441 1106 3502 etiam
1166 3442 1499 3521 Scripturae
1558 3441 1884 3501 secundum
1934 3440 2235 3502 relationis
2277 3444 2526 3501 formam
2567 3443 2865 3502 censenda
2905 3450 3014 3502 est.
3077 3442 3264 3503 Verbi
3299 3453 3496 3503 autem

576 3521 896 3583 essentialis
933 3523 1129 3583 forma
1169 3534 1257 3583 est
1296 3521 1495 3582 diuina
1532 3521 1777 3597 verim,
1819 3530 2011 3580 totum
2053 3520 2386 3582 subiectum
2427 3524 2482 3581 &
2502 3520 2758 3599 singulas
2778 3521 2902 3582 eius
2923 3532 3116 3598 partes
3135 3522 3492 3584 informans:

574 3602 748 3663 Ioan.
814 3620 905 3677 17.
973 3619 1063 3676 17.
1122 3604 1353 3663 Eadem
1391 3620 1535 3679 ergo
1576 3602 1632 3661 δι
1674 3599 2012 3677 Scripturae
2050 3603 2244 3661 forma
2282 3610 2410 3663 tota
2449 3600 2510 3661 in
2545 3610 2677 3661 toto
2719 3603 2775 3661 δι
2813 3600 2876 3661 in
2915 3600 3157 3679 singulis
3197 3602 3322 3663 eius
3361 3622 3491 3681 par·

574 3683 732 3835 ab?
772 3692 1237 3822 ‹fiffigntgme
1298 3759 1587 3822 essentiali
1640 3758 1873 3820 accedit
1913 3761 2106 3820 forma
2145 3771 2389 3822 externa
2427 3761 2483 3819 &
2523 3758 2902 3822 accidentalis
2942 3777 3082 3820 cum
3121 3760 3352 3823 interna
3390 3762 3492 3823 illa

570 3840 938 3902 modificata:
1000 3860 1139 3901 nam
1198 3840 1370 3902 sicuti
1428 3840 1583 3901 intus
1643 3838 1845 3899 diuina
1898 3839 1996 3899 illa
2035 3850 2126 3901 est
2165 3840 2378 3901 veritas
2419 3850 2624 3900 sancta
2661 3839 2814 3902 iusta
2851 3850 3031 3917 atque
3077 3843 3369 3921 perfecta,
3407 3841 3491 3903 ita

568 3919 747 3979 etiam
788 3921 931 3983 foris
973 3921 1035 3981 in
1073 3920 1315 4000 singulis
1356 3920 1691 3998 Scripturae
1733 3918 2036 3997 particulis
2077 3920 2289 3981 eadem
2331 3929 2422 3981 est
2459 3919 2740 3980 diuinitus
2781 3937 3080 3999 expressa,
3123 3920 3204 3982 ita
3245 3932 3308 3982 vt
3341 3920 3492 3982 nihil

524 4038 536 4045 -
567 3999 744 4073 plane
783 4000 845 4059 in
884 4019 957 4060 ea
998 4001 1185 4091 possit
1224 4000 1609 4062 animaduerti
1622 4045 1641 4079 ,
1682 3999 1849 4076 quod
1887 4017 2012 4059 non
2053 4016 2348 4059 summam
2386 4000 2606 4061 habeat
2624 4016 2762 4060 cum
2781 4000 3023 4061 veritate
3041 3998 3246 4061 diuina
3265 4018 3489 4063 conue-

568 4076 872 4139 nientiam.
914 4080 1027 4140 Cui
1066 4082 1293 4141 formae
1333 4091 1609 4142 externae
1648 4077 1881 4139 accedit
1918 4078 2104 4139 dictio
2145 4095 2265 4156 qua
2296 4078 2578 4157 primario
2600 4098 2874 4157 expressa
2897 4088 2984 4139 est
2997 4121 3012 4151 ‚
3049 4095 3202 4169 quae
3222 4081 3283 4141 in
3303 4080 3490 4142 veteri

568 4155 811 4233 quidem
852 4162 1237 4220 Testamento
1278 4160 1579 4222 Hebraica
1594 4206 1611 4239 ,
1651 4158 1711 4219 in
1752 4176 1915 4218 nouo
1951 4158 2186 4219 Graeca
2206 4168 2319 4218 est:
2362 4159 2515 4219 vnde
2533 4178 2658 4219 non
2679 4158 2973 4219 immerito
2994 4156 3107 4218 in1s
3127 4160 3486 4222 editionibus

565 4242 848 4313 tanquam
891 4240 1251 4317 prototypiS‚
1290 4242 1369 4302 ab
1388 4240 1528 4318 ipsis
1550 4236 1859 4317 Prophetis
1879 4239 1936 4298 δι
1954 4236 2262 4316 Apostolis
2282 4237 2564 4299 instinctu
2584 4238 2897 4318 expressis„
2932 4236 3135 4299 omnia
3153 4240 3484 4302 tribuimus.

646 4332 703 4393 5.
785 4316 1061 4377 Efficiens
1122 4336 1299 4379 causa
1357 4320 1696 4397 Scripturae
1755 4318 1977 4394 duplex
2030 4316 2337 4379 obseruari
2373 4327 2601 4397 potest,
2641 4316 2980 4395 Principalis
3019 4318 3076 4377 δε
3117 4319 3486 4477 secundalrssii

3171 4397 3366 4458 Princi
3467 4397 3484 4410 '
