3923 4875
34 1856 60 2228 naam-⁴·-

81 3399 161 4068 “affusa-'5255
54 2835 128 3381 ιῑῑ-ῑ-Ὲὼᾒ
49 2750 94 2814 ‘⁴²
46 2665 93 2731 a
42 2596 89 2652 ⁸

547 0 605 34 lu
688 0 810 36 “⁶⁸⁹
852 0 1001 18 {lumlv
1045 0 1259 17 ΙΙ“υ““Ι
1272 0 1338 16 DQ·
1385 0 1486 15 “u-
1525 0 1675 32 Ἴων
1717 0 1872 16 wluo
1915 0 2063 34 ”ssllv
2105 0 2280 15 “fi-lu„
2321 0 2592 15 “GU-“UOV
2626 0 2675 15 u·
2696 0 3064 14 VVBDUUWVAQ
3086 0 3178 14 vv·
3190 0 3300 31 tlu-
3317 0 3331 12 Ο

423 37 649 98 Contra
688 42 863 108 vero,
906 36 1071 114 quod
1110 35 1389 115 gaudium
1430 33 1707 113 singulari
1749 37 2023 96 membro
2065 37 2274 96 deesse
2293 45 2519 113 potest,
2541 34 2592 94 si
2611 37 2807 96 valere
2827 51 3044 113 corpus
3064 32 3334 94 animad-

425 113 707 177 uerterit?
766 118 930 194 quod
984 116 1033 176 si
1092 115 1283 195 ipsum
1338 115 1616 194 singulari
1666 117 1930 194 quodam
1985 115 2170 177 modo
2210 113 2496 175 afficiatur
2537 117 2721 193 male,
2759 114 2925 192 quod
2966 115 3185 174 malurn
3230 112 3341 192 ipsi

532 196 683 256 uiter
723 198 1076 257 damnosum
1117 215 1245 256 esse
1285 205 1514 275 potest,
1556 195 1605 256 si
1643 212 1965 257 commune
2007 195 2236 256 bonum
2276 194 2544 286 corporis
2584 193 2695 273 ipsi
2725 195 2984 255 futurum
3017 203 3104 254 est
3139 193 3340 271 bone,

424 216 690 336 gavires
743 294 1095 337 communes
1146 293 1280 338 suas
1334 276 1412 336 ad
1453 274 1760 354 singularis
1801 275 2053 336 membri
2092 274 2582 336 commoditatem
2625 270 3014 335 collaturum?
3071 274 3142 333 In
3180 275 3342 334 hunc

426 357 675 417 modum
728 358 1059 445 Prophetae
1115 355 1302 418 sancti
1340 359 1397 419 δι
1436 355 1631 435 prisca
1671 355 1941 416 Ecclesia
1981 355 2096 415 Dei
2135 358 2171 415 a
2213 354 2590 433 singularium
2635 353 3038 414 membrorum
3078 354 3244 414 bono
3286 355 3343 413 &

423 435 573 497 boni
612 435 1003 514 conscientia,
1051 437 1376 498 docuerunt
1416 454 1527 496 nos
1569 454 1780 495 omnes
1820 437 1897 496 ad
1938 434 2086 495 boni
2125 434 2461 495 communis
2500 433 2970 512 explorationem
3010 434 3066 492 &
3106 451 3342 493 sensum

428 517 856 594 assurgendum
917 535 1071 594 esse,
1126 527 1187 576 vt
1238 535 1438 576 veram
1488 515 1769 576 laetitiam
1810 532 2224 592 assequamur:
2263 515 2746 592 quandoquidem
2786 531 2900 574 nec
2940 511 3216 572 diuturna
3257 522 3346 573 est

428 595 653 656 laetitia
694 596 948 658 membri
986 608 1269 675 pereunte
1310 615 1592 674 corpore,
1632 614 1746 657 nec
1786 605 1947 656 certa
1988 593 2278 673 pernicies
2319 593 2475 674 eiuS,
2517 595 2565 655 si
2603 612 2725 672 quo
2767 595 2927 654 malo
2947 591 3347 670 infestabitur,

428 678 663 736 valente
706 694 993 755 corpore,
1034 677 1089 735 δι
1123 676 1200 736 ad
1224 675 1737 737 confirmationem
1756 674 2080 737 laborantis
2101 674 2350 735 membri
2371 687 2736 735 accurrente.
2777 676 2953 734 Nunc
2974 692 3118 751 ergo
3139 689 3344 734 secun-

434 757 577 816 dum
636 756 756 816 hoc
816 773 1122 816 causarum
1183 774 1371 835 genus
1429 755 1763 834 videamuS,
1820 756 2038 832 quibus
2084 765 2425 815 recreantur
2464 753 2578 833 pij,
2630 757 2686 816 δι
2725 754 2789 815 in
2831 753 3108 815 omnibus
3147 771 3343 813 rerum

429 835 876 897 difficultatibus
915 837 1385 897 consolationem
1409 827 1647 895 ’certam
1687 835 2121 914 adipiscuntur,
2157 836 2450 926 gaudent,
2488 844 2667 912 atque
2705 833 3049 927 gloriantur.

509 914 719 976 Positis
773 920 910 976 ante
964 916 1205 994 priuatis
1251 917 1306 975 δι
1347 915 1739 994 singularibus
1778 914 1971 976 causis
2012 913 2328 976 Christiani
2369 915 2522 975 illius
2561 916 2757 1007 gaudij
2779 960 2797 992 ,
2839 932 3188 975 communes
3229 912 3345 973 iam

430 995 617 1055 tribus
675 994 768 1056 his
828 995 1094 1056 versibus
1154 997 1505 1073 afferuntur,
1565 1013 1815 1073 quarum
1868 996 2019 1055 haec
2071 1013 2302 1055 summa
2343 1005 2458 1057 est:
2520 996 2659 1056 Pios
2697 994 2931 1072 priuato
2971 998 3027 1056 &
3068 991 3347 1074 singulari

432 1075 673 1152 quidem
735 1087 1005 1154 respectu
1066 1094 1244 1154 quem
1305 1075 1364 1136 in
1424 1075 1826 1154 superioribus
1885 1075 2297 1155 exposuimus,
2351 1085 2613 1136 sanctam
2655 1073 2933 1136 laetitiam
2976 1074 3188 1135 animis
3228 1072 3347 1134 suis

429 1154 765 1236 percipere,
827 1156 935 1217 sed
986 1159 1167 1236 longe
1221 1154 1430 1216 maiori
1481 1155 1696 1217 laetitia
1733 1155 1888 1216 affici
1930 1174 2005 1215 ex
2047 1154 2383 1216 communis
2422 1154 2567 1215 boni
2608 1155 3141 1235 contemplatione,
3183 1153 3347 1231 quod

431 1237 657 1296 bonum
719 1234 779 1295 in
840 1236 1108 1297 Ecclesia
1169 1246 1450 1313 cernunt,
1506 1237 1562 1295 δε
1613 1237 1691 1296 ab
1740 1235 2011 1296 Ecclesia
2050 1236 2130 1295 ad
2170 1253 2233 1294 se
2272 1233 2528 1295 sentiunt
2566 1233 2848 1296 deriuari:
2889 1246 3015 1296 tum
3057 1233 3195 1313 quia
3234 1235 3347 1295 hac

433 1314 847 1394 recognitione
887 1318 1181 1377 bonorum
1221 1317 1281 1377 in
1325 1315 1593 1377 Ecclesia
1631 1325 2071 1395 recognoscunt
2108 1313 2466 1392 Ecclesiam,
2505 1323 2632 1375 tum
2666 1320 2806 1376 vero
2836 1315 2976 1392 quia
3007 1333 3173 1376 suam
3194 1313 3349 1393 ipso·

434 1414 562 1455 rum
605 1395 1014 1456 conditionem
1057 1396 1118 1456 in
1160 1396 1427 1457 Ecclesia
1465 1395 1592 1474 ipsa
1631 1396 1921 1473 sentiunt,
1961 1396 2017 1454 δι
2059 1393 2171 1455 sibi
2211 1394 2287 1456 de
2307 1414 2380 1455 ea
2396 1396 2781 1473 gratulantur.
2823 1397 3129 1456 Bonorum
3150 1405 3349 1455 autem

431 1491 586 1554 quae
626 1475 704 1535 ad
747 1476 1049 1537 Ecclesiae
1104 1475 1537 1569 cognitionem,
1578 1479 1633 1537 δι
1671 1477 1751 1536 ad
1792 1476 2197 1536 membrorum
2237 1476 2364 1534 eius
2402 1474 2869 1536 aedificationem
2910 1473 3161 1555 faciunt,
3199 1474 3350 1535 ratio

431 1555 651 1632 duplex
709 1556 830 1614 hoc
889 1558 1028 1616 loco
1070 1567 1327 1634 ponitur.
1381 1557 1535 1616 Nam
1587 1555 1842 1634 primum
1894 1553 2330 1617 absolutissima
2369 1555 2672 1616 Ecclesiae
2711 1554 2770 1615 in
2810 1574 2873 1616 se
2913 1552 3349 1635 coagmentatio

430 1635 699 1713 ponitur,
740 1636 859 1695 hoc
902 1653 1103 1715 versu,
1155 1635 1368 1697 deinde
1406 1640 1552 1698 vero
1591 1635 1793 1696 officia
1832 1634 2035 1695 omnia
2073 1635 2151 1695 ad
2190 1635 2763 1714 coagmentationem
2801 1635 2961 1696 illam
3002 1633 3349 1714 pertinentia

432 1725 614 1792 atque
654 1714 1053 1776 indesinenter
1091 1716 1151 1775 in
1194 1735 1265 1776 ea
1305 1715 1686 1795 profluentia,
1727 1717 1964 1777 duobus
2004 1716 2404 1792 sequentibus
2444 1717 2644 1794 Atque
2682 1716 2794 1776 hae
2813 1717 2967 1776 duae
2987 1735 3082 1776 res
3104 1715 3350 1777 omnino

431 1805 569 1855 sunt
614 1813 766 1873 opus
808 1797 884 1856 ad
926 1795 1159 1874 piorum
1202 1795 1745 1856 confirmationem:
1787 1795 2294 1873 quemadmodum
2326 1795 2387 1855 in
2408 1796 2684 1873 symbolo
2704 1796 3154 1875 Apostolorum,
3185 1806 3348 1874 post-

433 1892 613 1952 quam
667 1875 915 1953 professi
965 1892 1167 1935 sumus
1220 1894 1333 1936 nos
1385 1875 1630 1938 credere
1668 1887 1934 1937 sanctam
1987 1874 2319 1935 Ecclesiam
2360 1874 2746 1948 catholicam,
2787 1874 2944 1936 illico
2980 1874 3353 1956 subiicimuS,

433 1955 920 2095 ἓοιῃξιυηίοῃειῃ
966 1967 1337 2036 sanctorum3
1379 1954 1544 2017 cuius
1584 1954 2024 2016 communionis
2064 1956 2281 2016 modus
2321 1954 2381 2014 in
2400 1955 2523 2016 hoc
2542 1972 2742 2030 versu,
2766 1975 2949 2035 opera
2969 1955 3354 2034 sequentibus

478 2052 557 2094 uo
603 2051 672 2095 us
713 2053 786 2095 ex
873 2045 1108 2096 nuntur.

516 2116 710 2193 Atque
749 2053 897 2176 ὴξὲο
937 2115 1180 2193 quidem
1221 2114 1542 2194 descriptio
1584 2114 1889 2176 Ecclesiae
1927 2115 2022 2175 vel
2063 2113 2277 2175 domus
2316 2115 2576 2176 Iehouae
2619 2116 2708 2192 (vt
2747 2125 2883 2176 ante
2912 2114 3020 2176 suit
3038 2117 3356 2195 appellata)

433 2203 560 2255 tum
601 2195 839 2272 quidem
882 2206 1009 2256 erat
1048 2194 1407 2273 necessaria,
1449 2199 1587 2256 cum
1626 2197 1794 2256 locus
1834 2195 2397 2272 Hierosolymorum
2429 2194 2507 2256 ad
2531 2195 2873 2273 symbolum
2894 2205 3132 2256 sanctae
3152 2197 3356 2257 Eccle-

436 2273 555 2334 siae
614 2294 821 2336 recens
875 2275 1227 2337 constitutus
1268 2286 1451 2352 esset3
1493 2286 1673 2353 prout
1711 2273 2006 2353 principio
2052 2275 2423 2336 ostendimus
2464 2275 2639 2336 fuisse
2679 2278 2881 2338 locum
2921 2293 3111 2355 nuper
3149 2278 3186 2336 a
3225 2277 3358 2337 Deo

438 2355 807 2433 designatum
827 2400 845 2432 ,
896 2357 953 2416 δι
1012 2358 1342 2434 gratulante
1395 2358 1622 2433 populo
1677 2355 2079 2416 celebritatem
2121 2354 2441 2415 maximam
2483 2357 2664 2417 fuisse
2707 2353 3021 2434 indictam,
3062 2366 3126 2418 vt
3167 2358 3359 2418 cultus

438 2435 550 2496 Dei
601 2437 782 2497 semel
824 2455 897 2496 eo
938 2435 996 2496 in
1040 2439 1178 2497 loco
1218 2434 1515 2496 institutus
1555 2437 1688 2497 Deo
1729 2445 1974 2496 auctore
2014 2446 2404 2514 permaneret.
2465 2436 2583 2497 Sed
2623 2436 2672 2497 si
2709 2447 2838 2496 tum
2882 2435 3214 2499 necessaria
3253 2437 3361 2499 fuit

437 2516 587 2575 haec
625 2515 1117 2595 circumscriptio,
1159 2520 1318 2577 certe
1360 2518 1551 2577 multo
1594 2516 1779 2595 magis
1818 2515 2146 2577 necessaria
2185 2515 2416 2577 videtur
2457 2536 2586 2578 esse
2605 2516 2696 2578 his
2718 2516 2946 2577 miseris
2965 2518 3362 2597 temporibus,

479 2594 652 2656 uibus
694 2615 904 2657 omnes
945 2595 1213 2657 certatim
1254 2596 1367 2657 sibi
1407 2596 1738 2657 Ecclesiam
1778 2607 2088 2673 arrogant:
2129 2615 2243 2657 nec
2282 2596 2764 2675 praefidentiores
2803 2596 2908 2658 vui
2948 2598 3226 2659 doctores
3259 2607 3362 2660 aut

482 2693 619 2736 uces
657 2676 736 2736 ad
778 2676 1304 2737 demonstrandam
1346 2675 1675 2737 Ecclesiam
1716 2675 1971 2737 existunt
2011 2677 2228 2755 ferme,
2270 2679 2451 2753 quam
2490 2675 2529 2753 ij
2570 2676 2684 2755 ipsi
2722 2676 2825 2754 qui
2866 2696 2978 2737 nec
2999 2678 3229 2757 Deum,
3247 2696 3362 2739 nec

440 2755 797 2830 Ecclesiam,
839 2775 953 2817 nec
993 2755 1363 2835 proximum,
1407 2775 1520 2817 nec
1560 2756 1784 2835 seipsos
1825 2765 2079 2832 norunt,
2119 2765 2222 2816 aut
2262 2755 2440 2817 etiam
2477 2756 2527 2818 si
2564 2766 2786 2818 norunt
2826 2758 3000 2837 (proh
3022 2757 3222 2835 dolor)
3242 2776 3366 2819 non

439 2845 686 2913 possunt
725 2836 837 2915 ipsi
874 2840 913 2896 a
952 2855 1018 2896 se
1057 2836 1363 2897 discedere
1432 2839 1488 2897 &
1528 2835 1641 2897 sibi
1682 2835 2060 2914 renunciare,
2079 2845 2144 2895 vt
2163 2837 2329 2916 De0,
2349 2835 2685 2917 Ecclesiae,
2707 2840 3101 2916 proximoque
3119 2838 3366 2915 cedant,

444 2916 496 2975 δι
560 2918 874 2976 consulant
929 2916 1101 2976 saluti
1141 2933 1302 2976 suae.
1360 2881 1519 2992 Quia
1569 2916 1775 2996 igitur,
1825 2914 1873 2976 si
1913 2913 2016 2994 qui
2054 2916 2206 2977 haec
2246 2916 2455 2978 lecturi
2495 2928 2657 2995 sunt,
2691 2915 2884 2977 statim
2924 2916 3233 2979 obiicient:
3288 2920 3370 2978 At

448 3012 738 3073 quaenam
793 2997 944 3056 haec
996 2997 1266 3057 Ecclesia
1315 3006 1437 3075 est,
1488 3014 1669 3074 quam
1709 2994 1958 3075 Spiritus
1997 2994 2113 3055 Dei
2148 2996 2263 3057 hac
2304 2996 2743 3075 magnificentia
2779 2997 3103 3058 verborum
3143 2996 3370 3077 praedi-

445 3072 632 3136 cauit?
672 3076 793 3136 hoc
832 3075 917 3136 illi
956 3079 995 3135 a
1033 3076 1209 3137 nobis
1248 3093 1599 3154 responsum
1641 3076 1928 3139 habeant:
1969 3074 2224 3152 primum
2264 3076 2692 3155 sapientissime
2729 3077 2766 3135 a
2808 3075 3028 3154 Spiritu
3066 3078 3183 3139 Dei
3213 3097 3371 3157 mag-

446 3154 617 3215 nifica
677 3156 830 3216 haec
889 3157 1071 3217 verba
1130 3157 1209 3216 ad
1249 3156 1837 3218 commendationem
1896 3154 2202 3217 Ecclesiae
2261 3155 2562 3236 adhiberi,
2621 3155 2761 3234 quia
2817 3157 2986 3234 parui
3035 3158 3130 3219 vel
3177 3155 3374 3236 potius

452 3234 702 3314 minimi,
762 3236 926 3296 addo
988 3235 1164 3296 etiam
1205 3235 1422 3297 nullius
1463 3235 1631 3317 pretij
1666 3241 1705 3297 a
1741 3235 2038 3317 plerisque
2078 3235 2356 3297 omnibus
2398 3246 2672 3298 censetur
2711 3254 2867 3297 esse:
2909 3237 3012 3315 qui
3050 3237 3196 3298 nihil
3234 3235 3372 3309 sibi,

451 3313 637 3393 carni,
697 3318 753 3376 δι
796 3315 993 3376 sensui
1032 3332 1140 3376 suo
1181 3334 1307 3377 non
1347 3327 1658 3396 arrogant,
1700 3327 1764 3377 vt
1802 3314 2040 3395 quiduis
2081 3316 2158 3376 de
2199 3315 2467 3377 Ecclesia
2508 3316 2650 3393 de(f.
2696 3319 3079 3396 703)rogent:
3141 3316 3375 3377 Deinde

451 3397 584 3453 vero
642 3414 753 3456 nos
806 3406 1046 3474 paratos
1086 3414 1246 3472 esse,
1290 3396 1340 3457 si
1378 3394 1489 3457 viri
1527 3396 1674 3457 boni
1714 3415 1842 3457 esse
1882 3397 2118 3470 volent,
2159 3412 2298 3457 cum
2335 3395 2355 3457 i
2429 3395 2443 3409 ‘
2512 3396 2670 3458 bene
2706 3416 2912 3475 agere,
2952 3398 3009 3457 &
3049 3394 3378 3457 Ecclesiam

454 3491 623 3551 quam
670 3474 785 3537 sibi
813 3475 1047 3536 ostendi
1086 3478 1295 3536 volunt
1335 3495 1410 3536 ex
1450 3477 1690 3537 veritate
1732 3478 1789 3537 ὅτ
1828 3474 1888 3537 in
1930 3474 2302 3554 simplicitate
2384 3487 2765 3538 emonstrare.
2803 3478 2896 3536 Ex
2930 3475 3206 3537 veritate:
3239 3496 3378 3537 nam

456 3555 694 3615 verbum
757 3555 875 3615 Dei
939 3571 1257 3633 sequemur
1318 3556 1564 3634 ducem,
1625 3559 1680 3618 δι
1731 3558 1832 3633 (ne
1879 3557 2165 3616 abeamus
2212 3556 2472 3636 longius)
2520 3576 2595 3617 ex
2640 3557 2730 3618 his
2770 3555 2911 3635 ipsis
2949 3558 3282 3635 Prophetae
3323 3558 3380 3617 &

456 3632 669 3711 priscae
725 3634 1031 3696 Ecclesiae
1089 3633 1286 3696 verbis
1341 3653 1749 3715 exponemus:
1806 3654 1943 3695 nam
1987 3635 2235 3696 verbum
2275 3636 2394 3698 Dei
2433 3647 2522 3698 est
2559 3636 2803 3717 veritas,
2843 3639 2899 3697 δι
2940 3637 3188 3697 verbum
3226 3634 3383 3697 vitae

460 3724 742 3775 aeternae.
801 3718 870 3775 In
933 3713 1308 3807 simplicitate
1371 3727 1569 3777 autem
1586 3763 1604 3786 ,
1659 3715 1800 3795 quia
1854 3713 2128 3793 sepositis
2167 3716 2447 3778 omnibus
2485 3714 2726 3795 argutiis
2765 3719 2821 3777 δι
2862 3716 3056 3778 verbis
3095 3717 3387 3778 humanae

461 3792 799 3871 sapientiae,
857 3793 1211 3855 enuntiaturi
1265 3813 1469 3857 sumus
1517 3798 1598 3857 de
1638 3798 1757 3856 hoc
1800 3805 2156 3874 argumento
2198 3812 2589 3873 quaecunque
2631 3815 2741 3856 nos
2780 3795 2879 3857 hic
2920 3799 3102 3857 «locet
3141 3795 3388 3871 veritas,

1869 3892 1944 3952 54
3080 3888 3140 3936 vt
3180 3897 3390 3937 omncs
