3923 4875
629 113 851 190 verbo,
890 111 1255 175 conscientia
1293 112 1597 174 fodicante
1634 113 1932 176 nouimus.
1991 115 2122 175 Iam
2157 115 2294 194 plus
2331 114 2474 176 satis
2511 113 2838 194 eripiimtur
2875 117 2956 178 ab
2996 113 3270 178 Ecclesia
3305 114 3424 176 Dei
3463 115 3566 178 illa

628 193 895 272 trophea
908 239 927 272 ,
965 212 1120 272 quae
1162 192 1575 255 adolescentes
1615 192 1859 273 ingenui
1898 194 2186 258 matribus
2225 194 2436 256 natura
2473 195 2630 256 duce
2669 196 2864 258 solent
2902 195 3252 274 refundere,
3269 215 3344 256 ac
3363 195 3565 290 potius

628 275 719 350 (vt
754 291 877 335 vno
918 275 1107 335 verbo
1148 272 1370 351 dicam)
1412 273 1785 366 deripiuntur
1827 274 1905 336 de
1946 274 2220 336 Ecclesia
2257 277 2528 337 membra
2551 275 2812 337 viuentia
2830 275 3107 356 Domini,
3127 294 3284 368 quae
3303 275 3566 353 pretioso

630 352 915 431 sanguine
964 371 1073 416 suo
1127 353 1529 446 comparauit,
1586 353 1888 448 impietate
1902 399 1919 432 ,
1969 354 2282 433 iniustitia,
2321 357 2378 416 δι
2417 355 2878 434 inhumanitate,
2917 355 3080 418 addo
3121 355 3300 418 etiam
3337 356 3562 426 imum-

630 433 831 494 dentia
888 433 1295 528 indignissima
1346 453 1555 496 eorum
1602 435 1705 512 qui
1757 436 1918 496 velut
1970 437 2284 496 columnae
2339 435 2796 500 christianiatis
2833 437 2954 498 dici
2991 439 3048 499 δι
3088 436 3294 498 haberi
3329 439 3560 499 volunt.

630 514 759 574 Iam
800 515 934 592 plus
973 515 1112 576 satis
1153 511 1216 606 in
1258 516 1463 578 fratres
1502 525 1741 576 nostros
1778 513 1966 594 iniqui
2003 514 2252 588 fuimus,
2291 517 2350 576 &
2388 527 2727 608 grassantur
2764 517 2826 578 in
2867 516 3140 578 Ecclesia
3156 517 3274 578 Dei
3291 528 3561 594 pastores

632 592 737 672 qui
786 606 1037 673 pascunt
1074 613 1139 656 se
1177 594 1371 674 ipsos,
1408 594 1649 674 adipem
1692 595 2106 674 comedentes,
2147 597 2346 656 lanam
2387 597 2732 674 induentes,
2773 597 2943 674 quod
2979 597 3249 676 opimum
3289 607 3383 658 est
3403 617 3558 659 mao-

630 681 821 735 tantes
836 720 853 754 ,
894 693 1139 754 gregem
1177 694 1305 736 non
1342 686 1683 756 pascentes,
1722 694 1905 738 ouem
1944 675 2166 737 Christi
2197 678 2414 737 morbo
2445 677 2720 737 affectam
2741 695 2864 738 non
2883 678 3330 754 confirmantes,
3352 695 3560 756 aegro-

630 765 753 815 tam
792 773 917 817 non
954 765 1263 835 curantes,
1302 757 1671 847 confractam
1712 775 1837 817 non
1878 755 2244 847 obligantes,
2283 757 2595 834 depulsam
2633 775 2758 817 non
2797 759 3183 848 reducentes„
3213 768 3564 850 pereuntem

629 852 753 895 non
785 833 1177 914 requirentes,
1221 800 1325 896 s'ed
1366 835 1425 896 vi
1465 835 1841 898 dominantes
1880 835 1939 896 in
1982 854 2226 915 gregem
2263 835 2486 898 Christi
2527 839 2584 898 δι
2623 856 2732 914 per
2769 836 3108 912 saeuitiam,
3145 837 3302 898 adeo
3345 849 3412 900 vt
3447 836 3561 900 dis·

628 933 837 994 persae
876 915 993 978 sint
1031 933 1177 977 oues
1214 914 1434 978 Christi
1474 917 1785 977 destitutae
1824 927 2091 1009 pastore,
2132 917 2190 976 δι
2227 915 2344 977 ειιιι
2365 916 2506 978 cibo
2527 916 2807 978 omnibus
2825 917 3028 978 bestiis
3045 916 3204 995 agri,
3223 917 3561 998 dispersae,

628 995 685 1055 δι
726 994 949 1074 fraudi,
998 994 1352 1076 violentiae,
1392 1005 1573 1088 atque
1612 996 1911 1072 tyrannidi
1950 994 2586 1089 impotentissimorum
2624 996 2937 1059 hominum
2975 996 3299 1075 expositae.

628 1090 727 1168 353
772 1095 829 1139 2.
868 1077 982 1138 διο.
1021 1078 1149 1137 Iam
1189 1077 1322 1168 plus
1372 1077 1511 1138 satis
1562 1076 1785 1138 ruimus
1823 1075 2172 1170 praecipites
2209 1076 2270 1138 in
2312 1076 2636 1155 perniciem
2673 1088 2971 1140 nostram·
3007 1081 3064 1139 δι
3105 1077 3379 1156 quamuis
3419 1095 3563 1140 cum

628 1153 839 1217 animis
877 1156 1095 1218 nostris
1134 1155 1395 1218 veritatis
1434 1155 1670 1218 diuinae
1708 1159 1766 1218 δι
1804 1156 2030 1249 gratiae
2067 1157 2134 1218 in
2169 1156 2440 1218 Ecclesia
2479 1157 2701 1233 conscij
2715 1202 2736 1235 ,
2779 1168 2982 1218 tamen
3019 1157 3264 1218 delicias
3307 1158 3562 1252 facimus

626 1233 690 1296 ιιι
748 1235 1155 1318 ignoratione,
1210 1236 1577 1316 infirmitate,
1630 1239 1689 1298 &
1740 1236 2113 1329 aberratione
2163 1247 2387 1298 nostra.
2446 1237 2773 1300 Videamus
2809 1237 2986 1316 igitur
3023 1237 3339 1315 deinceps,
3379 1239 3434 1300 si
3471 1238 3562 1300 vis

628 1313 901 1378 facienda
960 1329 1051 1378 est
1064 1361 1083 1394 ,
1142 1320 1257 1394 (εει
1311 1320 1554 1408 autem).
1588 1327 1653 1378 vt
1700 1315 1877 1378 nobis
1916 1315 2060 1396 ipsis
2097 1316 2222 1377 vim
2259 1319 2465 1378 sancte
2503 1316 2818 1396 faciamm,
2863 1337 3160 1379 memores
3196 1319 3352 1380 illius
3389 1319 3560 1410 quod

628 1395 772 1457 olim
812 1397 1051 1458 dicebat
1088 1395 1389 1490 Christus,
1428 1395 1558 1489 rapi
1594 1399 1634 1457 ὲ
1670 1395 1943 1458 violentis
1984 1414 2233 1488 regnum
2273 1396 2422 1457 Dei.
2463 1399 2675 1458 Matth.
2723 1417 2816 1460 11.
2863 1417 2956 1458 12.
2987 1398 3091 1475 qui
3111 1398 3174 1458 ιιι
3191 1417 3371 1458 carne
3391 1396 3564 1459 caeci

626 1493 861 1570 summ,
921 1475 1227 1538 videamus
1286 1475 1348 1537 in
1371 1443 1651 1570 Spiritu,
1704 1475 1809 1554 qui
1844 1475 2092 1555 infirmi,
2129 1477 2579 1556 confirmemur,
2619 1476 2726 1556 qui
2765 1477 3160 1556 dormientes,
3197 1479 3562 1559 excitemur,

624 1555 730 1635 qui
778 1575 987 1636 segnes
1004 1601 1023 1636 ,
1075 1557 1435 1618 ειιιιιιιειιιιιι·
1418 1601 1436 1635 ,
1490 1555 1595 1634 qui
1641 1555 1921 1648 frigentes
1973 1567 2075 1617 aut
2113 1555 2290 1617 etiam
2331 1556 2568 1649 tepidi,
2562 1521 3032 1618 inardescamus
3071 1558 3148 1618 ad
3185 1557 3286 1619 illa
3325 1521 3562 1636 pietatis

624 1636 689 1698 in
736 1637 965 1716 Deum,
1018 1635 1283 1698 veritatis
1320 1634 1380 1697 ιιι
1422 1636 1755 1698 Ecclesiam
1768 1681 1787 1714 ,
1828 1635 2078 1698 iustitiae
2117 1639 2175 1698 δι
2214 1636 2515 1698 charitatis
2552 1636 2614 1697 in
2655 1639 2896 1717 fratres,
2935 1641 2992 1699 δι
3029 1639 3458 1700 sanctimoniae
3496 1638 3562 1699 ιιι

624 1715 801 1778 nobis
840 1717 1066 1810 officia,
1106 1734 1263 1795 quae
1302 1718 1467 1778 Deus
1508 1715 1775 1796 imperat.
1818 1719 2017 1778 Deum
2057 1716 2372 1795 nouimus,
2411 1716 2746 1778 Ecclesiam
2787 1719 3089 1778 nouimus:
3132 1721 3188 1780 δι
3227 1729 3339 1778 ιιοε
3361 1717 3558 1798 igitur,

626 1797 683 1856 δι
722 1799 931 1858 fratres
970 1796 1033 1858 in
1048 1762 1344 1858 Ecclesia
1382 1815 1732 1876 noscamus,
1773 1797 2189 1875 obseruemus,
2229 1801 2284 1858 δι
2325 1801 2596 1858 colamus
2637 1797 3096 1874 studiosissime,
3118 1799 3300 1875 pedes
3322 1811 3560 1860 nostros

626 1879 683 1938 δι
722 1875 987 1967 ipsorum
1026 1877 1245 1970 pariter
1282 1879 1707 1938 confirmemus
1740 1878 1935 1954 facte,
1975 1842 2282 1954 sermone,
2324 1878 2381 1936 δι
2419 1878 2730 1970 exemplo3
2768 1879 3159 1938 consistamus
3199 1879 3260 1937 in
3289 1877 3560 1940 Ecclesia

624 1954 767 2032 Dei,
806 1974 1001 2035 neque
1041 1957 1301 2017 sinamus
1342 1975 1455 2018 nos
1494 1959 1573 2016 ab
1622 1976 1695 2018 ea
1734 1974 2090 2034 quacunque
2127 1957 2328 2034 specie
2367 1956 2691 2037 dimoueri3
2733 1957 2794 2018 ιιι
2833 1957 3023 2036 portis
3057 1959 3358 2019 Ecclesiae
3379 1957 3556 2018 disci·

622 2036 847 2128 plinam
903 2036 1121 2098 Christi
1161 2040 1218 2098 δι
1255 2037 1563 2097 Ecclesiae
1579 2081 1596 2112 ,
1656 2040 1837 2115 quam
1878 2037 2135 2096 maxima
2173 2037 2292 2096 fide
2331 2055 2648 2135 possumus
2662 2080 2682 2115 ,
2725 2038 3067 2098 studeamus
3107 2039 3336 2098 discere
3375 2051 3560 2116 atque

623 2115 911 2194 retinere3
950 2118 1009 2178 δι
1047 2117 1109 2178 ιιι
1148 2115 1493 2178 ιεειιιιιοιιιο
1526 2116 1641 2176 Dei
1680 2116 2106 2194 Ecclesiaeque
2143 2115 2324 2194 ipsius
2363 2117 2720 2196 piorumque
2759 2119 3024 2178 omnium
3047 2117 3220 2178 Deo
3205 2137 3264 2178 ιιι
3287 2117 3560 2180 Ecclesia

622 2196 1079 2274 obsequentium
1131 2195 1658 2274 conquiescamuS,
1698 2207 1763 2256 vt
1802 2197 2060 2257 fructum
2097 2196 2264 2257 illum
2303 2197 2685 2288 tranquillum
2725 2196 2978 2259 iustitiae
3019 2199 3077 2258 δι
3121 2198 3348 2289 gloriae
3387 2217 3560 2276 supe-

618 2276 759 2416 rgtis
798 2276 1069 2338 hostibus
1110 2277 1311 2338 salutis
1350 2289 1595 2338 nostrae
1634 2275 1750 2337 Dei
1786 2275 2004 2338 virtute
2043 2287 2412 2356 reportemus
2449 2275 2515 2338 ιιι
2553 2277 2796 2339 Christo
2837 2280 2994 2340 Iesu.
3045 2279 3097 2337 F
3097 2279 3220 2338 axit
3261 2277 3558 2340 Dominus

680 2373 786 2418 eus
822 2356 1027 2418 salutis
1067 2367 1327 2419 nostrae.

776 2554 835 2613 3.
912 2536 1336 2609 Hierosolyma
1372 2542 1734 2614 constructa,
1778 2542 1845 2597 vt
1878 2534 2090 2594 ciuitas
2125 2552 2277 2612 quae
2313 2542 2719 2609 coagmentata
2759 2542 2850 2597 est
2881 2536 2944 2596 in
2986 2544 3109 2597 sese
3131 2538 3394 2617 pariter.

702 2691 935 2751 Annuc
994 2687 1229 2767 sequuti
1284 2688 1533 2767 vestigia
1589 2688 1925 2766 Prophetae
1977 2687 2034 2747 δι
2087 2686 2330 2781 priscae
2365 2685 2522 2749 illius
2562 2688 2900 2767 Ecclesiae,
2941 2688 3018 2750 de
3057 2687 3296 2767 piorum
3335 2689 3558 2751 laetit‘n

621 2767 879 2831 diximus
916 2788 993 2830 ex
1032 2768 1227 2830 causis
1264 2768 1657 2860 singularibus
1698 2786 1917 2845 nempe
1956 2768 2125 2844 qued
2165 2766 2242 2845 pij
2283 2765 2496 2845 singuli
2531 2767 2670 2828 cum
2691 2767 2841 2829 sibi
2825 2734 2970 2845 1psis
2989 2780 3117 2830 tum
3137 2769 3259 2829 suis
3279 2768 3558 2831 fratribus

618 2868 893 2911 sermone
934 2852 1298 2928 acclamant,
1340 2851 1395 2910 δι
1436 2847 1716 2927 operibus
1758 2848 1877 2939 suis
1912 2848 2258 2929 adiumento
2299 2858 2469 2927 sunt,
2509 2858 2576 2908 vt
2615 2849 2946 2909 Ecclesiam
2987 2848 3206 2909 Christi
3245 2848 3480 2927 ineant,
3499 2852 3558 2913 ἃ

618 2928 683 2991 ιιι
736 2948 808 2989 ea
858 2932 1095 3008 perse(f.
1142 2933 1489 3021 792)uerent
1528 2927 1971 3019 quammaxima
2007 2927 2129 2988 fide
2167 2947 2241 2988 ac
2281 2891 2570 3005 religione
2607 2940 2886 3005 possunt.
2949 2930 3146 2990 Huius
3187 2928 3271 2990 rei
3311 2894 3560 3006 aspectu

620 3012 679 3072 δι
735 3010 1101 3069 conscientia
1156 3008 1489 3087 ingenerari
1550 3008 1847 3069 mentibus
1896 3007 2163 3085 ipsorum
2215 3010 2272 3069 δι
2324 3007 2692 3068 inualescere
2733 3007 3035 3100 spirituale
3073 3009 3391 3087 gaudium
3432 3026 3556 3086 quo

618 3089 835 3167 singuli
892 3090 955 3149 ιιι
1015 3088 1133 3150 fide
1182 3090 1239 3149 δι
1300 3088 1590 3166 obsequio
1648 3088 1764 3148 Dei
1816 3088 2003 3167 magis
2041 3106 2114 3148 ac
2154 3087 2342 3167 magis
2380 3090 2824 3149 confirmentur.
2887 3087 3191 3167 Deinceps
3231 3090 3557 3150 videndum

618 3169 797 3230 nobis
834 3180 925 3230 est
963 3167 1041 3228 de
1080 3169 1273 3229 causis
1313 3166 1731 3231 communibus
1771 3168 2040 3229 eiusdem
2079 3169 2278 3245 gaudij
2296 3213 2314 3245 ,
2355 3178 2534 3245 prout
2573 3168 2764 3227 tribus
2806 3168 3071 3229 versibus
3110 3169 3286 3230 huius
3323 3165 3563 3230 Cantici

620 3250 897 3326 (quorum
960 3245 1058 3309 hic
1097 3248 1322 3325 primus
1360 3252 1473 3325 est)
1515 3266 1617 3308 eas
1655 3247 1910 3307 diximus
1950 3246 2260 3307 contineri.
2321 3249 2532 3325 Neque
2571 3247 2729 3307 enim
2771 3248 3108 3309 Christiano
3149 3249 3380 3310 homini
3417 3247 3559 3311 satis

618 3348 748 3391 esse
789 3330 1003 3421 debet,
1042 3330 1207 3405 qued
1247 3350 1310 3391 se
1348 3333 1405 3391 δι
1444 3327 1671 3405 aliquot
1710 3326 1889 3405 alios,
1932 3326 2036 3405 qui
2075 3326 2346 3405 proxime
2385 3328 2669 3405 aderunt,
2701 3327 2982 3389 facientes
3003 3330 3268 3389 officium
3287 3328 3553 3390 animad-

616 3409 892 3487 uerterit,
946 3407 1059 3469 nisi
1098 3408 1277 3471 etiam
1316 3408 1757 3470 vniuersitatem
1798 3406 2105 3468 Ecclesiae
2145 3406 2348 3467 animo
2388 3409 2856 3499 contempletur,
2895 3410 2952 3469 δι
2993 3410 3300 3470 communi
3333 3409 3556 3486 gaudio

616 3489 696 3550 de
736 3455 901 3551 bond
942 3490 1249 3550 communi
1287 3489 1441 3550 illius
1482 3498 1791 3549 saturetur.
1834 3486 2369 3563 Quemadmodum
2411 3487 2569 3549 enim
2599 3489 2826 3549 nullum
2849 3489 3223 3550 membrum
3207 3508 3269 3550 ιιι
3291 3507 3550 3567 corpore

616 3570 882 3631 humano
922 3568 1003 3629 ita
1042 3579 1132 3630 εει
1169 3570 1523 3647 αὐτόνομον,
1564 3578 1628 3629 vt
1666 3588 1730 3629 se
1770 3570 1968 3629 solum
2009 3578 2176 3628 curet
2215 3578 2318 3627 aut
2360 3586 2428 3627 ea
2467 3567 2594 3645 ipsa
2635 3567 2850 3645 quibus
2869 3569 3142 3645 proxime
3163 3570 3554 3632 coniunctum

616 3660 736 3728 est,
778 3650 885 3712 sed
924 3660 1167 3710 naturae
1208 3648 1489 3709 instinctu
1528 3650 1797 3726 quodam
1836 3646 2105 3725 corporis
2145 3646 2540 3739 integritatem
2583 3666 2752 3707 suam
2793 3646 3190 3741 integritatem
3234 3659 3434 3729 putat3
3473 3649 3556 3711 ita

617 3730 796 3792 etiam
856 3730 989 3808 pios
1048 3728 1109 3789 in
1170 3748 1353 3789 vnum
1408 3747 1626 3807 corpus
1681 3730 2088 3788 coalescentes
2139 3726 2388 3806 Spiritus
2431 3728 2684 3804 vnitate,
2725 3726 2894 3788 cuius
2935 3731 3206 3807 corporis
3243 3740 3426 3822 caput
3463 3738 3556 3791 est

618 3810 915 3889 Christus,
977 3808 1223 3869 omnine
1285 3810 1459 3869 decet
1518 3826 1659 3868 cum
1712 3807 1994 3869 membris
2045 3826 2168 3868 non
2223 3808 2406 3867 mode
2451 3807 2735 3885 proximis
2777 3810 2833 3868 δι
2873 3808 3400 3881 coniunctissimis.
3441 3809 3552 3871 sed

618 3908 758 3951 cum
800 3888 1075 3952 omnibus
1117 3888 1295 3949 etiam
1338 3906 1491 3966 quae
1532 3888 1789 3979 Spiritus
1818 3888 2038 3949 adunat
2069 3905 2250 3965 quam
2272 3885 2760 3964 longinquissime
2783 3887 3270 3981 communicatio.
3315 3889 3554 3950 Etenim

615 3969 785 4049 quod
822 3969 1038 4048 priuati
1078 3966 1367 4047 hominis,
1409 3978 1474 4029 vt
1512 3966 1823 4047 singularis
1867 3968 2155 4048 membri,
2189 3966 2471 4047 gaudium
2511 3987 2642 4029 esse
2675 3978 2900 4048 potest,
2919 3968 2971 4029 si
2990 3987 3312 4031 commune
3326 3986 3554 4061 corpus

3323 4047 3386 4109 in
3427 4065 3554 4126 quo
