3923 4875
382 0 606 45 tionem
640 0 1008 64 sanctorum,
1038 0 1117 45 au
1156 2 1309 63 opus
1344 0 1674 62 mmistenJ,
1721 0 1777 44 ὅτ
1817 0 1895 44 au
1936 0 2405 46 aemncationem
2445 3 2712 62 corporis
2752 0 2986 45 unnsti.

464 67 572 124 Est
611 65 785 143 igitur
825 82 1039 125 munus
1077 82 1397 125 commune
1438 64 1732 144 omnium,
1774 75 1838 125 vt
1877 65 2361 125 communionem
2397 76 2734 125 sanctorum
2762 66 2990 136 colant,
3013 66 3299 143 &pacem

386 155 661 223 expetant
714 145 904 205 illius:
959 156 1223 206 nostrum
1275 151 1417 206 vero
1472 144 1765 224 singulare
1805 154 1921 224 est,
1956 156 2023 204 vt
2065 146 2318 205 eandem
2359 144 2840 206 communionem
2881 146 3147 205 colamus
3186 145 3299 205 sin-

385 226 571 303 gulari
623 226 839 306 modo,
893 226 995 302 qui
1044 226 1319 304 singulari
1374 225 1703 286 vocationis
1752 227 1884 304 lege
1923 228 1959 283 a
1998 227 2134 285 Deo
2175 225 2514 304 praefinitus
2556 235 2661 287 est.
2701 227 2802 284 Ad
2839 225 2995 284 hanc
3035 243 3300 285 commu-

385 306 627 366 nionem
686 310 823 366 ante
885 305 1278 378 ostendimus,
1336 306 1589 384 primum
1650 309 1903 367 formam
1964 305 2285 385 internam,
2343 323 2461 383 qua
2525 323 2663 365 cum
2702 305 2839 364 Deo
2879 305 3302 386 coalescimus,

386 386 714 463 pertinere:
771 385 986 446 deinde
1045 397 1345 446 externam
1362 433 1379 465 ,
1421 406 1540 464 qua
1578 386 1908 464 colligimur
1946 386 2023 444 ad
2064 388 2312 446 verbum
2355 385 2537 463 ipsius
2575 384 3057 465 percipiendum,
3097 405 3303 463 preces

385 467 776 546 exhibendas,
817 466 1233 544 praestandum
1275 467 1625 544 obsequium
1642 513 1659 546 ,
1700 467 1756 526 &
1796 465 2068 527 ordinem
2111 467 2601 542 honestatemque
2638 466 2699 526 in
2719 465 2811 524 his
2830 465 3107 527 omnibus
3128 466 3302 526 rebus

386 547 838 624 procurandam.
899 549 1184 607 Nostrum
1246 560 1363 625 est,
1423 558 1487 607 vt
1545 547 1605 607 in
1668 546 1756 606 his
1816 546 1955 624 ipsis
1995 548 2172 605 rebus
2212 565 2442 606 summa
2480 545 2763 624 religione
2807 565 2879 605 ac
2919 545 3117 606 studio
3175 545 3303 605 aliis

387 628 663 687 omnibus
706 644 1055 706 praecamus
1099 647 1405 708 sermone,
1445 632 1500 687 &
1541 627 1728 687 factis,
1772 626 1936 702 Quid
1977 625 2074 687 hic
2114 626 2508 688 excusationis
2547 628 2642 686 vel
2683 626 2744 686 in
2783 625 3044 703 speciem
3074 626 3304 687 adferre

386 718 659 783 possunt,
701 708 802 784 qui
841 718 943 767 aut
981 727 1257 768 sermone
1298 719 1398 768 aut
1435 708 1602 767 factis
1642 726 1767 767 non
1808 709 1891 767 ita
1930 718 2254 784 procurant
2293 706 2767 767 aedificationem
2801 704 2956 766 illius
2997 707 3300 785 corporis,

386 789 551 864 quod
605 791 769 848 Deus
822 806 933 848 suo
988 789 1274 865 sanguine
1328 785 1737 866 comparauit?
1777 787 2076 864 Equidem
2116 788 2506 864 perhorresco
2547 796 2734 866 totus,
2771 805 2885 847 nec
2925 785 3052 847 sine
3093 786 3302 847 dolore

386 867 770 928 acerbissimo
830 871 1094 929 recolere
1147 886 1386 945 possum
1434 885 1572 928 cum
1623 867 1825 928 animo
1876 886 2044 945 meo,
2084 878 2368 945 quantam
2409 867 2709 927 Ecclesiae
2748 869 2977 946 labem,
3018 876 3301 945 quantam

387 946 499 1008 sibi
546 948 688 1025 ipsis
750 948 979 1009 ruinam
1041 949 1488 1028 accersiuerint,
1539 948 1641 1026 qui
1680 947 1806 1008 siue
1845 949 2199 1027 prudente-S,
2241 948 2365 1008 siue
2396 946 2801 1026 imprudentes
2840 949 2919 1008 ab
2959 948 3078 1007 hoc
3098 947 3301 1008 officio

386 1045 495 1088 suo
556 1028 949 1089 desciuerunt.
1013 1028 1182 1089 Faxit
1241 1029 1569 1107 DominuS,
1631 1047 1708 1087 ne
1770 1027 1901 1104 quis
1960 1030 2144 1105 porro
2205 1027 2520 1100 desciscat,
2564 1029 2619 1086 &
2660 1047 2725 1088 se
2764 1026 3303 1088 machinationibus

388 1109 637 1168 Satanae
677 1111 756 1170 ab
798 1111 916 1169 hoc
959 1108 1330 1170 sanctissimo
1372 1109 1640 1169 instituto
1681 1108 2013 1169 vocationis
2055 1125 2194 1168 suae
2233 1107 2425 1184 abripi
2465 1108 2739 1185 patiatur.
2774 1108 3142 1168 Grauissima
3162 1110 3304 1167 sane

388 1191 628 1249 vulnera
678 1209 800 1250 non
852 1190 1022 1249 nobis
1071 1191 1264 1249 solum
1303 1190 1649 1268 infligimus,
1681 1189 1787 1248 sed
1827 1188 1940 1266 ipsi
1981 1189 2286 1248 Ecclesiae
2327 1186 2571 1264 Christi,
2634 1206 2814 1266 quam
2845 1206 3024 1249 curae
3065 1197 3303 1249 nostrae

386 1269 686 1330 Dominus
720 1268 1193 1349 commendauit3
1236 1272 1374 1330 cum
1414 1269 1588 1331 dictis
1619 1279 1721 1329 aut
1760 1267 1932 1329 factis
1972 1270 2051 1328 ab
2091 1269 2192 1329 illo
2231 1271 2350 1328 fine
2391 1285 2569 1345 quem
2608 1270 2774 1329 Deus
2812 1268 3092 1361 imperat,
3137 1270 3302 1329 aber-

390 1368 587 1409 ramus
605 1395 622 1427 ,
677 1350 1097 1411 obliuiscentes
1150 1349 1305 1410 illius
1354 1350 1519 1428 pacis
1574 1367 1753 1427 quam
1808 1349 1869 1409 in
1925 1348 2194 1409 Ecclesia
2245 1348 2363 1408 Dei
2401 1367 2513 1408 nos
2554 1348 3027 1409 constantissime
3066 1359 3305 1427 oportet

388 1440 682 1506 expetere.
722 1432 878 1490 Nam
920 1448 1028 1490 cur
1067 1449 1191 1490 non
1234 1433 1493 1508 expen(f.
1538 1431 1918 1507 730)damus,
1960 1428 2447 1507 quandoquidem
2486 1428 2815 1489 administri
2855 1445 3056 1490 sumus
3085 1427 3305 1489 Christi

388 1509 444 1568 &
484 1510 919 1588 dispensatores
961 1510 1377 1586 mysteriorum
1418 1509 1565 1588 Dei,
1609 1528 1716 1570 cur
1758 1509 2050 1586 (inquam)
2088 1528 2211 1570 non
2241 1510 2645 1588 expendamus
2684 1508 3124 1587 diligentissime
3147 1509 3304 1568 dicta

388 1589 663 1667 factaque
695 1601 929 1667 nostra,
972 1607 1125 1668 quae
1166 1593 1244 1650 ab
1284 1590 1410 1651 aliis
1448 1589 1892 1669 diligentissime
1930 1590 2210 1650 nouimus
2251 1587 2591 1650 obseruari?
2630 1591 2771 1650 Non
2809 1592 3021 1650 laboro
3041 1634 3060 1669 ,
3104 1598 3300 1649 vtrum

389 1689 459 1729 ea
509 1671 596 1730 sic
648 1673 968 1732 obseruent
1018 1671 1114 1747 alij
1157 1671 1315 1750 iure,
1355 1690 1431 1731 an
1470 1670 1718 1731 iniuria:
1768 1689 1840 1730 ex
1880 1670 2113 1749 officio,
2152 1689 2232 1729 an
2270 1679 2503 1749 praeter
2541 1669 2822 1731 officium.
2879 1668 2988 1731 etsi
3027 1670 3163 1729 cum
3203 1671 3305 1729 lux

389 1748 515 1809 aliis
557 1751 829 1811 iubemur
869 1771 1024 1831 esse,
1066 1761 1130 1811 vt
1168 1752 1439 1831 videant3
1482 1755 1537 1812 δε
1578 1753 1663 1811 sal
1705 1770 1833 1811 esse
1876 1760 1941 1810 vt
1980 1752 2225 1811 veritate
2264 1749 2572 1811 doctrinae
2610 1751 2687 1810 ab
2729 1750 2892 1811 omni
2922 1748 3302 1828 corruptione

388 1830 661 1892 homines
700 1830 1099 1911 vindicentur3
1161 1851 1283 1891 non
1326 1843 1576 1910 possunt
1613 1831 1732 1891 dici
1771 1850 1846 1890 ex
1884 1830 2088 1891 officio
2127 1850 2253 1892 non
2293 1833 2512 1905 facere,
2555 1830 2656 1908 qui
2694 1832 2771 1891 ad
2813 1850 2924 1891 nos
2964 1829 3302 1910 respiciunt.

389 1910 652 1972 Omnino
690 1910 773 1971 ita
811 1931 922 1973 nos
968 1921 1204 1989 oportet
1243 1931 1381 1972 cum
1421 1911 1632 1972 animis
1671 1910 1886 1971 nostris
1927 1921 2218 1971 statuere:
2268 1911 2316 1970 si
2336 1911 2610 1988 religiose
2630 1908 2790 1971 dicta
2809 1913 3083 1988 factaque
3105 1920 3305 1971 nostra

389 1991 501 2069 ipsi
560 1992 887 2070 cogitemus
945 1991 1607 2071 circumspiciamfisque
1628 2037 1646 2069 ,
1706 1990 1769 2050 id
1823 2009 1935 2051 nos
1995 2011 2069 2051 ex
2135 1990 2334 2052 officio
2397 1991 2658 2051 facturos
2717 2010 2881 2054 esse:
2944 1992 3034 2052 sin
3078 1991 3304 2070 minus,

389 2071 695 2132 audaciam
736 2071 1301 2150 praefidenti-amque
1340 2072 1838 2134 inconsideratam
1872 2081 2136 2132 nostram
2177 2074 2306 2133 sore
2348 2081 2556 2133 contra
2597 2071 2860 2132 officium
2898 2082 3192 2132 nostrum.

470 2152 633 2226 Quid
686 2171 862 2231 ergo,
924 2152 1135 2212 dixerit
1190 2153 1512 2232 quispiam,
1575 2152 1636 2212 in
1695 2151 1866 2211 dictis
1920 2153 2208 2230 factisque
2247 2151 2463 2212 nostris
2504 2151 2730 2212 attendi
2771 2156 2810 2213 a
2846 2151 3024 2213 nobis
3063 2169 3308 2212 necesse

392 2229 515 2292 est?
557 2234 873 2310 Exponam
913 2233 1136 2311 paucis.
1176 2233 1255 2292 ad
1293 2237 1521 2312 Deum,
1560 2232 1920 2310 Ecclesiam,
1959 2234 2281 2310 mundum,
2324 2233 2380 2291 &
2419 2233 2499 2292 ad
2538 2251 2651 2292 nos
2686 2232 2848 2311 ipsos
2869 2240 3106 2311 oportet
3126 2241 3310 2292 atten-

391 2311 617 2373 damus,
678 2314 779 2373 Ad
832 2315 1060 2390 Deum,
1126 2323 1189 2372 vt
1248 2332 1481 2392 semper
1532 2315 1611 2372 ab
1650 2313 1781 2390 ipso
1821 2311 2217 2392 pendeamuS,
2260 2315 2315 2372 &
2355 2312 2433 2372 ad
2470 2311 2665 2391 ipsum
2708 2313 2909 2372 omnia
2948 2313 3307 2372 referamus:

391 2392 749 2474 Ecclesiam,
790 2404 853 2454 vt
893 2393 1005 2471 ipsi
1045 2392 1123 2453 ad
1163 2395 1361 2454 Deum
1402 2392 1590 2455 iturae
1631 2410 2016 2472 praecamus:
2058 2392 2136 2453 ad
2175 2392 2493 2466 mundum,
2536 2402 2600 2453 vt
2627 2392 2911 2485 inculpati
2932 2402 3096 2454 extra
3115 2391 3308 2470 ipsum

390 2474 707 2552 fugiamus,
771 2475 826 2532 &
885 2474 1034 2534 alios
1095 2473 1410 2535 nobiscum
1452 2492 1810 2535 euocemus:
1872 2474 1949 2533 ad
2009 2493 2121 2535 nos
2161 2472 2322 2551 ipsos
2363 2472 2655 2552 denique,
2694 2483 2759 2533 vt
2797 2493 2858 2533 in
2898 2473 2989 2533 his
3030 2473 3308 2533 omnibus

390 2552 602 2614 officiis
643 2573 753 2614 nos
795 2571 1159 2631 occupemus
1199 2554 1700 2634 constantissime,
1766 2554 1844 2613 ad
1883 2556 2110 2633 Deum,
2162 2554 2494 2615 secundum
2533 2556 2761 2630 Deum,
2801 2574 2909 2632 per
2946 2552 3309 2631 Ecclesiam,

392 2637 447 2694 &
508 2652 646 2694 cum
706 2634 976 2695 Ecclesia
1034 2636 1493 2715 contendenteS,
1555 2635 1611 2694 &
1669 2634 1951 2694 aduersus
2003 2636 2294 2695 mundum
2331 2632 2512 2697 armis
2551 2633 2804 2694 iustitiae
2843 2634 3194 2695 dimicantes
3236 2634 3315 2693 ad

392 2724 655 2774 nostram
717 2716 996 2792 salutem,
1057 2715 1113 2773 δι
1173 2733 1380 2775 eorum
1440 2714 1542 2793 qui
1604 2732 1714 2775 nos
1754 2714 2019 2774 audiunt.
2083 2714 2205 2774 Hic
2243 2719 2421 2794 vero,
2463 2714 2626 2775 Deus
2665 2715 2853 2794 bone,
2894 2732 3076 2794 quam
3115 2711 3314 2774 multis

393 2794 588 2854 modis
647 2806 929 2872 peccatur
988 2795 1347 2874 ignorantia,
1409 2794 1831 2874 imprudentia,
1891 2797 1946 2854 δι
2010 2794 2347 2856 infirmitate
2405 2794 2645 2855 nostra!
2707 2796 2848 2854 Non
2887 2795 3061 2873 libet,
3118 2811 3316 2869 neque

393 2873 633 2952 expedit
672 2875 875 2936 omnia
917 2886 1257 2955 pertexere,
1298 2877 1512 2953 quibus
1555 2894 1763 2935 omnes
1804 2874 2059 2952 grauiter
2097 2876 2473 2936 offendimus·
2514 2875 2654 2934 Non
2692 2874 2839 2935 libet
2878 2894 2981 2954 ea,
3020 2875 3315 2952 inquibus

393 2955 787 3016 communiter
828 2972 963 3015 cum
1004 2955 1130 3015 aliis
1169 2973 1515 3036 peccamus,
1560 2954 1855 3032 colligere.
1897 2955 1972 3014 Id
2009 2953 2148 3015 satis
2188 2956 2447 3015 futurum
2478 2955 2762 3033 arbitror,
2801 2954 2851 3015 si
2873 2954 2949 3015 de
2970 2953 3039 3014 iis
3059 2951 3316 3032 peccatis

393 3033 600 3095 dixero
622 3081 639 3114 ,
700 3036 761 3095 in
821 3053 975 3113 quae
1018 3046 1228 3096 contra
1266 3037 1621 3115 singularem
1661 3034 2037 3095 vocationem
2078 3045 2343 3096 nostram
2383 3037 2515 3113 plus
2556 3034 2694 3096 satis
2736 3037 2934 3112 (eheu)
2973 3035 3316 3111 incidimuS,

393 3114 772 3177 immemores
812 3116 1033 3194 gratiae
1073 3115 1216 3193 Dei,
1256 3118 1420 3194 pacis
1461 3114 1796 3193 Ecclesiae,
1838 3116 1893 3173 &
1923 3115 2253 3175 vocationis
2293 3125 2568 3177 nostrae:
2613 3114 2719 3175 etsi
2759 3114 2833 3175 sit
2870 3115 3222 3193 plurimum,
3251 3123 3318 3174 vt

394 3195 566 3255 huius
608 3195 789 3273 ipsius
831 3195 1164 3256 vocationis
1205 3209 1443 3257 nostrae
1480 3205 1789 3275 praetextu
1829 3198 1884 3255 δι
1925 3195 2125 3273 specie
2144 3206 2391 3273 peccata
2411 3205 2613 3255 nostra
2633 3204 3034 3273 contegamus
3078 3194 3317 3254 Tacebo

396 3275 471 3335 de
513 3275 755 3336 internis
795 3274 1085 3355 peccatiS,
1148 3293 1301 3353 quae
1342 3276 1502 3337 videt
1540 3276 1735 3355 DeuS,
1777 3276 1833 3335 &
1874 3274 2240 3354 singulorum
2281 3274 2539 3336 sentiunt
2576 3276 2738 3354 apud
2777 3295 2841 3336 se
2881 3273 3316 3337 conscientiae:

396 3356 473 3415 de
512 3355 756 3417 internis
795 3356 1012 3417 dicam.

475 3435 597 3511 Qui
638 3437 926 3497 debemus
965 3456 1037 3498 ex
1075 3436 1421 3516 vocatione,
1464 3434 1889 3496 sanctimoniae
1930 3439 1986 3496 &
2024 3435 2160 3515 paci
2200 3435 2503 3497 Ecclesiae
2538 3435 2710 3497 dictis
2729 3438 2785 3497 &
2805 3434 2972 3497 factis
2992 3437 3320 3514 consulere,

396 3515 746 3593 plerumque
810 3516 983 3577 dictis
1043 3518 1099 3576 &
1155 3516 1325 3576 factis
1365 3515 1690 3578 officimus:
1748 3526 1874 3575 tum
1913 3536 2013 3577 eas
2052 3536 2147 3578 res
2188 3537 2340 3595 quae
2379 3536 2503 3577 non
2543 3527 2677 3577 sunt
2716 3516 3046 3577 vocationis
3084 3527 3322 3577 nostrae

395 3599 781 3677 assumendO,
844 3608 971 3657 tum
1034 3616 1133 3657 eas
1195 3615 1345 3673 quae
1406 3597 1653 3658 omnino
1719 3615 1790 3655 ex
1851 3596 2168 3658 vocatione
2219 3608 2353 3657 sunt
2406 3596 2773 3675 omittendO,
2815 3608 2939 3657 tum
2983 3608 3192 3658 contra
3232 3596 3322 3658 ius

396 3676 728 3737 vocationis
786 3678 900 3737 alia
954 3676 1403 3738 committendo.
1441 3681 1533 3736 Ac
1572 3675 1747 3736 dictis
1788 3674 2031 3752 quidem
2072 3678 2456 3756 offendimus,
2499 3681 2618 3755 qua
2658 3677 2932 3754 priuatim
2975 3677 3173 3755 aliqua
3211 3679 3323 3737 Ec-

396 3756 609 3818 clesiae
650 3761 953 3837 membra,
994 3761 1113 3835 qua
1154 3758 1390 3835 publice
1431 3775 1649 3835 corpus
1690 3756 1903 3834 ipsius,
1946 3770 2123 3835 prout
2163 3778 2291 3819 sese
2320 3777 2414 3817 res
2434 3757 2610 3817 nobis
2634 3758 2928 3818 obtulerit.
2969 3760 3065 3817 De
3084 3757 3325 3849 priuatis

1831 3843 1904 3916 58
2901 3837 3326 3899 offensionibus
