3923 4875
623 1196 694 1271 T
697 1196 1022 1272 HESES
1075 1194 1408 1271 XXXIX
1455 1193 1676 1269 HOC
1724 1192 2304 1268 TRACTATU
2353 1189 3107 1269 ILLUSTRATAE.

507 1804 614 1863 Th
636 1822 666 1862 e
686 1824 721 1863 o
743 1806 774 1863 l
786 1825 822 1863 0
834 1822 886 1879 g
905 1807 934 1863 i
950 1825 991 1863 a
1044 1811 1153 1864 aut
1207 1824 1520 1865 sermonem
1565 1805 1691 1863 Dei
1723 1805 1904 1884 ipsius
1916 1848 1936 1877 ,
1987 1809 2097 1863 aut
2144 1804 2214 1863 de
2258 1804 2565 1865 th'uinitate
2607 1823 2920 1867 sermonem
2966 1810 3323 1867 rationimue

407 1895 741 1973 significat,
786 1901 853 1955 vt
893 1896 1217 1970 Augustini
1263 1904 1499 1957 vtamur
1542 1896 1762 1969 verbis,
1808 1896 1905 1956 lib.
1957 1897 2021 1957 8.
2068 1894 2137 1954 de
2199 1896 2376 1960 Ciuit.
2421 1897 2575 1974 Dei,
2620 1904 2746 1974 cap.
2793 1912 2835 1959 1.
2882 1898 3001 1957 No
3016 1919 3047 1958 s
3088 1899 3161 1957 de
3182 1906 3322 1975 pos-

405 1988 620 2045 teriore
661 1988 997 2065 significatu
1040 1987 1262 2047 dicturi
1301 2007 1517 2048 sumus.
1597 1987 1741 2066 Cap.
1787 2002 1830 2047 1.

503 2096 535 2135 2
605 2076 756 2135 Esse
812 2084 1002 2137 autem
1069 2078 1436 2154 Theologiam
1494 2099 1534 2137 r
1549 2096 1580 2136 e
1593 2097 1624 2137 s
1667 2080 1860 2157 ipsae,
1916 2077 1995 2135 ἐν’
2040 2093 2343 2136 consensus
2386 2079 2637 2137 omnium
2680 2078 3035 2156 populorum
3077 2079 3279 2138 docent
3295 2098 3319 2137 .·

406 2166 470 2223 R
483 2184 514 2223 e
527 2186 558 2225 s
568 2184 598 2240 ,·
655 2186 790 2227 nam
844 2169 922 2227 ἐν’
964 2167 1134 2228 Deus
1175 2175 1293 2246 est,
1342 2171 1419 2230 ἐπ’
1463 2169 1608 2227 idem
1637 2169 1999 2246 principium
2042 2174 2129 2226 est
2168 2169 2355 2227 omnis
2396 2168 2533 2228 boni
2572 2171 2635 2227 in
2678 2187 2882 2227 rerum
2933 2178 3156 2229 natura
3171 2214 3191 2242 ,
3240 2172 3317 2229 ὃν·

404 2258 665 2333 loquitur
684 2302 703 2335 ,
749 2258 827 2318 ὁ·
873 2260 1006 2333 agit
1044 2259 1234 2323 Deus.
1306 2262 1660 2332 Consensus;
1703 2278 1838 2318 nam
1883 2276 2074 2317 omnes
2118 2261 2206 2317 ita
2248 2277 2369 2318 esse
2412 2266 2738 2334 agnoscunt
2777 2267 3030 2321 naturae
3070 2262 3214 2320 luce.

501 2365 536 2423 3
607 2346 750 2407 Etsi
802 2357 992 2409 autem
1051 2351 1125 2410 ab
1167 2352 1423 2411 omnibus
1463 2350 1725 2409 creditur
1769 2366 1890 2408 csse
1941 2349 2309 2423 Theologiam
2328 2393 2347 2421 ,
2394 2350 2457 2409 in
2500 2352 2676 2423 vulgo
2723 2356 2911 2410 tamen
2955 2346 3323 2434 ὅμωνῦμως

407 2437 659 2498 dicitur.-
703 2445 790 2499 est
829 2443 976 2500 enim
1019 2442 1160 2502 haec
1203 2461 1350 2503 vera
1368 2488 1386 2521 ,
1429 2443 1538 2502 illa
1573 2441 1752 2518 falsa
1798 2441 1878 2500 ὁ·
1921 2441 2253 2517 opinabilis.

505 2548 544 2602 4
612 2529 803 2590 Falsa
859 2532 1171 2609 Dteologia
1221 2541 1311 2593 est
1349 2534 1564 2611 duplex
1576 2549 1604 2606 ;
1646 2551 1764 2592 vna
1799 2532 2103 2605 vulgaris,
2141 2533 2337 2591 altera
2368 2531 2765 2610 philosophica
2778 2550 2801 2590 .·
2845 2532 3153 2606 Vulgaris‚
3180 2551 3328 2608 quae

409 2622 474 2679 in
500 2621 820 2698 principiis
861 2629 1117 2683 naturae
1159 2630 1395 2684 nostrae
1437 2623 1792 2701 imperfectis
1837 2622 2133 2681 subsidens
2180 2641 2295 2681 non
2330 2625 2600 2697 assurgit
2641 2624 2821 2681 altiies
2852 2625 3325 2684 ratiocinatione:

409 2711 815 2788 Philosophica
831 2757 850 2792 ,
898 2733 1045 2790 quae
1087 2717 1552 2774 ratiocinationis
1596 2730 1806 2772 errore
1847 2712 1913 2771 in
1945 2711 2159 2788 falsas
2205 2715 2587 2773 conclusiones
2630 2713 2937 2792 diffluxit,
2984 2715 3061 2774 ὃν
3087 2713 3325 2790 fabulo-

409 2819 536 2859 sam
553 2844 572 2877 ,
617 2805 946 2863 naturalem
963 2847 981 2882 ,
1027 2807 1358 2882 ciuilemque
1399 2823 1474 2864 ex
1504 2805 1821 2882 principiis
1861 2802 1984 2862 illis
2009 2805 2379 2880 procreauit.

507 2907 540 2968 5
620 2893 930 2967 Theologia
971 2901 1060 2954 est
1090 2897 1374 2975 sapientia
1415 2913 1619 2954 rerum
1664 2893 2003 2954 diuinarum
2058 2894 2203 2972 Cap.
2250 2910 2316 2954 11.

501 2983 538 3037 6
607 2984 781 3042 Haec
834 2990 945 3043 aut
996 2991 1084 3044 cst
1134 2981 1496 3073 α’ρχέτυπος
1514 3030 1532 3063 ,
1577 2987 1852 3045 nimirum
1895 2982 2023 3042 Dei
2064 2986 2245 3062 ipsius
2292 2985 2577 3061 sapientia
2588 3001 2619 3058 ,⁰
2657 2990 2769 3043 aut
2806 2989 2895 3044 est
2930 2977 3205 3059 ἔκτυπος
3219 3025 3238 3055 ,
3286 2987 3326 3042 ὰ

409 3068 542 3129 Deo
585 3069 937 3153 informata.
988 3077 1133 3155 Cap.
1181 3093 1271 3138 111.

503 3179 532 3236 7
613 3165 923 3240 Theologia
979 3161 1342 3254 α’ρχέτυπος
1402 3173 1493 3226 est
1537 3167 1874 3227 diuinarum
1935 3183 2152 3240 rerum
2192 3165 2397 3225 diuina
2436 3169 2744 3244 sapientia.
2808 3165 2997 3251 flanc
3038 3164 3179 3224 verb
3222 3184 3327 3224 nos

408 3251 755 3334 adoramus,
808 3275 880 3316 ac
921 3275 1037 3316 non
1080 3261 1514 3333 inuestigamus.
1571 3260 1714 3336 Cap.
1761 3273 1844 3317 lv.

499 3344 536 3400 8
617 3346 926 3422 Theologia
976 3343 1248 3423 ἔκτυπος
1267 3393 1282 3420 ,
1345 3353 1468 3408 siue
1523 3349 1858 3428 simpliciter
1919 3347 2017 3424 (ut
2070 3349 2307 3426 vocant)
2369 3349 2493 3406 siue
2533 3347 2841 3408 secundum
2884 3345 3033 3424 quid
3068 3347 3325 3405 conside-

408 3437 552 3491 rata
568 3481 587 3514 ,
624 3443 712 3496 est
748 3439 1034 3517 sapientia
1076 3438 1414 3500 diuinarum
1456 3459 1660 3500 rerum
1706 3441 1746 3498 ὰ
1789 3437 1925 3497 Deo
1970 3457 2048 3497 ex
2092 3437 2405 3516 archetypo
2448 3441 2631 3517 ipsius
2652 3433 3057 3519 informataff.
3104 3455 3129 3494 1
3142 3456 3177 3513 3
3192 3453 3222 3513 7
3241 3434 3326 3517 1.)

402 3530 512 3599 per
563 3531 1114 3588 communicationem
1147 3533 1392 3603 gratiae
1433 3531 1520 3590 ad
1547 3531 1810 3605 gloriam
1856 3531 2059 3608 ipsius.
2130 3529 2275 3607 Cap.
2320 3545 2381 3588 v.

509 3638 546 3694 9
613 3619 805 3696 Atque
860 3620 1000 3679 haec
1059 3619 1282 3696 quidem
1343 3621 1658 3696 Theologia
1699 3621 2035 3699 simpliciter
2082 3619 2239 3679 dicta
2252 3662 2271 3692 ,
2322 3625 2412 3679 est
2452 3625 2575 3680 tota
2620 3621 2905 3699 sapientia
2942 3636 3145 3676 rerum
3176 3618 3330 3702 cliui-

407 3729 620 3770 narum
661 3728 787 3769 cum
821 3729 892 3769 re
933 3717 1136 3770 creata
1173 3715 1653 3773 communicabilis
1684 3720 1809 3789 pro
1853 3713 2325 3772 communicantis
2368 3711 2559 3773 modo.

505 3821 528 3860 1
543 3820 582 3860 0
659 3799 970 3875 mologia
1013 3801 1152 3860 verb
1197 3805 1502 3863 secundum
1545 3803 1694 3880 quid
1702 3846 1720 3882 .‚
1767 3806 1855 3860 cst
1894 3803 2185 3880 sapientia
2229 3821 2431 3861 rerum
2476 3801 2815 3860 diuinarum
2864 3817 2991 3858 cum
3031 3802 3327 3859 creaturis

407 3893 818 3951 communicata
844 3901 972 3971 pro
1014 3892 1178 3951 modo
1213 3896 1497 3971 ipsarum.
1550 3893 2021 3954 Communicatur
2053 3899 2242 3951 autem
2278 3894 2483 3950 vnione
2497 3935 2517 3963 ,
2544 3895 2763 3950 uisione
2780 3934 2798 3967 .,
2824 3896 2934 3947 aut
2949 3891 3322 3951 reuelatione.

506 4003 530 4041 1
551 4002 576 4041 1
659 3981 722 4040 T
705 3984 970 4056 heologia
1011 4002 1182 4059 quam
1226 3987 1451 4045 vnionis
1495 3985 1850 4062 appellamus
1867 4027 1884 4060 ,
1931 3987 2021 4041 est
2052 3988 2174 4043 tota
2210 3984 2495 4059 sapientia
2532 4000 2734 4040 rerum
2777 3979 3117 4040 diuinarum
3136 4025 3154 4058 .,
3182 3999 3329 4040 com-

408 4074 700 4132 municata
763 4091 887 4132 cum
954 4073 1186 4132 Clu-isto
1229 4070 1666 4164 θεανθροὸπῳ
1687 4119 1702 4146 ,
1750 4073 1820 4133 id
1871 4079 1984 4151 est,
2029 4075 2149 4147 qua
2186 4073 2389 4132 Sermo
2431 4091 2575 4130 caro
2614 4073 2819 4146 sactus
2859 4077 2973 4150 est,
3019 4073 3325 4131 secundum

410 4164 820 4222 humanitatem
866 4167 1005 4225 eius.
1085 4163 1228 4241 Cap.
1276 4182 1360 4226 vl.

513 4274 538 4312 1
555 4274 586 4312 2
669 4253 977 4328 Theologia
1019 4254 1255 4315 visionis
1297 4263 1413 4334 est,
1459 4275 1609 4334 quae
1651 4255 2065 4315 communicata
2105 4257 2195 4310 est
2230 4271 2356 4311 cum
2401 4252 2677 4330 Angelis,
2723 4251 2803 4310 ὁ·
2837 4253 3138 4329 spiritibus
3158 4273 3321 4314 sanc-

411 4349 603 4404 torum
646 4351 1106 4405 consecratorum
1125 4391 1144 4426 ,
1185 4365 1284 4420 seu
1313 4347 1718 4425 perfectorum
1761 4348 1824 4406 in
1869 4344 2047 4405 caelo.
2125 4342 2269 4421 Cap.
2316 4355 2420 4404 vu.

1852 4436 1890 4494 6
2865 4454 2890 4493 1
2904 4453 2939 4511 3
3018 4433 3329 4508 Theologia
