3923 4875
1441 407 1771 454 ’1112323
1834 408 2480 456 13201001022.
3301 395 3408 474 185

496 579 723 648 1123301,
761 569 908 631 nihil
946 587 1055 648 per
1089 589 1153 632 se
1196 567 1568 649 contulisset,
1608 579 1841 648 praeter
1879 588 1949 631 ea
1988 585 2141 647 quae
2181 571 2480 632 creatione
2517 573 2555 629 a
2594 570 2728 630 Deo
2769 579 3097 647 acceperat.
3163 571 3309 633 Gen.
3355 591 3414 648 3.

498 654 559 714 6.
616 651 789 711 Rom.
794 731 839 792 b
852 667 979 792 5illl
976 670 1065 710 12
1126 650 1249 712 Hic
1289 661 1533 712 euentus
1595 669 1836 712 omnem
1896 669 2064 730 spem
2123 649 2322 712 salutis
2380 670 2455 712 ex
2501 650 2620 712 hoc
2673 649 2914 711 foedere
2953 651 3414 730 consequendae

494 729 722 794 homini
761 751 798 791 a
840 741 895 792 st
981 742 1023 793 t.

585 832 677 873 12.
758 813 913 873 Cum
974 820 1171 873 autem
1223 813 1298 874 sit
1342 811 1707 890 impossibile
1743 820 1809 871 vt
1848 811 2000 872 vllus
2039 831 2113 873 ex
2151 811 2222 872 iis
2261 829 2414 889 quos
2458 811 2634 890 elegit
2681 812 2843 880 Deus
2857 857 2874 890 ,
2913 822 3148 891 pereat,
3186 813 3411 874 Matth.

503 911 734 966 24.24.
790 891 890 954 1110
941 890 1396 970 sapientissime,
1450 911 1524 952 ex
1564 890 1966 984 misericordia
2007 909 2140 970 sua,
2181 891 2336 953 viam
2377 891 2684 970 proposuit
2725 891 2976 953 iustitiae
3017 908 3158 952 suae
3195 909 3412 954 conue-

499 972 757 1032 nientem
809 975 951 1049 (qua
988 983 1295 1064 peccator,
1334 972 1393 1032 in
1438 991 1502 1032 se
1540 970 1804 1064 perditus
1817 1015 1835 1050 ,
1876 969 1940 1031 12
1979 972 2226 1050 gratiam
2267 973 2471 1034 redeat
2509 974 2566 1032 &
2608 981 2826 1032 metam
2865 971 3231 1064 propositam
3273 992 3413 1034 con-

499 1053 801 1128 sequatur)
845 1051 989 1112 dum
1040 1051 1225 1112 filium
1276 1069 1448 1112 suum
1497 1050 1671 1112 nobis
1709 1051 1847 1112 fecit
1884 1050 2202 1130 iustitiam,
2227 1051 2715 1145 redemptionem
2754 1054 2811 1112 &
2849 1051 3372 1114 sanctificationem
3389 1097 3408 1131 ,

508 1153 531 1191 1
584 1132 841 1194 Corinth.
892 1152 943 1195 1.
975 1151 1082 1209 ·30.
1122 1143 1185 1192 vt
1224 1151 1329 1210 per
1368 1122 1621 1192 mortem
1660 1131 1783 1192 eius
1825 1131 2186 1192 reconciliati
2224 1130 2368 1213 ipsi,
2399 1131 2682 1194 haeredes
2700 1134 2909 1194 fiamus
2928 1133 3084 1194 vitae
3103 1141 3374 1194 aeternae
3389 1175 3408 1212 ,

501 1233 557 1273 2.
600 1213 834 1290 Oor.5.
882 1231 973 1290 19.
1033 1212 1160 1273 sine
1218 1213 1337 1274 vlla
1397 1209 1741 1304 conditione
1794 1213 1968 1272 Rom.
2011 1215 2068 1273 8.
2116 1229 2324 1304 17.011
2361 1223 2531 1292 parte
2569 1212 2785 1293 nostri3
2825 1214 2997 1273 Rom.
3041 1232 3099 1290 3.
3142 1229 3236 1288 27.
3278 1232 3412 1291 910-

500 1291 637 1352 12ᾶο
676 1303 914 1352 nostrae
953 1291 1153 1353 salutis
1192 1291 1576 1371 principium,
1615 1290 1811 1353 media
1847 1295 1904 1354 &
1942 1293 2123 1354 finem
2159 1291 2221 1353 in
2264 1293 2501 1356 Christo
2540 1311 2864 1373 agnoscere
2895 1291 3247 1373 debeamus,
3267 1292 3414 1353 nihil

501 1381 700 1433 autem
738 1370 800 1431 in
839 1371 1047 1452 nobis,
1085 1373 1259 1432 Rom.
1302 1376 1360 1434 8.
1400 1392 1497 1449 32.

584 1470 679 1527 13.
758 1452 889 1512 Nec
944 1461 1145 1513 tamen
1206 1471 1497 1544 negamus
1548 1451 1727 1512 fidem
1777 1451 2326 1530 apprehendentem
2366 1453 2668 1515 Christum
2707 1455 2936 1516 fontem
2974 1453 3305 1531 bonorum,
3348 1453 3412 1513 in

501 1531 745 1592 homine
794 1532 874 1592 ad
923 1533 1169 1593 salutem
1208 1532 1600 1594 necessariam
1640 1549 1797 1592 esse:
1838 1532 1946 1592 sed
1983 1542 2394 1611 praeterquam
2434 1533 2602 1611 quod
2640 1536 2697 1594 &
2736 1531 2836 1594 illa
2874 1533 2990 1595 Dei
3028 1533 3255 1594 donum
3297 1543 3417 1612 est,

502 1615 639 1672 cum
690 1621 919 1676 tantum
966 1611 1420 1674 instrumentum
1462 1611 1536 1674 sit
1575 1615 1632 1673 &
1670 1629 1879 1672 manus
1919 1612 2105 1689 reci(f.
2153 1615 2302 1673 1662
2310 1613 2516 1692 ).91023
2555 1613 2874 1694 beneficia,
2915 1611 3234 1675 essentialis
3273 1632 3415 1674 con-

502 1691 649 1752 ditio
690 1691 810 1752 dici
852 1710 974 1753 non
1015 1702 1230 1771 potest.
1270 1694 1432 1773 Eph.
1477 1713 1531 1754 2.
1573 1696 1629 1752 8.

588 1792 681 1846 14.
758 1774 957 1850 Atque
993 1771 1095 1832 illa
1130 1782 1216 1834 est
1255 1774 1437 1834 211012
1476 1771 1591 1833 Dei
1630 1771 1919 1864 generalis
1960 1772 2269 1850 dispositio
2311 1775 2564 1853 gratuita
2603 1775 2658 1834 &
2699 1772 2872 1833 vniea
2900 1773 3100 1834 salutis
3131 1771 3259 1852 via,
3288 1771 3416 1832 sine

504 1869 621 1930 qua
657 1852 860 1926 nullus
898 1869 1159 1930 vnquam
1198 1853 1505 1914 hominum
1544 1852 1605 1912 in
1643 1851 1891 1931 gratiam
1932 1870 2071 1912 cum
2111 1855 2246 1914 Deo
2285 1853 2487 1933 rediit,
2527 1867 2628 1915 aut
2673 1852 2912 1914 redibit:
2977 1852 3130 1912 Nam
3171 1871 3294 1912 non
3327 1862 3415 1914 est

502 1931 663 1994 aliud
706 1949 929 1992 nomen
970 1934 1082 1994 sub
1120 1936 1293 1994 coelo
1334 1953 1438 2012 per
1476 1931 1642 2026 quod
1680 1935 1835 1993 salus
1873 1933 2204 2012 contingat,
2247 1945 2480 2010 praeter
2518 1937 2732 1995 Iesum.
2774 1935 2906 1994 Act.
2946 1952 3004 2006 4.
3051 1954 3076 1992 1
3090 1954 3145 1994 s.
3197 1932 3414 1993 Merito

503 2011 677 2103 igitur
714 2011 1047 2090 blasphemi
1086 2013 1361 2074 dicuntur
1397 2013 1497 2092 qui
1535 2013 1789 2105 Iudaeos
1828 2031 1937 2090 per
1975 2015 2200 2092 legem,
2233 2013 2290 2072 &
2321 2013 2608 2075 Ethnicos
2641 2032 2746 2091 per
2782 2012 3256 2092 philosophiam,
3277 2015 3413 2074 2210

506 2091 806 2152 Christum
846 2101 1081 2171 natum,
1120 2096 1367 2155 salutem
1408 2091 1784 2170 acquisiuisse
1824 2101 2149 2153 autumant.

593 2188 680 2250 15.
762 2171 999 2232 Vtimur
1035 2183 1233 2233 autem
1273 2173 1529 2252 generali
1568 2172 1807 2234 nomine
1847 2170 2247 2249 dispositionis
2262 2217 2280 2252 ,
2320 2173 2461 2250 quia
2498 2172 2784 2252 foederis,
2804 2174 2861 2232 &
2883 2171 3248 2234 Testamenti
3265 2172 3416 2233 ratio

504 2270 625 2313 non
687 2253 880 2312 30111111
932 2252 995 2312 in
1042 2252 1233 2332 reipsa
1280 2253 1587 2332 respicitur
1600 2298 1617 2332 ,
1670 2252 1775 2314 sed
1820 2250 2193 2328 potissimum
2233 2271 2306 2314 ex
2343 2252 2528 2314 modo
2567 2263 2810 2314 externo
2853 2253 2909 2312 &
2949 2253 3418 2314 solemnitatibus

504 2332 589 2393 rei
626 2327 933 2410 adhibitis,
975 2333 1301 2394 deducitur.
1344 2332 1465 2393 Hic
1509 2335 1649 2393 vero
1689 2351 1816 2391 rem
1854 2331 2042 2408 ipsam
2083 2333 2242 2393 nude
2283 2343 2446 2393 extra
2484 2333 2776 2393 rationem
2817 2332 3136 2393 modorum
3175 2344 3276 2393 aut
3310 2332 3418 2393 cir-

505 2411 985 2473 cumstantiarum
1024 2414 1272 2474 vllarum
1288 2460 1305 2493 ,
1348 2412 1781 2494 proposuimus,
1822 2411 2073 2473 Materia
2113 2431 2256 2506 ergo
2297 2411 2589 2507 foederis,
2627 2414 2686 2475 &
2718 2411 3110 2492 Testamenti,
3133 2414 3280 2473 haec
3300 2411 3420 2472 dici

506 2502 731 2573 901031;
775 2509 928 2570 quae
968 2494 1106 2553 cum
1144 2498 1183 2553 a
1221 2494 1407 2556 modo
1446 2504 1691 2555 externo
1732 2496 1787 2554 8(
1830 2492 2279 2555 circumstantiis
2319 2493 2509 2555 varias
2537 2458 2810 2554 habuerit
2849 2494 3069 2553 formas
3110 2496 3166 2553 &
3203 2492 3385 2553 facies
3401 2537 3418 2571 ,

506 2577 699 2650 ecque
714 2538 973 2634 diuersa
1008 2574 1285 2654 nomina,
1322 2574 1552 2666 singula
1588 2572 1972 2665 sequentibus
2012 2572 2306 2635 delineare
2345 2572 2715 2635 conabimur.

595 2654 685 2713 16.
764 2652 1077 2715 Varietatis
1118 2621 1285 2715 131123
1320 2657 1453 2716 fons
1493 2654 1553 2715 in
1595 2673 1669 2715 eo
1708 2672 1837 2713 esse
1876 2650 2108 2713 videtur
2111 2699 2140 2745 ,
2170 2654 2335 2732 quod
2355 2671 2539 2733 quum
2559 2653 2837 2715 omnibus
2856 2652 3130 2713 fidelibus
3151 2651 3420 2713 Christus

510 2732 682 2794 suerit
732 2751 871 2793 cum
920 2734 1221 2795 beneficiis
1264 2734 1381 2795 suis
1420 2732 1743 2811 exhibituS,
1784 2743 1985 2793 tamen
2026 2732 2127 2825 qui
2165 2744 2302 2795 ante
2342 2744 2611 2811 tempore
2650 2735 2937 2794 aduentus
2977 2732 3159 2811 ipsius
3199 2731 3259 2792 in
3299 2752 3422 2791 021·-

508 2832 676 2891 nem,
738 2813 1037 2893 vixerunt,
1097 2814 1417 2875 credebant
1472 2813 1639 2875 illum
1688 2831 1799 2891 pro
1850 2812 2109 2890 peccatis
2162 2812 2376 2875 nostris
2417 2813 2684 2875 omnium
2725 2812 3075 2875 moriturum
3122 2814 3231 2872 &c.
3291 2814 3420 2871 Nos

511 2897 651 2955 vero
691 2905 827 2972 post
866 2894 1165 2956 Christum
1202 2912 1466 2973 passum,
1507 2896 1614 2955 810.
1657 2892 1951 2953 credimus
1995 2896 2051 2953 &
2093 2893 2368 2955 nouimus
2405 2897 2442 2953 a
2481 2905 2779 2956 seruatore
2817 2902 3021 2955 nostro
3064 2892 3162 2952 illa
3181 2891 3422 2969 impleta

510 2992 637 3035 esse
696 2990 849 3051 quae
899 2976 979 3034 ad
1030 2974 1503 3053 redemptionem
1544 2972 1731 3035 nostri
1770 2972 2169 3051 pertinebant.
2223 2973 2672 3053 Redemptionis
2709 2973 2952 3052 inquam
2967 3018 2985 3051 ,
3025 2982 3258 3049 201221,
3297 2991 3420 3031 non

509 3056 781 3115 fructum.
823 3053 978 3115 Nam
1017 3054 1193 3116 etiam
1230 3054 1651 3133 promissiones
1688 3053 1978 3113 habemus
1993 3098 2011 3133 ,
2050 3070 2302 3130 quarum
2340 3058 2856 3145 complementum
2879 3070 3214 3145 speramus,
3247 3054 3420 3111 Rom.

512 3150 567 3212 5.
613 3154 664 3193 2.
709 3136 766 3195 81
804 3134 971 3196 cuius
1008 3136 1193 3227 gratia
1233 3135 1498 3196 Christus
1538 3150 1656 3211 qua
1690 3133 2062 3211 Redemptor
2098 3144 2333 3215 regnat,
2377 3134 2572 3197 donec
2611 3132 2888 3213 perfectis
2927 3097 3234 3211 omnibus,
3254 3134 3419 3192 Deus

510 3215 587 3274 sit
624 3214 825 3275 omnia
862 3215 923 3274 in
962 3214 1256 3277 omnibus.
1305 3236 1353 3275 1.
1402 3216 1668 3275 Corinth.
1717 3229 1808 3291 15.
1853 3232 1945 3287 24.

597 3310 685 3370 17.
768 3296 862 3354 Ex
920 3295 1033 3355 hac
1092 3294 1530 3357 circumstantia
1582 3290 1870 3386 temporis
1884 3336 1903 3372 ,
1956 3295 2292 3372 generalem
2332 3296 2681 3374 modorum,
2719 3293 2935 3371 quibus
2975 3292 3262 3386 gratiam
3263 3290 3425 3351 111212

510 3390 677 3435 suam
715 3376 881 3435 Deus
917 3375 1255 3437 hominibus
1298 3374 1649 3448 (1001212211,
1690 3372 2128 3434 distinctionem
2169 3375 2645 3468 obseruabimus3
2679 3392 2886 3435 eorum
2919 3372 3142 3436 30111001
3163 3372 3267 3450 qui
3284 3382 3422 3432 ante

513 3452 811 3515 Christum
850 3467 1056 3515 natum
1096 3456 1505 3531 obtinuerunt,
1546 3458 1601 3516 8(
1642 3453 1744 3532 (121
1782 3463 1920 3531 post
1956 3454 2281 3515 aduentum
2320 3456 2468 3517 01113.

598 3538 689 3596 18.
767 3537 969 3613 Atque
1006 3546 1070 3595 vt
1108 3536 1183 3596 de
1224 3536 1418 3615 primo
1458 3535 1756 3612 dicamus,
1796 3532 1974 3593 etiam
2013 3544 2148 3595 ante
2190 3535 2515 3597 Seruatoris
2553 3533 2743 3597 nostri
2781 3536 3136 3611 aduentum,
3178 3529 3427 3593 diuersis

514 3614 707 3676 modis
748 3616 1109 3676 voluntatem
1149 3634 1315 3677 suam
1353 3615 1656 3754 Ecclesiae
1697 3612 1968 3690 exposuit
2007 3612 2328 3691 Dominus,
2373 3615 2540 3694 quod
2578 3615 2656 3676 ad
2677 3614 2961 3675 32121012
2945 3633 3006 3674 12
3027 3578 3264 3675 Ch'risto
3285 3629 3428 3670 con-

513 3694 873 3787 sequendam
934 3695 1173 3757 attinet:
1236 3698 1393 3756 Heb.
1456 3716 1510 3755 1.
1670 3696 2061 3770 Quapropter
2113 3693 2292 3756 trium
2335 3696 2672 3757 seculorum
2710 3693 3000 3755 rationem
3041 3690 3424 3760 habebimus,

514 3776 753 3917 {lgffigga
792 3774 919 3917 2111112
962 3776 1141 3837 facies
1202 3779 1259 3837 &
1316 3779 1510 3837 forma
1560 3774 1641 3836 1111
1699 3773 1889 3833 eidem
1940 3772 2026 3833 rei
2075 3776 2433 3837 substantiae
2449 3821 2468 3856 ,
2518 3794 2698 3854 quam
2749 3774 3211 3851 declarauimus,
3251 3787 3428 3847 super

600 3954 689 4013 19.
766 3936 1028 3996 Primum
1075 3934 1239 4012 quod
1285 3934 1393 3993 suit
1441 3938 1479 3994 2
1530 3932 1894 4025 temporibus
1922 3931 2083 4023 12931
2121 3934 2342 3995 Adami
2380 3935 2554 4015 primi
2593 3932 2850 4024 parentis
2891 3932 3076 3994 nostri
3117 3947 3306 4007 vsque
3350 3927 3428 3989 ad

514 4016 919 4075 Abrahamum
960 4026 1187 4093 patrem
1227 4014 1488 4074 fidelium
1501 4060 1519 4093 ,
1563 4011 1969 4103 promissionis
2010 4012 2251 4095 dicitur3
2293 4016 2430 4093 quia
2471 4025 2615 4076 tunc
2655 4010 2856 4075 3212113
2897 4012 2992 4073 via
3031 4012 3260 4071 tantum
3296 4028 3428 4087 pro-

511 4094 791 4156 missione
826 4096 957 4173 1112,
998 4113 1152 4172 (1220
1191 4104 1381 4155 exstat
1429 4096 1575 4154 Gen.
1617 4113 1675 4170 3.
1715 4091 1980 4170 exposita
2021 4102 2146 4153 erat
2185 4096 2514 4156 luculenter
2529 4139 2546 4173 ,
2585 4091 2856 4171 quamuis
2896 4091 3228 4170 succincte·
3266 4090 3426 4149 vnde

508 4176 749 4253 piorum
789 4174 933 4235 fides
976 4175 1058 4235 illi
1097 4172 1476 4265 promissioni
1516 4173 1759 4234 firmiter
1796 4173 2097 4235 haerebat.

591 4274 683 4314 20.
766 4254 892 4316 Ε131
950 4259 1089 4316 vero
1140 4252 1242 4313 hic
1295 4256 1522 4314 tantum
1562 4252 1896 4331 spondebat
1932 4254 2098 4312 Deus
2139 4254 2319 4329 (vnde
2360 4255 2571 4316 foedus
2612 4252 2730 4313 (1101
2788 4270 2911 4313 non
2951 4253 3174 4329 potest)
3218 4260 3427 4309 tamen

505 4350 877 4409 consequens
915 4345 1038 4395 erat
1078 4333 1611 4394 manifestissimum
1650 4344 1717 4393 vt
1753 4329 2026 4392 homines
2068 4334 2264 4393 Deum
2305 4338 2601 4413 colerent,
2631 4334 2688 4391 &
2706 4342 2939 4411 gratum
2965 4330 3231 4392 animum
3259 4346 3430 4389 suum

499 4413 763 4493 pietatis,
806 4414 1221 4493 charitatisque
1255 4414 1497 4493 01110113,
1539 4423 1930 4475 testarentur:
1974 4413 2141 4489 quod
2175 4424 2488 4493 vtrumque
2527 4415 2792 4475 fecerunt
2831 4412 2913 4490 pij
2955 4415 2992 4472 a
3029 4409 3284 4489 quibus
3268 4426 3433 4467 1220·

1936 4510 2011 4565 24
3236 4497 3435 4549 catum
