3923 4875
1349 351 1678 396 ‘russas
1734 349 2397 398 Tnsonoorcan.
3216 355 3326 414 197

393 514 672 578 sacerdos
723 513 822 575 ille
874 523 1076 574 noster
1113 512 1409 591 Christus,
1447 531 1618 574 verus
1659 514 1846 590 Deus,
1887 531 2061 574 verus
2102 515 2287 575 homo
2326 532 2614 591 personae
2662 532 2736 574 ac
2774 511 2928 574 vitae
2976 511 3294 574 sanctitate
3310 561 3329 593 ,

395 596 669 673 adeoque
729 593 894 654 omni
953 592 1184 656 deitatis
1243 593 1606 671 plenitudine
1660 593 2118 671 perfectissimus
2171 598 2319 671 (quo
2372 593 2505 670 quis
2544 595 2829 655 sacerdos
2868 593 3261 671 praestantior
3279 588 3327 672 ?)

395 675 652 754 seipsum
701 674 1015 752 hominem⁴
1053 675 1414 752 inculpatum
1474 693 1581 751 per
1641 674 1920 753 Spiritum
1957 684 2264 735 aeternum
2303 672 2363 733 in
2402 672 2754 734 sacrificium
2796 676 2935 734 vere
2976 672 3325 750 propitiato·

397 754 577 834 rium,
627 759 684 816 &
731 753 1010 815 diuinitus
1048 756 1386 815 absolutum
1427 757 1576 832 (quo
1617 753 1763 832 quid
1801 753 2191 832 praestantius
2206 751 2253 830 ?)
2295 753 2353 814 in
2394 771 2575 814 cruce
2614 753 2829 814 obtulit
2867 755 3003 812 Deo
3044 755 3101 814 δι
3142 753 3297 830 patri
3310 799 3328 830 ,

397 835 778 912 extinctoque
836 844 1085 914 peccato
1136 838 1192 896 δι
1243 845 1433 895 morte
1448 879 1468 910 ,
1509 839 1564 896 &
1604 835 1802 895 deleto
1843 833 2243 913 chirographo
2257 876 2276 911 ,
2317 833 2379 894 in
2418 833 2832 894 Sanctuarium
2878 834 3093 894 celeste
3134 833 3325 909 (cuius

399 926 490 976 est
543 915 828 992 minister)
879 914 1174 993 ingressus
1215 925 1329 992 est,
1372 914 1601 975 sedauit
1637 914 1786 976 iram
1826 915 1971 992 Dei,
2012 913 2258 991 gratiam
2298 917 2353 976 δι
2384 911 2929 975 reconciliationem
2970 911 3226 992 peperit,
3266 915 3323 973 δι

399 1015 519 1056 vna
576 1013 686 1074 pro
741 995 1000 1073 peccatis
1053 997 1254 1056 oblata
1291 995 1382 1054 sui
1420 994 1658 1056 victima
1698 993 1971 1056 considet
2008 993 2069 1055 in
2110 1005 2462 1073 perpetuum
2500 993 2579 1054 ad
2618 993 2923 1054 dexteram
2960 991 3077 1052 Dei
3090 1035 3120 1082 ,·
3148 990 3323 1054 inter-

399 1075 622 1137 cedens
661 1093 772 1153 pro
813 1075 1006 1136 nobis.
1048 1074 1148 1136 Sin
1190 1084 1388 1136 autem
1428 1075 1508 1136 ad
1547 1093 1658 1136 nos
1698 1076 1907 1136 oculos
1947 1085 2394 1153 conuertamus,
2432 1074 2799 1152 perfungitur
2830 1093 2943 1152 pro
2976 1075 3154 1134 nobis
3181 1073 3239 1132 δι
3259 1073 3321 1133 in

397 1155 572 1217 nobis
611 1155 896 1234 quicquid
935 1156 1012 1216 ad
1051 1155 1328 1216 iustitiam
1366 1153 2014 1233 sanctificationemque
2052 1165 2317 1215 nostram
2359 1156 2683 1232 perfectam
2722 1171 2876 1232 opus
2905 1164 3026 1232 est,
3055 1171 3162 1230 per
3182 1170 3321 1214 eun-

401 1237 542 1296 dem
581 1235 860 1314 Spiritum
901 1246 1204 1297 aeternum
1217 1281 1236 1314 ,
1275 1233 1593 1296 iustificans
1631 1255 1744 1296 nos
1783 1254 1991 1296 coram
2028 1236 2196 1314 De0,
2236 1237 2293 1295 &
2332 1235 2506 1296 vnica
2534 1233 2624 1295 sui
2642 1232 2949 1294 oblatione
2967 1249 3323 1294 consecrans

393 1317 458 1376 in
507 1326 856 1408 perpetuum
896 1335 968 1376 ac
1007 1314 1318 1394 perficiens
1357 1333 1462 1376 eos
1500 1314 1603 1392 qui
1642 1316 2081 1376 sanctificantur
2094 1361 2112 1392 ,
2152 1313 2490 1375 sacerdotes
2532 1310 2766 1406 faciens·
2794 1315 2929 1375 Deo
2944 1317 3022 1407 ,δι
3054 1313 3206 1391 patri
3222 1358 3239 1392 ,
3260 1317 3317 1374 &

395 1395 458 1456 in
497 1395 712 1456 iustitia
726 1441 744 1474 ,
783 1395 1290 1476 sanctimoniaque
1329 1394 1589 1473 dirigens
1604 1441 1621 1472 ‚
1659 1407 1727 1456 vt
1763 1395 2037 1457 sistamus
2079 1413 2335 1473 corpora
2372 1404 2573 1454 nostra
2614 1394 2869 1454 hostiam
2904 1411 3101 1454 viuam
3114 1437 3134 1470 ,
3154 1412 3326 1454 sanc-

395 1489 548 1552 tam,
606 1487 914 1568 acceptam
973 1477 1108 1537 Deo
1124 1522 1141 1555 ,
1199 1475 1608 1537 rationabilem
1657 1477 1880 1537 cultum
1937 1485 2205 1536 nostrum
2221 1520 2240 1553 ,
2278 1473 2339 1536 in
2380 1476 2643 1553 perfecta
2682 1477 2739 1535 &
2776 1472 3018 1536 salutari
3058 1489 3325 1534 commu-

401 1575 583 1617 mone
622 1575 643 1615 1
735 1573 822 1616 us.

484 1656 572 1696 12.
644 1575 935 1696 Ibmfficium
975 1635 1157 1714 Regis
1198 1645 1314 1716 est,
1355 1653 1477 1712 quo
1515 1634 1782 1698 Christus
1822 1635 2083 1714 fungitur
2120 1637 2160 1694 a
2196 1645 2363 1712 patre
2389 1633 2452 1695 in
2472 1633 2636 1712 regni
2657 1632 3091 1725 possessionem
3112 1631 3323 1724 missus

399 1713 634 1777 dioente
649 1761 667 1794 ,
717 1716 878 1776 dabo
930 1716 1037 1779 tibi
1085 1725 1288 1794 gentes
1328 1714 1750 1777 haereditatem
1789 1725 1952 1776 tuam
1965 1760 1984 1793 ,
2025 1719 2136 1777 &c.
2176 1716 2347 1776 Psal.
2390 1734 2443 1774 2.
2484 1716 2657 1775 Pater
2696 1733 2855 1776 emm
2893 1732 3121 1805 ipsum,
3158 1712 3327 1773 dedit

396 1805 578 1874 caput
627 1795 957 1876 Ecclesiae,
1006 1807 1068 1856 vt
1105 1815 1198 1857 res
1239 1795 1554 1873 Prophetia
1592 1797 2051 1872 demonstratas,
2092 1799 2147 1856 &
2186 1793 2522 1857 sacerdotio
2564 1804 2761 1873 partas
2774 1841 2791 1873 ,
2832 1795 2995 1872 apud
3034 1811 3227 1884 ipsum
3266 1795 3322 1854 δι

395 1875 558 1953 apud
615 1895 728 1938 nos
780 1894 886 1937 sua
936 1875 1249 1955 sapientia,
1303 1875 1548 1954 iustitia,
1583 1876 1854 1955 potentia
1893 1874 2157 1954 perficiat
2198 1893 2403 1936 coram
2443 1877 2577 1936 Deo
2594 1919 2611 1954 ,
2654 1877 2827 1935 Patre
2866 1893 2978 1952 pro
3018 1874 3193 1934 nobis
3208 1917 3227 1950 ,
3267 1876 3323 1934 δι

395 1955 458 2016 in
496 1955 674 2016 nobis
713 1973 960 2036 regnum
1001 1973 1171 2018 suum
1213 1957 1479 2036 colligat,
1520 1957 1584 2016 id
1623 1967 1740 2026 est..
1782 1956 2085 2018 Ecclesiae
2127 1954 2471 2016 Catholicae
2512 1955 2779 2015 membra
2812 1954 3041 2032 singula
3075 1972 3179 2030 per
3198 1952 3324 2030 Spi-

397 2035 572 2096 ritum
610 2035 777 2096 illum
813 2037 1016 2098 omnia
1057 2036 1118 2096 in
1159 2035 1438 2097 omnibus
1479 2049 1822 2114 operantem
1863 2039 1918 2096 &
1957 2037 2239 2097 aduersus
2278 2035 2617 2126 diabolum,
2654 2045 2971 2128 peccatum
2985 2079 3003 2110 ,
3036 2043 3291 2124 mortem
3305 2079 3324 2112 ,

397 2117 684 2176 mundum
700 2161 716 2193 ,
776 2115 978 2177 omnia
1036 2116 1293 2194 denique
1340 2117 1761 2194 impedimenta
1801 2127 2063 2195 tueatur,
2102 2112 2299 2176 donec
2338 2132 2551 2175 omnes
2588 2133 2860 2175 mimicos
2902 2123 3165 2190 posuerit
3202 2115 3315 2174 sub

395 2195 647 2272 pedibus
704 2195 858 2257 eius:
921 2213 1044 2274 quo
1104 2197 1346 2258 demum
1395 2207 1663 2275 tempore
1721 2198 2013 2258 Dominus
2052 2205 2253 2258 noster
2293 2198 2348 2255 δι
2388 2205 2658 2256 seruator
2698 2193 2967 2255 Christus
3008 2194 3319 2254 defunctus

397 2276 726 2336 voluntaria
786 2275 957 2337 huius
1014 2278 1180 2354 regni
1241 2276 1624 2353 oeconomia,
1683 2277 1808 2338 siue
1867 2274 2339 2366 dispensatione,
2399 2273 2686 2352 omnique
2744 2273 2993 2364 imperio
3044 2275 3100 2332 δι
3144 2273 3321 2364 ‘omni

397 2356 662 2432 potentia
700 2376 773 2416 ac
813 2355 1028 2418 virtute
1066 2356 1288 2418 abolita
1301 2404 1319 2437 ,
1357 2375 1609 2436 regnum
1649 2375 1820 2418 suum
1861 2359 1981 2418 hoc
2023 2372 2480 2418 oeconomicum
2519 2356 2655 2415 Deo
2696 2373 2769 2414 ac
2810 2356 2967 2414 Patri
3006 2352 3325 2414 traditurus

397 2446 518 2515 est,
559 2446 622 2497 vt
661 2437 824 2499 Deus
863 2436 939 2499 sit
977 2437 1178 2499 omnia
1215 2437 1278 2498 in
1318 2437 1596 2499 omnibus
1633 2440 1702 2516 (f.
1751 2440 1950 2516 1673).

1647 2694 2035 2705 ζ...-

685 2878 908 2939 ΧΧΙΧ.
988 2882 1119 2940 DE
1181 2882 2010 2943 HVMILIATIONE
2068 2886 2194 2943 ET
2254 2886 3041 2949 EXALTATIONE

1465 2988 1916 3049 CHRISTI
1979 2989 2252 3069 IESU,

935 3184 1035 3247 Et
1075 3206 1162 3249 ex
1205 3195 1490 3269 vtraque
1532 3186 1874 3273 beneficiis
1919 3186 2019 3252 ad
2041 3188 2287 3275 fideles
2332 3190 2783 3255 redeuntibus.

1652 3374 1709 3432 T
1729 3391 1769 3433 u
1793 3390 1831 3433 E
1851 3392 1882 3435 s
1901 3390 1924 3433 1
1941 3390 1975 3435 s
2034 3376 2081 3436 Ι.

482 3568 532 3607 1.
614 3548 850 3609 Orncu
890 3548 1108 3610 Christi
1149 3550 1301 3610 duae
1341 3560 1478 3611 sunt
1516 3562 1746 3630 partes,
1777 3559 2131 3620 ταπείνωσις
2172 3559 2227 3615 &
2268 3554 2677 3633 ὖηερύψωσις,
2716 3572 2863 3633 quas
2892 3558 3071 3634 vulgo
3094 3557 3323 3617 Statum

397 3627 842 3688 Humiliationis
883 3632 938 3689 δι
979 3630 1370 3691 Exaltationis
1409 3650 1710 3692 vocamus.
1755 3634 1901 3692 Luc.
1949 3652 2041 3707 24.
2082 3634 2175 3694 26.
2226 3655 2275 3696 1.
2316 3638 2478 3695 Petr.
2528 3655 2579 3695 1.
2626 3654 2718 3695 11.
2758 3638 2983 3716 Pailep.
3019 3656 3071 3695 2.
3107 3639 3164 3696 6.
3200 3638 3327 3699 &a

395 3710 549 3767 Heb.
599 3730 652 3769 2.
694 3728 752 3785 9.
794 3710 990 3769 Status
1030 3710 1451 3772 humiliationis
1491 3712 1646 3772 duos
1687 3713 1866 3772 habet
1904 3712 2149 3794 graduS,
2190 3714 2663 3775 Incarnationem
2696 3718 2752 3776 δι
2784 3735 3073 3795 personae
3093 3715 3325 3777 Demis-

394 3787 624 3849 sionem
665 3788 726 3847 in
767 3808 971 3849 carne:
1016 3802 1194 3867 provt
1233 3791 1434 3852 statuit
1472 3793 1828 3869 Apostolus,
1867 3794 2090 3870 Philip.
2133 3814 2187 3855 2.
2233 3813 2285 3871 7.
2330 3799 2385 3855 8.
2449 3794 2679 3857 Primus
2719 3807 2837 3875 est,
2878 3798 3017 3857 cum
3057 3795 3325 3857 Christus

391 3867 645 3928 existens
704 3868 765 3929 in
827 3870 1018 3930 forma
1079 3872 1222 3949 Dei,
1287 3871 1544 3949 seipsum
1602 3871 1952 3952 exinaniuit,
2012 3883 2205 3935 torma
2264 3874 2417 3936 serui
2477 3886 2754 3954 accepta3
2815 3888 2993 3954 atque
3047 3878 3199 3937 haec
3234 3887 3326 3938 est

395 3948 652 4009 maxima
691 3948 1020 4011 humiliatio
1037 3997 1052 4021 ,
1094 3969 1249 4027 quae
1287 3951 1466 4012 etiam
1504 3950 1826 4013 exinanitio
1866 3951 2106 4021 dicitur,
2150 3957 2370 4035 Philip.
2415 3974 2469 4015 2.
2509 3971 2565 4030 7.
2617 3953 2782 4032 Quid
2822 3956 2981 4017 enim
3010 3955 3330 4019 admirabi-

393 4028 532 4107 lius,
584 4031 762 4105 quam
819 4030 990 4108 quod
1028 4032 1192 4090 Deus
1233 4031 1556 4092 immensus
1597 4032 1652 4091 δι
1695 4032 2009 4094 altissimus
2052 4037 2125 4094 eo
2164 4054 2227 4095 se
2268 4034 2597 4111 demiserit,
2654 4046 2719 4095 vt
2758 4036 2947 4097 factus
2990 4035 3065 4097 sit
3103 4032 3331 4097 horno?

397 4108 566 4169 Alter
603 4118 719 4184 est,
745 4111 900 4170 -cnm
941 4110 1125 4170 homo
1168 4113 1355 4171 factus
1396 4111 1725 4173 humiliauit
1766 4113 2177 4192 semetipsum,
2219 4114 2376 4175 Patri
2405 4134 2511 4193 per
2545 4114 2747 4175 omnia
2767 4114 2847 4177 ad
2866 4126 3123 4177 mortem
3140 4134 3328 4193 vsque

397 4206 462 4248 se
502 4188 817 4250 subiiciens
831 4234 850 4268 ,
889 4200 1067 4266 atque
1108 4189 1207 4250 hic
1245 4200 1430 4251 status
1469 4192 1772 4253 communi
1815 4194 2057 4254 nomine
2098 4194 2423 4258 humiliatio
2464 4193 2588 4255 siue
2628 4194 2943 4257 submissio
2982 4198 3333 4276 appellatur.

397 4270 562 4329 Inter
603 4269 755 4331 duos
796 4270 980 4331 hosce
1021 4271 1240 4349 gradus
1278 4272 1426 4331 haec
1464 4282 1552 4331 est
1593 4272 1918 4335 differentia
1933 4318 1950 4351 ,
1992 4274 2155 4351 quod
2197 4274 2359 4353 prior
2396 4276 2469 4336 sit
2508 4287 2853 4355 perpetuuS,
2898 4276 3035 4355 quia
3054 4286 3325 4338 naturam

402 4348 724 4409 humanam
784 4366 965 4426 quam
1025 4352 1208 4411 semel
1260 4352 1572 4429 assumpsit
1610 4353 1723 4414 Dei
1755 4352 1908 4415 filius
1949 4354 2009 4414 in
2050 4366 2353 4415 aeternum
2396 4354 2631 4417 retinet:
2672 4357 2857 4433 (vnde
2900 4359 3061 4417 Deus
3098 4356 3322 4434 gloriae

3006 4436 3319 4501 crucifixus
