3923 4875
1447 330 1856 379 tutnnct
1914 332 2134 377 PARS
2191 333 2233 377 1.
3181 337 3298 395 423

369 496 653 559 omnibus
690 511 847 575 quae
880 494 1099 575 habet,
1135 503 1264 557 tum
1302 492 1484 555 etiam
1520 492 1763 573 singulis
1802 491 2135 573 personalia
2173 492 2252 554 ad
2281 492 2758 555 aedificationem
2777 502 3063 557 nostram.
3100 498 3302 573 Atque

368 578 495 639 hoe
531 575 681 638 illud
718 584 809 637 est
846 574 1011 653 quod
1052 577 1191 636 ante
1230 572 1483 635 diximus
1497 616 1517 651 ,
1572 572 1875 635 Ecclesiae
1914 582 2112 653 partes
2153 592 2282 635 esse
2321 574 2430 633 has
2469 574 2798 635 secundum
2838 573 3166 636 Dominum
3183 620 3200 653 ,
3242 585 3308 635 vt

368 666 505 718 tum
542 657 619 719 de
657 655 849 736 portis
886 654 1005 717 suis
1047 654 1323 717 exhibeat
1360 654 1796 735 testimonium,
1836 665 1966 716 tum
2005 652 2083 715 de
2121 652 2403 715 membris
2429 656 2740 732 agentibus
2760 653 2914 717 intra
2932 666 3136 735 portas
3152 672 3305 717 suas.

370 738 533 799 Nam
570 756 647 799 ex
683 734 871 816 portis
908 734 1029 797 suis
1068 738 1158 812 (vt
1180 734 1263 797 ita
1282 735 1621 813 loquamur)
1653 733 1953 814 depromit
1982 732 2110 797 iura
2129 732 2244 795 Dei
2263 752 2416 813 quae
2437 734 2496 793 in
2519 732 2649 796 sinu
2667 736 2882 816 habet3
2923 736 3002 796 de
3021 732 3305 797 membris

370 822 519 881 veto
559 815 965 879 testimonium
985 815 1139 895 edit,
1176 814 1303 877 siue
1329 813 1487 877 intus
1508 812 1745 893 piorum
1764 812 2134 909 singulorum
2153 826 2382 875 mentes
2401 814 2762 877 instituendo
2777 860 2796 895 ,
2836 816 2893 876 δι
2912 816 3306 894 consolando,

372 900 434 961 ἃ
484 896 981 977 recognoscendo
1028 916 1104 957 ex
1157 896 1343 957 verbo
1395 893 1513 956 Dei
1564 894 1623 955 δι
1670 894 1791 957 fide
1856 912 2125 975 ipsorum
2177 893 2636 973 obedientiaque
2674 895 2846 973 fidei,
2894 894 3019 958 siue
3057 896 3202 959 foris
3243 892 3306 957 in

372 978 802 1041 communione
840 986 1183 1039 sanctorum
1224 975 1494 1037 fouendo
1533 986 1712 1053 atque
1750 975 2097 1038 educando:
2137 974 2263 1038 ime
2307 976 2497 1054 (quod
2539 975 2792 1055 amplius
2830 977 2942 1052 est)
2963 977 3304 1039 aberrantes

373 1058 725 1138 castigando
738 1103 759 1138 ,
818 1058 877 1120 &
934 1057 1118 1119 veluti
1176 1054 1417 1117 salutari
1474 1071 1657 1117 manu
1703 1054 1783 1117 ad
1830 1055 2126 1136 gremium
2172 1072 2348 1117 suum
2398 1056 2743 1117 reuocando
2783 1054 3310 1135 indulgentissime.

374 1136 909 1218 Quemadmodum
960 1148 1163 1199 autem
1214 1138 1365 1197 haec
1414 1138 1569 1197 facta
1617 1134 1863 1216 singulis
1910 1136 2088 1198 nobis
2123 1136 2436 1197 vtilitatem
2473 1136 2748 1199 adserunt
2761 1180 2780 1217 ,
2833 1135 2918 1199 sic
2963 1136 3141 1198 etiam
3179 1136 3308 1199 aliis

374 1219 649 1298 exempla
698 1216 1185 1281 commodissime
1238 1218 1567 1279 offeruntur
1620 1217 1697 1278 ad
1750 1216 2230 1279 aedificationem
2279 1216 2534 1278 filiorum
2575 1216 2710 1279 Dei.
2791 1216 3174 1297 Quapropter
3225 1215 3313 1279 illi

373 1316 621 1381 quoque
670 1298 785 1379 ipsi
836 1300 941 1377 qui
986 1298 1051 1359 in
1099 1299 1261 1359 hunc
1310 1298 1561 1359 modum
1598 1295 1908 1359 instituunt
1946 1296 2130 1359 vitam
2181 1314 2352 1359 suam
2366 1342 2383 1375 ,
2437 1296 2500 1359 in
2541 1294 2845 1377 scripturis
2883 1297 3064 1359 sacris
3106 1298 3312 1360 fideles

372 1390 554 1443 testes
593 1383 729 1443 Iesu
767 1377 1007 1443 christu
1050 1382 1109 1442 δι
1142 1376 1451 1440 Ecclesiae
1492 1376 1619 1440 eius
1656 1376 2061 1441 nominantur.
2119 1378 2330 1455 Neque
2369 1376 2621 1440 dubium
2659 1388 2749 1439 est
2787 1376 2931 1454 quin
2970 1379 3186 1440 eodem
3221 1377 3306 1473 pij

376 1460 743 1541 respexerint
756 1506 775 1541 ,
816 1461 955 1521 cum
993 1460 1116 1520 hoc
1152 1460 1296 1521 loco
1332 1476 1460 1520 non
1500 1456 1750 1521 seorsim
1785 1458 1951 1539 apud
1989 1477 2056 1520 se
2092 1457 2336 1539 singuli,
2375 1458 2481 1520 sed
2499 1456 2834 1519 coniunctis
2853 1458 3051 1538 operis
3069 1459 3310 1539 publice

370 1542 435 1605 in
488 1541 758 1603 Ecclesia
808 1540 1245 1621 praedicarent,
1298 1542 1665 1599 consistentes
1717 1549 1857 1599 sunt
1892 1542 2076 1619 pedes
2127 1542 2334 1600 nostri.
2417 1542 2658 1601 Poterat
2693 1538 2939 1617 quidem
2978 1536 3296 1618 separatim

376 1622 629 1703 quisque
667 1620 867 1683 dicere
881 1666 900 1701 ,
962 1618 1369 1683 Consistentes
1408 1629 1548 1681 sunt
1584 1618 1770 1711 pedes
1808 1620 1960 1698 meir,
2011 1618 2134 1683 Sed
2173 1620 2322 1680 haec
2359 1619 2708 1682 communio
2745 1628 3090 1681 sanctorum
3103 1665 3120 1699 ‚
3158 1619 3311 1681 haec

375 1701 805 1765 sanctimoniae
856 1697 1351 1777 communicatio,
1400 1709 1467 1761 vt
1517 1718 1639 1761 suis
1688 1698 2036 1761 auctoribus
2083 1718 2157 1762 ex
2210 1702 2373 1761 facto
2427 1700 2670 1780 prodest
2683 1744 2702 1779 ,
2755 1698 2840 1761 ita
2879 1700 3310 1779 spectatoribus

378 1784 658 1863 exemplo
673 1828 691 1862 ,
729 1783 788 1843 &
826 1780 1199 1843 auditoribus
1231 1780 1635 1842 hortamenta

462 1862 689 1943 Ecquis
742 1862 862 1923 iam
910 1862 1067 1923 adee
1122 1860 1373 1923 demens
1425 1870 1529 1921 aut
1576 1858 1831 1921 furiosus
1883 1868 1974 1920 est
1987 1904 2006 1937 ,
2065 1868 2132 1921 vt
2167 1876 2291 1921 non
2329 1858 2530 1923 videat
2567 1868 2820 1939 quantas
2857 1858 3136 1923 vtilitates
3174 1858 3312 1941 piae

377 1944 513 2006 illae
550 1942 783 2005 animae
824 1941 1087 2003 iucunda
1122 1942 1238 2002 hac
1276 1938 1719 2020 praedicatione
1761 1940 1818 2000 δι
1857 1938 2223 2018 professione
2263 1940 2602 2003 officiorum
2623 1958 2868 2003 suorum
2889 1942 3018 2003 fore
3047 1939 3312 2003 animad-

377 2019 701 2086 uerterint?
755 2022 940 2101 Quod
993 2031 1192 2083 autem
1246 2020 1310 2081 in
1358 2020 1475 2081 inis
1527 2020 1828 2097 videmus,
1882 2018 2069 2099 agite,
2119 2020 2330 2083 demus
2379 2040 2624 2099 operam
2684 2032 2751 2084 vt
2809 2020 2926 2101 ipsi
2966 2038 3209 2115 quoque
3248 2018 3310 2083 in

382 2106 558 2168 nobis
598 2104 920 2165 videamus.
965 2101 1028 2164 Si
1064 2120 1189 2163 non
1229 2100 1501 2164 videmus
1514 2146 1534 2181 ,
1573 2110 1639 2162 vt
1675 2103 1949 2179 profecto
1989 2101 2160 2163 multi
2205 2112 2344 2163 sunt
2361 2102 2548 2165 oculis
2568 2101 2761 2182 capti,
2801 2101 3018 2181 quibus
3033 2120 3313 2182 princeps

378 2187 551 2248 huius
619 2184 827 2246 mundi
870 2186 1079 2245 oculos
1120 2182 1335 2243 mentis
1373 2181 1641 2261 ipsorum
1682 2180 2024 2242 excaecauit
2061 2200 2138 2243 ne
2178 2183 2426 2245 credant
2461 2182 2726 2260 vet-imti,
2780 2182 3012 2245 discant
3051 2181 3136 2244 illi
3175 2184 3312 2245 Deo

376 2265 605 2327 auctori
643 2263 867 2345 gratiae
906 2282 1035 2325 sese
1074 2261 1445 2323 committere
1459 2309 1477 2341 ,
1518 2278 1701 2339 quem
1740 2272 2049 2322 auctorem
2088 2273 2335 2325 naturae
2373 2262 2598 2325 sciunt:
2640 2261 2890 2325 Discant
2927 2263 3310 2343 praelucente

377 2346 644 2409 Domino
689 2365 761 2406 ex
800 2345 985 2405 verbo
1026 2342 1238 2423 ipsius,
1277 2361 1341 2404 se
1382 2340 1481 2402 hic
1518 2342 1577 2404 in
1620 2340 1717 2401 via
1754 2360 1916 2418 esse,
1956 2359 2033 2403 ac
2061 2342 2260 2423 potius
2279 2342 2340 2405 in
2359 2343 2526 2405 biuio
2545 2388 2562 2417 ,
2603 2343 2770 2421 quod
2791 2343 3058 2405 Christus
3077 2345 3311 2423 elegan-

378 2427 599 2490 tissime
648 2425 824 2488 nobis
872 2422 1174 2504 figurauit:
1238 2422 1486 2484 Discant
1532 2421 1691 2484 viam
1742 2439 1895 2500 quae
1946 2424 2062 2485 fert
2109 2425 2186 2487 ad
2238 2426 2488 2487 salutem
2539 2424 2871 2486 Ecclesiam
2921 2445 3082 2502 esse,
3143 2423 3312 2486 cuius

377 2507 673 2569 humilitas
722 2525 868 2567 nom
918 2504 1099 2566 debet
1136 2521 1497 2582 quemquam
1536 2513 1803 2564 auertere
1844 2505 1883 2561 a
1920 2503 2020 2564 via
2055 2505 2255 2567 salutis
2293 2504 2587 2566 ineunda:
2640 2505 2794 2566 Nam
2835 2505 2948 2566 iter
2989 2515 3305 2583 angustum

377 2588 457 2649 ad
510 2589 757 2648 salutern
808 2597 913 2646 est.
966 2585 1180 2644 Matth.
1226 2601 1279 2660 7.
1330 2603 1421 2657 14.
1471 2582 1721 2644 Discant
1758 2581 1873 2642 sibi
1910 2584 2094 2660 pedes
2133 2588 2192 2647 81
2231 2585 2724 2647 commoditatem
2761 2586 2843 2646 ad
2879 2584 3308 2646 instituendum

378 2667 487 2729 iter
524 2665 887 2746 suppeditari
925 2664 1181 2744 gratiose
1218 2667 1257 2725 a
1296 2662 1598 2740 Domino,
1638 2661 1691 2724 si
1726 2664 1915 2723 verbo
1956 2665 2418 2742 promissionum
2450 2663 2576 2726 eius
2607 2663 2996 2728 crediderint:
3037 2664 3314 2744 Discant,

378 2767 453 2810 ex
500 2765 621 2826 quo
674 2745 736 2806 in
790 2744 1061 2807 Ecclesia
1114 2754 1280 2822 sunt,
1336 2743 1601 2804 animum
1652 2743 1710 2802 δι
1749 2742 1903 2803 vires
1942 2743 2056 2806 sibi
2093 2749 2132 2808 a
2171 2747 2306 2808 Deo
2344 2746 2555 2824 inge(f.
2599 2745 2934 2822 701)nerari
2974 2747 3033 2806 81
3073 2743 3276 2824 augeri
3295 2790 3313 2822 ,

378 2832 501 2906 quo
542 2828 659 2888 sint
698 2831 1083 2888 consistentes
1122 2841 1332 2884 eorum
1370 2823 1580 2903 pedes,
1631 2840 1747 2884 nec
1788 2823 2180 2888 aduersarum
2217 2827 2618 2905 procellarum
2657 2824 2884 2904 impetu
2905 2825 3312 2904 deturbentur,

422 2917 555 2969 rout
594 2906 891 2968 Dominus
926 2906 989 2968 in
1030 2903 1299 2966 Ecclesia
1336 2913 1427 2964 est
1464 2901 2004 2986 praesentissimus3
2042 2906 2291 2968 Discant
2329 2904 2588 2984 denique
2629 2905 2960 2967 Ecclesiam
2996 2905 3110 2968 Dei
3131 2903 3312 2966 muris

378 2928 436 3048 gr
474 2987 659 3066 portis
702 2986 987 3048 munitam
1022 3003 1150 3046 esse
1180 3001 1329 3062 quas
1369 2985 1533 3044 Deus
1570 2985 1708 3044 ante
1749 2985 1961 3046 oculos
2000 2985 2190 3064 pictas
2220 2987 2277 3047 δι
2297 2985 2498 3048 manui
2521 2984 2830 3065 inscriptas
2849 2987 3058 3060 habet,
3101 3003 3303 3064 quem-

376 3066 704 3128 admodum
744 3085 851 3143 per
892 3064 1106 3126 Isaiam
1146 3062 1593 3142 pronunciauit,
1633 3074 1698 3124 vt
1736 3073 1866 3124 tum
1906 3063 2166 3144 impetus
2205 3085 2416 3128 omnes
2458 3065 2703 3127 hostiles
2723 3067 2780 3126 δι
2799 3069 2918 3127 tela
2935 3065 3314 3128 aduersantia

378 3149 651 3226 frangant
702 3146 1071 3224 quiescentes
1124 3147 1238 3205 sub
1290 3146 1503 3204 vmbra
1540 3143 1767 3204 alarum
1806 3145 2088 3226 Domini,
2141 3156 2268 3208 tum
2307 3147 2388 3208 ad
2428 3165 2612 3208 omne
2652 3145 2916 3208 officium
2954 3145 3016 3206 in
3055 3145 3276 3224 pietate
3293 3189 3315 3225 ,

376 3227 625 3306 iustitia,
664 3224 939 3303 veritate,
982 3228 1039 3287 &
1078 3223 1365 3285 charitate
1404 3223 1795 3284 adducantur.
1839 3225 1968 3286 Nos
2011 3229 2153 3288 vere
2195 3226 2298 3305 qui
2329 3227 2448 3288 iam
2469 3226 2586 3286 Dei
2603 3226 2896 3288 beneficio
2915 3224 3313 3300 immerentes,

378 3307 577 3386 inuiti,
629 3317 1053 3384 repugnantes,
1108 3305 1189 3365 ad
1237 3303 1385 3364 lucis
1426 3302 1579 3363 illius
1618 3303 1984 3366 admirabilis
2025 3305 2540 3385 participationem
2582 3305 2781 3367 vocati
2821 3323 3056 3383 sumus,
3112 3306 3169 3365 δι
3211 3306 3314 3384 qui

378 3388 491 3448 hac
530 3389 663 3448 luce
702 3386 837 3448 freti
876 3386 1145 3446 videmus
1184 3382 1463 3462 mysteria
1503 3381 1618 3442 Dei
1656 3380 1719 3442 in
1761 3383 2032 3446 Ecclesia
2050 3387 2176 3447 eius
2197 3386 2494 3464 exposita,
2535 3405 2689 3464 quae
2709 3405 2832 3448 non
2854 3385 3016 3448 videt
3037 3385 3314 3465 mundus,

379 3468 436 3527 δι
486 3465 807 3546 spiritalem
857 3469 1113 3526 fructum
1162 3483 1238 3525 ex
1284 3463 1368 3524 eis
1408 3463 1806 3524 communiter
1844 3484 1918 3524 ac
1958 3465 2330 3546 singulariter
2365 3465 2724 3545 percipimus
2764 3466 2824 3528 in
2865 3465 3104 3528 Christo
3144 3467 3278 3527 Iesu
3295 3509 3314 3542 ,

380 3559 603 3625 quanto
658 3545 885 3624 studio,
939 3555 1163 3622 quanta
1212 3542 1529 3622 religione,
1584 3553 1805 3621 quanta
1860 3546 2246 3608 contentione
2286 3545 2518 3625 pietatis
2557 3546 2635 3607 ad
2674 3547 2823 3608 haec
2865 3546 3067 3608 omnia
3105 3564 3312 3624 recog-

380 3627 685 3688 noscenda
722 3625 785 3686 in
828 3625 1125 3702 Domino,
1164 3624 1227 3684 in
1265 3622 1545 3702 ecclesia,
1587 3623 1645 3682 in
1688 3623 1965 3684 fratribus
1985 3625 2228 3702 nostris,
2269 3627 2330 3686 in
2349 3625 2526 3688 nobis
2545 3625 2685 3704 ipsis
2707 3643 2858 3706 opus
2878 3637 2968 3688 est
2989 3623 3316 3687 accurere?

380 3705 483 3785 qui
538 3706 869 3767 Ecclesiam
922 3705 1198 3766 nouimus
1246 3705 1361 3764 Dei
1418 3703 1668 3764 domum
1708 3723 1869 3782 esse,
1916 3704 2022 3781 qui
2061 3707 2314 3768 salutem
2353 3711 2392 3767 a
2431 3707 2567 3766 Deo
2607 3707 2670 3766 in
2715 3705 2984 3768 Ecclesia
3022 3705 3310 3784 quodam-

380 3787 566 3848 modo
605 3785 965 3864 depositam,
1006 3783 1110 3862 qui
1148 3783 1331 3862 pedes
1372 3794 1609 3844 nostros
1650 3782 1857 3844 diuino
1898 3785 2084 3846 ductu
2121 3787 2185 3848 in
2224 3805 2296 3848 ea
2336 3789 2694 3862 collocatos,
2736 3786 2839 3865 qui
2859 3785 3072 3848 eadem
3091 3786 3304 3847 virtute

380 3867 565 3944 pedes
614 3866 841 3928 ibidem
880 3865 1267 3926 consistentes
1306 3863 1576 3924 omnium
1625 3866 2024 3941 procellarum
2062 3867 2352 3944 impetum
2394 3867 2762 3945 proculcare,
2803 3865 2908 3945 qui
2945 3885 3058 3927 nos
3098 3870 3134 3926 a
3175 3867 3310 3926 Deo

378 3945 767 4024 Ecclesiaque
817 3944 1011 4006 curari
1059 3943 1121 4003 in
1174 3944 1358 4021 portis
1414 3942 1567 4002 illius
1606 3960 1787 4020 quam
1827 3943 2200 4024 fidelissime,
2243 3947 2346 4024 qui
2395 3945 2654 4022 denique
2703 3946 2870 4008 omni
2909 3944 3312 4008 benedictioni

378 4024 663 4104 spirituali
702 4025 763 4085 in
800 4024 951 4086 locis
988 4022 1517 4102 supercaelestibus
1554 4021 1614 4081 in
1655 4023 1893 4085 Christo
1934 4044 2046 4086 nos
2087 4028 2480 4104 locupletatos
2513 4045 2641 4086 esse
2655 4072 2673 4104 ,
2715 4045 2838 4104 quo
2861 4044 3044 4103 vsque
3064 4025 3307 4086 tandem

378 4106 659 4185 operibus
696 4104 913 4166 nostris
953 4106 1010 4165 δι
1054 4103 1511 4164 conuersatione
1550 4101 1939 4164 ementiemur
1979 4107 2174 4168 lucem
2209 4105 2444 4168 diuinae
2483 4104 2744 4168 veritatis
2786 4104 2845 4166 in
2885 4106 3105 4167 nostris
3146 4125 3310 4166 men-

378 4185 537 4248 tibus
576 4189 633 4248 &
672 4184 1045 4246 conscientiis
1085 4178 1451 4244 radiantem?
1554 4181 1657 4242 uin
1696 4183 1893 4260 potius
1932 4187 2098 4262 Deo,
2143 4186 2484 4266 Ecclesiae,
2525 4185 2828 4257 fratribus,
2873 4189 2928 4246 &
2973 4185 3310 4263 nobisipsis

379 4265 693 4328 tribuimus
740 4265 985 4344 singulis
1020 4263 1189 4342 quod
1224 4279 1397 4324 suum
1434 4272 1523 4323 est
1617 4263 1747 4324 Iam
1780 4264 1915 4342 plus
1958 4265 2097 4327 satis
2135 4269 2174 4328 a
2205 4269 2339 4328 Deo
2379 4265 2701 4329 auertimus
2743 4278 3004 4344 mentes,
3045 4265 3277 4326 animos
3299 4311 3316 4345 ,

377 4347 434 4406 δι
494 4345 695 4408 officia
748 4343 985 4425 pietatis
1042 4342 1246 4404 omnia
1259 4386 1279 4421 ,
1328 4343 1544 4420 quibus
1599 4361 1713 4404 nos
1767 4341 2088 4406 obstrictos
2128 4365 2258 4409 esse
2300 4345 2524 4410 iamdiu
2563 4347 2700 4408 Deo
2739 4358 2986 4408 auctore
3000 4389 3020 4426 ,
3059 4355 3310 4486 testalnge

3097 4443 3202 4486 ver
3293 4467 3316 4506 ,
