3923 4875
1435 370 1844 414 raANclscx
1900 369 2101 422 Junu
2160 369 2349 411 νιΤΑ.
3262 370 3333 431 25

431 549 526 591 me
541 576 560 609 ,
612 532 668 590 &
730 539 867 589 ante
911 530 1152 590 Curiam
1193 532 1660 622 promulgatum,
1715 540 1778 589 vt
1815 529 2078 608 quisquis
2118 540 2423 589 auctorem
2463 529 2661 591 breuis
2701 528 2870 590 vnius
2910 528 3140 621 scripti,
3180 529 3346 607 quod

431 630 566 671 mea
607 628 788 669 manu
826 621 987 689 erat,
1029 608 1438 689 cognouisset,
1477 609 1763 669 indicium
1803 610 2022 670 faceret
2062 608 2455 687 Magistratui:
2497 611 2553 669 δι
2594 628 2705 687 pro
2744 608 2967 671 indicio
2998 611 3117 669 hoc
3138 610 3347 670 floreni

429 688 706 780 trecenti,
764 655 1175 767 quadringenti
1211 655 1776 766 pronunciabantur.
1831 689 2103 749 Tandem
2140 692 2284 749 vero
2319 708 2431 780 per
2472 690 2876 767 exploratores
2916 690 2973 747 δι
3011 690 3343 750 emissarios

432 767 743 829 consilium
805 768 961 828 istud
1021 779 1420 846 procuratum.
1479 771 1740 831 Venerat
1799 770 1910 828 sub
1972 770 2148 829 finem
2198 768 2335 828 anni
2379 768 2721 829 Ludouicus
2759 770 2979 830 Comes
3022 769 3342 830 Nassauius

431 848 852 927 Antuerpiam,
912 849 969 907 &
1029 849 1105 909 de
1165 848 1432 909 oratione
1489 850 1754 941 quadam
1805 868 1912 940 per
1970 867 2067 909 me
2118 847 2336 925 scripta
2373 849 2453 908 ad
2490 848 2914 927 Hispaniarum
2954 852 3187 926 Regem
3226 869 3337 927 pro

429 929 700 988 libertate
736 892 976 1005 publica
1013 931 1068 989 δι
1106 928 1493 1006 abrogatione
1531 926 1889 1006 Inquisitorij
1930 926 2111 988 edicti
2145 926 2461 989 nobiscum
2503 930 2837 989 clanculum
2878 932 3225 989 contulerat.
3264 930 3338 988 Id

431 1007 713 1085 emissarij
767 1026 944 1068 canes
997 1008 1260 1087 odorati,
1311 1008 1855 1069 commodissimam
1913 1006 2206 1068 rationem
2245 1008 2754 1099 excogitauerunt,
2815 1018 2883 1068 vt
2919 1008 2995 1068 de
3033 1028 3130 1069 me
3170 1013 3333 1069 certe

433 1098 880 1165 cognoscerent.
919 1054 1260 1148 Submissus
1293 1088 1452 1149 enim
1492 1098 1583 1148 est
1621 1087 1862 1165 quidam
1901 1086 2292 1148 Bruxeliensis
2330 1086 2548 1179 pictor,
2600 1089 2701 1164 qui
2735 1053 3000 1148 studium
3038 1087 3335 1166 religionis

431 1185 540 1245 per
579 1167 732 1227 belle
771 1166 1082 1246 simulam,
1121 1167 1348 1228 veniret
1386 1168 1806 1247 Antuerpiam,
1846 1169 1902 1228 ὅτ
1945 1186 2073 1229 sese
2113 1166 2329 1228 nostris
2367 1166 2731 1245 adiungeret.
2772 1166 2893 1227 Hic
2923 1168 3040 1229 suis
3070 1167 3335 1247 partibus

432 1250 612 1324 quam
671 1212 1112 1324 diligentissime
1172 1248 1486 1308 defunctus
1547 1258 1656 1309 est.
1715 1250 1870 1307 Nam
1918 1250 1976 1308 &
2013 1246 2407 1308 conuentibus
2446 1246 2671 1324 aliquot
2708 1266 2807 1307 me
2846 1246 3019 1326 vidit,
3060 1250 3335 1308 obserua-

433 1333 636 1404 ustque
685 1325 986 1404 diligentia
1023 1344 1280 1419 summa,
1337 1330 1392 1388 δι
1432 1326 1678 1405 vestigia
1715 1346 1850 1388 mae.
1885 1334 2009 1387 tam
2044 1330 2315 1387 accurate
2352 1326 2695 1405 insequutus
2732 1338 2853 1406 est,
2892 1338 2959 1387 vt
2996 1328 3074 1387 de
3112 1327 3337 1389 habita-

433 1406 596 1467 tione
629 1424 762 1465 mea
799 1406 1166 1485 cognouerit.
1226 1410 1383 1467 Tum
1421 1407 1620 1485 imago
1662 1426 1794 1467 mea
1832 1424 1940 1485 per
1982 1406 2289 1468 hominem
2328 1404 2495 1467 illum
2522 1408 2821 1468 Bruxellas
2850 1407 2928 1467 ad
2956 1407 3337 1485 Margaritam

434 1486 840 1563 Parmensem,
881 1503 1033 1563 quae
1072 1486 1278 1565 Belgio
1314 1490 1612 1580 praefecta
1651 1498 1803 1564 erat,
1843 1489 1899 1548 &
1937 1485 2017 1546 ad
2054 1484 2366 1547 consilium
2402 1487 2599 1547 delata
2636 1496 2753 1565 est,
2793 1490 2850 1547 δι
2886 1486 3027 1548 inde
3064 1488 3144 1548 ad
3180 1490 3339 1547 Mar-

435 1566 712 1625 ebionem
753 1566 1222 1645 Antuerpianum
1260 1568 1464 1645 missa,
1501 1577 1567 1627 vt
1606 1586 1702 1627 me
1740 1566 2291 1645 comprehenderet.
2329 1569 2451 1627 Res
2484 1566 2749 1627 Praetori
2787 1567 3208 1646 demandatur,
3238 1566 3339 1645 qui

436 1663 560 1705 rem
620 1646 1026 1722 exploraturus
1087 1652 1252 1707 certo
1312 1646 1588 1707 ancillam
1646 1646 1861 1707 domus
1909 1645 1971 1705 in
2016 1663 2133 1723 qua
2174 1646 2516 1707 habitabam
2553 1646 2801 1707 accersit
2836 1647 2916 1707 ad
2954 1666 3049 1707 se.
3090 1665 3229 1706 nam
3272 1666 3344 1707 ea

437 1724 700 1785 Praetori
737 1743 862 1786 non
899 1724 982 1786 ita
1019 1726 1248 1805 pridem
1288 1726 1736 1788 ministrauerat.
1776 1727 1907 1787 Nec
1943 1725 2273 1805 blanditiis,
2313 1746 2427 1786 nec
2466 1726 2983 1819 promissionibus,
3023 1744 3135 1787 nec
3168 1726 3343 1786 minis

437 1824 508 1865 ex
547 1824 618 1865 ea
658 1804 988 1884 expiscatus
1029 1816 1116 1868 est
1155 1806 1496 1883 quicquam.
1556 1809 1842 1867 Facturus
1879 1804 2109 1883 itaque
2119 1807 2285 1884 quod
2322 1805 2381 1865 in
2424 1806 2715 1867 mandatis
2740 1816 3089 1885 acceperat,
3108 1805 3341 1867 veniam

436 1888 473 1945 a
533 1884 794 1945 Consule
853 1887 952 1979 (vt.
992 1884 1309 1978 priuilegiis
1349 1896 1590 1947 cauetur
1625 1886 1768 1962 loci)
1808 1885 2189 1978 consequitur
2228 1886 2307 1946 ad
2347 1886 2593 1947 domum
2635 1886 2781 1947 ciuis
2820 1887 3339 1965 perscrutandam,

439 1970 654 2043 meque
699 1965 860 2042 apud
898 1964 1092 2026 ciuem
1133 1965 1298 2026 illum
1339 1966 1565 2057 quaerit
1602 1966 1707 2027 vbi
1744 1964 2105 2043 hospitabar.
2158 1966 2277 2026 Sed
2316 1975 2708 2027 anteuerterat
2746 1967 3049 2027 hominem
3090 1966 3189 2025 illa
3228 1966 3343 2026 Dei

437 2054 564 2122 opt.
605 2064 761 2105 max.
799 2046 1193 2125 prouidentia,
1234 2044 1379 2106 mihi
1410 2049 1466 2108 &
1505 2066 1643 2107 meo
1683 2044 1902 2124 hospiti
1941 2046 2255 2107 consulens
2283 2045 2798 2123 opportunissime.
2848 2046 3015 2107 Fecit
3044 2046 3236 2127 enim,
3276 2056 3341 2106 vt

437 2143 550 2203 ego
603 2125 952 2185 excederem
1007 2126 1222 2205 domo,
1262 2125 1592 2187 Ecclesiam
1630 2126 1963 2187 Bredanam
1999 2124 2293 2186 inuisums
2306 2169 2324 2203 ,
2363 2135 2499 2186 ante
2539 2126 2905 2187 semihoram
2930 2128 3114 2186 ferme
3154 2130 3337 2203 quam

437 2204 782 2266 aduentaret
818 2207 1065 2267 Praetor
1102 2205 1180 2266 ad
1220 2206 1582 2267 lustrandam
1622 2206 1906 2266 domum:
1945 2203 2210 2298 itemque
2248 2214 2313 2265 vt
2351 2208 2569 2297 hospes
2606 2223 2773 2266 meus
2805 2206 2999 2267 statim
3018 2210 3057 2266 a
3078 2206 3339 2267 discessu

439 2302 575 2345 meo
615 2304 722 2363 per
759 2286 1082 2364 quemdam
1118 2285 1376 2347 amicum
1413 2287 1491 2347 de
1529 2286 1806 2347 vniuerso
1844 2283 2097 2347 consilio
2134 2286 2305 2346 fieret
2345 2286 2589 2363 certior,
2630 2286 2686 2345 δι
2724 2288 2901 2347 rebus
2942 2285 3086 2347 meis
3118 2286 3339 2346 abden-

438 2363 532 2423 dis
591 2374 692 2425 aut
754 2365 1162 2459 deportandis,
1220 2384 1343 2427 non
1403 2365 1530 2427 sine
1590 2364 1934 2427 difficultate
1972 2364 2359 2445 prospiceret.
2415 2367 2619 2443 Quum
2656 2375 2857 2425 autem
2898 2384 3004 2445 per
3045 2368 3341 2426 celebrem

438 2445 598 2506 illam
646 2445 968 2507 nobilitatis
1020 2411 1295 2524 Belgicae
1333 2465 1620 2507 coronam
1659 2447 1892 2508 libellus
1931 2447 2180 2525 supplex
2218 2463 2357 2506 cum
2395 2445 2699 2524 postulatis
2739 2447 2796 2506 δι
2835 2463 3144 2507 causarum
3178 2466 3342 2506 enar-

437 2524 666 2585 ratione
703 2525 781 2586 ad
819 2529 1050 2618 Regem
1087 2525 1407 2587 mittendus
1447 2526 1847 2604 antepaschali
1885 2537 2155 2620 tempore
2194 2528 2429 2588 oblatus
2462 2535 2643 2605 esset,
2674 2535 2803 2586 tum
2823 2526 3123 2618 grauiores
3144 2536 3341 2586 motus

439 2605 796 2698 negotiaque
851 2605 1164 2667 difficilora
1209 2605 1270 2666 in
1309 2605 1436 2666 dies
1477 2609 1692 2668 oborta
1730 2615 1896 2685 sunt,
1936 2605 2154 2686 quibus
2190 2625 2287 2668 me
2325 2605 2531 2666 iactari
2574 2615 2807 2683 praeter
2845 2605 2994 2666 alios
3034 2605 3095 2665 in
3134 2605 3342 2683 Belgio

439 2684 730 2761 oportuit.
773 2705 949 2746 vnam
985 2687 1072 2746 ob
1110 2703 1347 2746 causam
1388 2685 1669 2766 maxime,
1708 2687 1875 2764 quod
1910 2705 2035 2747 non
2076 2705 2265 2747 essem
2304 2685 2597 2764 indigena.
2650 2685 2799 2746 Aliis
2838 2685 2999 2746 enim
3038 2684 3313 2746 fratribus
3327 2730 3346 2762 ,

440 2763 555 2825 Dei
613 2765 795 2827 seruis
855 2769 912 2826 &
971 2765 1254 2826 Ministris
1315 2765 1618 2844 Euangelij
1651 2731 1894 2827 licebat
1949 2765 2129 2827 tutius
2187 2765 2439 2846 versari,
2492 2767 2548 2826 &
2606 2784 2783 2857 agere
2841 2781 3229 2844 quaecunque
3267 2765 3345 2824 ad

441 2843 826 2907 ministerium
875 2861 1112 2906 sacrum
1167 2845 1570 2924 pertinebant,
1621 2846 1728 2906 sed
1779 2845 1840 2906 in
1879 2863 2083 2907 meum
2121 2855 2300 2938 caput
2342 2849 2721 2906 Parmensem
2760 2843 2922 2906 illam
2963 2844 3344 2906 Gubernam‘-

439 2942 574 2984 cem
615 2924 834 3002 scripta
873 2924 1283 2987 antecedentia
1319 2943 1552 3018 semper
1589 2925 1950 3005 excitabant,
1994 2926 2138 2987 dum
2172 2925 2435 3004 priuatae
2474 2925 2797 2986 conciones
2836 2927 3071 2986 fuerunt
3088 2923 3346 2985 habitae.

442 3004 850 3079 Quamobrem
911 3004 1086 3068 etiam
1145 3021 1336 3066 nouus
1394 3005 1455 3066 in
1514 3024 1612 3066 me
1669 3004 1883 3066 Insulis
1933 2971 2276 3081 (Flandriae
2334 3014 2423 3066 est
2474 3003 2721 3083 opidum
2760 3007 3019 3083 celebre)
3064 3014 3347 3066 consutus

442 3082 634 3144 dolus.
675 3086 890 3146 Fuerat
931 3083 1089 3146 enim
1128 3086 1298 3162 plebs
1336 3083 1644 3146 Flandriae
1685 3082 1830 3146 vicis
1869 3084 2315 3178 quamplurimis
2348 3085 2449 3146 diu
2470 3088 2605 3144 ante
2624 3101 2765 3145 ausa
2782 3085 3104 3147 conciones
3124 3086 3343 3145 habere

441 3165 638 3240 palam
681 3165 1008 3256 frequentia
1047 3164 1328 3256 maxima,
1369 3167 1548 3244 quam
1588 3164 1651 3225 in
1691 3164 2011 3226 Brabantia
2050 3167 2247 3243 fieret3
2287 3165 2413 3227 siue
2453 3166 2599 3225 freta
2638 3181 2917 3244 numero,
2956 3166 3081 3226 siue
3120 3167 3344 3225 feruen-

443 3241 602 3304 tibus
639 3243 850 3306 animis
887 3245 964 3304 ad
1004 3242 1327 3306 conciones
1365 3254 1697 3306 accurreret
1731 3264 1856 3306 non
1896 3244 2207 3324 accersita,
2228 3254 2293 3306 vt
2312 3242 2673 3323 Antuerpiae
2690 3261 2876 3324 quoq.
2878 3245 3102 3324 experti
3122 3261 3345 3306 sumus·

441 3324 582 3384 Hac
633 3323 949 3386 occasione
989 3323 1096 3385 ruit
1133 3323 1374 3385 inuenta
1411 3325 1562 3385 ratio
1599 3334 1666 3385 vt
1702 3323 1763 3385 in
1801 3325 2107 3403 publicum
2145 3289 2551 3403 imprudenter
2586 3326 2913 3402 productus
2953 3326 3339 3416 comprehen-

443 3401 632 3463 derer.
694 3404 967 3466 Praeerat
1015 3404 1147 3464 vrbi
1193 3404 1409 3466 nobilis
1448 3402 1692 3483 quidam
1732 3404 1808 3465 de
1847 3405 2284 3499 Rassenguien,
2322 3405 2427 3482 qui
2468 3407 2845 3498 Egmontano
2886 3405 3107 3467 Comiti
3148 3403 3344 3466 minis-

443 3490 716 3545 trauerat.
773 3483 897 3544 Hic
955 3503 1137 3564 agens
1195 3501 1332 3544 cum
1391 3485 1576 3546 altero
1640 3485 1902 3562 quodam
1964 3485 2151 3552 nobili
2208 3483 2269 3546 in
2318 3484 2531 3545 vicinia
2570 3483 2858 3564 versanti,
2900 3486 2998 3546 cui
3036 3483 3343 3546 Caubekio

441 3579 691 3642 nomen,
729 3563 1047 3625 bellissime
1086 3583 1150 3624 se
1185 3565 1338 3625 velle
1376 3563 1614 3625 simulat
1649 3564 1726 3625 de
1765 3563 2051 3644 religione
2084 3575 2283 3626 nostra
2311 3583 2689 3658 cognoscere
2702 3609 2719 3644 ,
2758 3565 3126 3644 colloquium
3145 3563 3347 3624 audire

443 3609 696 3702 Ministri
733 3643 980 3706 alicuius
1022 3661 1161 3704 cum
1200 3661 1309 3704 suo
1347 3643 1724 3736 Sacrificulo,
1769 3644 1848 3704 ad
1876 3645 2181 3706 veritatem
2201 3644 2427 3723 optima
2445 3643 2563 3704 fide
2582 3645 2915 3705 attendere:
2938 3663 3057 3738 qua
3078 3643 3347 3722 cognita,

443 3721 572 3781 sore
609 3731 674 3781 vt
711 3725 873 3784 nulla
911 3723 1288 3801 auctoritate,
1331 3742 1410 3785 ne
1449 3723 1609 3804 regia
1646 3689 1916 3816 quidem,
1956 3725 2037 3784 ab
2070 3743 2146 3785 eo
2176 3725 2429 3786 colenda
2458 3725 2814 3784 abducatur·
2839 3727 2896 3785 δι
2914 3724 3125 3785 similia
3144 3724 3348 3783 multa.

445 3801 566 3860 Hic
618 3803 952 3864 Caubekius
990 3822 1157 3882 spem
1195 3803 1454 3882 aliquam
1492 3805 1569 3865 de
1607 3823 1682 3864 eo
1722 3803 2080 3866 conciciiens
2149 3823 2215 3865 se
2253 3814 2589 3865 curaturum
2629 3771 2905 3881 spondet.
2955 3803 3164 3865 Statim
3202 3819 3349 3862 nun-

445 3880 571 3941 cius
607 3897 744 3943 cum
788 3883 966 3944 literis
1003 3884 1246 3944 aduolat
1284 3882 1702 3975 Antuerpiam3
1745 3902 1819 3945 eo
1860 3883 2029 3962 qued
2068 3851 2337 3945 Bcclesia
2375 3883 2477 3944 illa
2494 3901 2637 3961 prae
2654 3884 2900 3945 caeteris
2918 3881 3346 3946 commoditate

444 3959 852 4023 Ministrorum
915 3965 1217 4025 abundare
1275 3963 1588 4024 videretur.
1646 3965 1738 4023 Re
1795 3963 1858 4023 in
1917 3963 2231 4025 consilium
2288 3963 2466 4026 missa
2479 4009 2497 4044 ,
2556 3962 2859 4024 Ecclesiae
2911 3961 3133 4057 placuit
3170 3971 3235 4022 vt
3272 3966 3345 4022 ee

441 4041 850 4117 proficiscerer
863 4089 879 4122 ,
927 4043 1196 4123 quamuis
1241 4053 1662 4120 praemonente
1702 4061 1800 4104 me
1839 4047 1928 4119 (vt
1966 4043 2185 4120 euenit)
2223 4063 2345 4104 rem
2386 4044 2557 4134 istam
2596 4060 2719 4101 non
2761 4043 2845 4104 sic
2882 4043 3193 4105 abituram.
3252 4043 3345 4101 In-

443 4123 607 4180 terea
647 4123 1127 4202 Rassenguianus
1167 4122 1384 4183 certior
1421 4125 1610 4184 saenis
1651 4122 1852 4184 omnia
1892 4134 2231 4215 comparat3
2270 4126 2326 4185 &
2367 4121 2567 4201 specie
2607 4120 2844 4183 infantis
2879 4141 3059 4202 quem
3090 4121 3348 4184 habebat

445 4199 864 4292 baptizandum
878 4250 897 4282 ,
956 4206 1388 4296 Tornacessem
1436 4203 1801 4296 Episcopum
1853 4203 2103 4264 accersit
2138 4170 2231 4263 ad
2256 4223 2319 4266 se
2334 4249 2352 4281 ,
2402 4211 2466 4263 vt
2506 4219 2580 4263 eo
2618 4203 2920 4264 solennior
2960 4213 3114 4264 esset
3154 4200 3349 4277 dispu-

444 4279 609 4341 tatio.
665 4281 927 4343 Simulac
985 4285 1214 4343 Insulas
1250 4281 1418 4361 veni,
1477 4285 1600 4343 dux
1657 4282 1880 4343 itineris
1936 4302 2035 4343 me
2084 4282 2146 4343 in
2197 4284 2504 4375 quoddam
2546 4282 2929 4360 oenopolium
2971 4282 3134 4344 ducit
3170 4297 3351 4340 causa

448 4356 861 4441 simulationis,
919 4373 1096 4441 prout
1153 4361 1336 4424 exteri
1393 4362 1658 4424 aduenae
1715 4363 1909 4423 solent
1968 4380 2096 4423 sese
2134 4381 2208 4424 ex
2245 4362 2465 4424 itineris
2501 4363 2708 4422 labore
2746 4365 3005 4424 reficere.
3066 4360 3351 4422 Nondum

1886 4461 1925 4514 4
2979 4441 3353 4518 attigeramus
