3923 4875
1408 351 1519 393 DE
1578 349 1800 392 VERA
1860 348 2399 392 THEOLOGIA.
2659 379 2664 386 .
3301 345 3373 418 67

444 507 873 585 communiter3
936 526 1051 567 nec
1114 511 1422 572 euidenter
1480 510 1757 571 nouerint
1772 555 1789 582 ,
1852 520 1914 570 vt
1954 509 2056 586 qui
2097 509 2156 568 in
2195 508 2561 586 temporibus
2601 507 2970 585 ignorantiae
3010 513 3386 580 dissimulatis

444 584 745 648 vixissent:
800 607 913 648 nec
953 586 1211 667 denique
1256 590 1532 653 nouerint
1570 592 1864 668 perfecte,
1907 590 2046 648 cum
2090 591 2256 648 Deus
2297 587 2528 647 dicatur
2571 586 2848 648 omnibus
2888 589 3071 652 vitam
3112 595 3284 672 dare,
3325 601 3380 658 &

442 665 717 746 halitum,
758 671 813 728 δι
854 667 1083 746 omnia,
1124 671 1479 749 fecissetque
1521 689 1595 730 ex
1636 689 1755 730 vno
1796 667 2081 746 sanguine
2120 678 2306 729 totam
2347 678 2586 746 gentem
2627 667 2968 748 hominum,
3011 683 3072 732 vt
3103 675 3379 739 videlicet

439 757 788 824 quaererent
840 747 1201 828 Dominum,
1254 750 1305 811 si
1344 752 1499 812 forte
1538 749 1839 829 palpando
1882 765 2018 809 eum
2060 747 2356 809 inuenturi
2397 757 2620 808 essent:
2663 749 2718 806 ὅτ
2762 757 3026 829 caetera,
3067 771 3219 830 quae
3255 755 3374 817 illic

439 825 780 902 grauissime
840 831 877 886 a
938 829 1127 888 Paulo
1186 831 1525 892 afferuntur.
1588 831 1970 907 Quapropter
2025 827 2248 905 optime
2305 827 2464 888 idem
2507 829 2831 904 Apostolus
2871 831 3122 892 affirmat
3159 837 3374 913 Retegi

434 909 591 965 iram
630 907 758 966 Dei
790 907 819 964 ὲ
858 910 1008 967 coelo
1048 911 1335 971 aduersus
1375 929 1590 970 omnem
1621 912 1960 988 impietatem
1998 909 2074 966 ὣ*
2107 911 2446 968 iniustitiam
2483 909 2774 967 hominum
2795 953 2814 986 ,
2845 917 2909 970 vt
2937 915 3043 988 qui
3059 915 3120 988 (f.
3171 919 3372 994 1393.)

436 988 730 1047 veritatem
780 989 986 1046 iniuste
1024 990 1347 1054 detineant:
1386 994 1659 1069 quoniam
1700 991 1772 1048 id
1799 990 1959 1065 quod
2005 991 2074 1046 de
2111 989 2245 1048 Deo
2286 990 2555 1064 cognosci
2585 995 2773 1064 potest
2799 999 3042 1051 naturae
3084 994 3369 1056 facultate

435 1069 491 1126 &
540 1065 777 1144 ordine,
830 1067 1204 1144 manifestum
1258 1079 1344 1130 est
1376 1073 1437 1130 in
1476 1073 1651 1148 ipsis:
1694 1069 1865 1127 Deus
1906 1071 2052 1127 enim
2093 1088 2215 1126 eum
2257 1069 2629 1144 manifestum
2659 1067 2828 1142 fecit.
2869 1090 3004 1128 nam
3040 1074 3368 1136 inuisibilia

434 1147 617 1222 ipsius
670 1149 787 1205 iam
839 1149 971 1206 inde
1018 1150 1057 1205 ὰ
1099 1153 1323 1210 condeto
1361 1152 1573 1210 mundo
1614 1169 1688 1208 ex
1725 1149 1899 1208 rebus
1928 1149 2122 1222 sactis
2164 1148 2447 1206 intellecta
2473 1150 2891 1228 peruidentur,
2932 1159 3170 1212 aeterna
3210 1157 3364 1216 vide-

434 1226 568 1284 licet
616 1228 737 1285 eius
772 1230 1033 1305 potentia
1085 1238 1255 1307 atque
1306 1233 1615 1305 de'uinitas,
1670 1247 1887 1306 nempe
1939 1227 2245 1287 communi
2298 1226 2401 1286 illo
2442 1246 2518 1286 ex
2555 1226 2696 1306 ipsis
2735 1226 3037 1306 principiis
3085 1245 3332 1294 naturae
3347 1281 3365 1312 ,

436 1307 493 1365 &
540 1307 827 1384 obscuro,
868 1311 921 1368 δι
962 1308 1311 1385 imperfecto
1353 1310 1559 1370 mode.
1596 1312 1770 1369 Rom.
1816 1329 1865 1368 1.
1914 1328 2016 1386 19,
2061 1328 2154 1368 20.
2215 1307 2744 1382 Quemadmodum
2785 1319 2980 1370 autem
3026 1315 3366 1375 communis

434 1385 584 1444 haec
647 1385 1105 1466 principiorum,
1167 1390 1222 1449 δι
1264 1392 1547 1466 obscura,
1588 1391 1643 1448 &
1686 1388 2035 1466 imperfecta
2073 1386 2224 1448 ratio
2266 1386 2322 1446 in
2360 1386 2814 1464 peruestiganda
2854 1407 3048 1450 rerum
3091 1392 3364 1473 veritate,

435 1463 769 1525 diuinarum
828 1467 1111 1547 maxime,
1172 1469 1581 1547 cognoscitur,
1642 1471 1796 1528 adeo
1856 1477 1919 1528 vt
1979 1467 2028 1528 si
2088 1467 2232 1544 quid
2290 1465 2550 1528 veritatis
2611 1468 2687 1527 de
2743 1469 2878 1528 Deo
2918 1489 3026 1547 per
3066 1471 3356 1534 rationem

432 1543 843 1624 inuestigatur,
886 1545 947 1607 id
987 1551 1025 1607 ὲ,
1064 1549 1267 1626 paucis
1308 1552 1561 1626 tantum,
1604 1553 1659 1608 δι
1698 1567 1805 1627 per
1842 1550 2092 1624 longum
2131 1557 2396 1625 tempuS,
2438 1547 2492 1606 ὅτ
2515 1564 2650 1607 cum
2673 1565 2938 1610 errorum
2959 1549 3346 1627 plurimorum

440 1623 685 1684 mistura
724 1625 952 1686 bomini
988 1631 1327 1703 proueniat:
1364 1631 1457 1690 Ita
1496 1627 1671 1690 etiam
1710 1627 1771 1687 in
1812 1645 1885 1687 eo
1926 1627 2051 1687 iure
2083 1625 2537 1704 peruestigando
2559 1625 2809 1705 accidit,
2838 1630 3002 1706 quod
3021 1633 3348 1708 Apostolus

434 1703 659 1764 ibidem
720 1707 787 1763 τὸ
830 1707 1121 1784 δικαίωμα
1161 1715 1267 1770 τοῦ
1306 1715 1449 1770 θεοῦ
1490 1707 1827 1786 appellauit.
1888 1709 2044 1766 Nam
2085 1706 2209 1766 siue
2251 1705 2340 1765 ius
2380 1706 2932 1784 ordinationemque
2970 1709 3230 1771 diuinam
3272 1713 3349 1774 de

436 1782 715 1846 omnibus
776 1786 950 1846 rebus
1008 1786 1067 1845 in
1128 1807 1191 1850 se
1243 1794 1297 1849 &
1338 1787 1489 1848 inter
1528 1808 1592 1849 se
1632 1791 1847 1849 factam
1887 1785 2340 1864 contempleris,
2381 1785 2506 1846 siue
2546 1786 2634 1846 ius
2676 1789 2901 1848 morale
2939 1791 3018 1848 ad
3055 1803 3353 1854 creaturas

437 1863 735 1941 pertinens
754 1909 771 1942 ,
835 1881 981 1942 quas
1034 1867 1171 1928 fecit
1222 1869 1301 1928 ad
1340 1885 1506 1928 suam
1547 1867 1898 1946 imaginem,
1936 1864 2083 1926 nihil
2123 1877 2212 1926 est
2251 1865 2530 1943 omnino,
2571 1867 2737 1943 quod
2777 1887 2900 1928 non
2937 1868 3107 1930 facile
3148 1873 3354 1934 eadem
3445 1893 3458 1908 ·

434 1943 659 2004 ratione
699 1943 895 2005 euinci
932 1946 1119 2022 possit
1157 1947 1322 2008 istius
1362 1947 1751 2008 incommodi.
1805 1948 2188 2023 Quapropter
2230 1944 2507 2006 omnibus
2547 1945 2817 2024 expensis
2857 1948 3082 2025 optime
3123 1954 3362 2012 conclu-

436 2021 630 2084 dimus
647 2070 665 2101 ,
705 2043 817 2084 nec
860 2026 1285 2102 perfectionem
1324 2027 1415 2088 his
1456 2026 1757 2105 principiis
1796 2027 1851 2086 &
1892 2025 2237 2086 notionibus
2271 2025 2460 2086 inesse
2480 2045 2759 2106 capacem
2782 2044 2978 2088 rerum
2999 2029 3326 2092 diuinarum
3345 2077 3364 2110 ,

433 2122 545 2164 nec
606 2103 970 2166 habilitatem
1031 2118 1133 2168 aut
1170 2107 1497 2184 potentiam
1538 2110 1714 2167 vllam
1756 2109 1877 2166 vllo
1920 2107 2106 2168 modo
2122 2151 2140 2182 ‚
2179 2107 2258 2165 ad
2295 2105 2850 2184 peruestigationern
2890 2123 3088 2170 rerum
3124 2111 3354 2172 illarum

432 2180 869 2261 suscipiendam
885 2230 904 2263 ,
963 2186 1071 2246 sed
1110 2207 1239 2248 eam
1281 2205 1525 2248 necesse
1565 2188 1785 2247 habere
1822 2187 1998 2264 plane
2013 2231 2030 2264 ,
2069 2195 2132 2245 vt
2170 2189 2206 2244 a
2246 2186 2672 2263 supernaturali
2709 2185 2922 2264 gratia,
2963 2198 3091 2249 tum
3128 2193 3351 2268 perfec-

432 2261 658 2323 tionem
700 2264 978 2342 suscipiat
1021 2265 1097 2342 (si
1137 2285 1317 2344 quam
1368 2279 1711 2344 susceptura
1750 2270 1861 2343 est)
1902 2279 2028 2326 tum
2068 2265 2396 2342 potentiam
2441 2267 2708 2339 δεκτικήν
2725 2311 2740 2342 ,
2773 2265 2834 2326 id
2867 2277 2987 2345 est,
3031 2279 3228 2346 aptam
3271 2270 3349 2331 ad

430 2341 868 2420 suscipiendam
918 2347 1348 2422 perfectionem
1391 2347 1571 2406 illius:
1612 2363 1799 2423 vsque
1840 2347 1995 2406 adeo
2036 2345 2235 2424 inepta
2276 2355 2363 2407 est
2403 2344 2580 2404 totius
2620 2344 2794 2406 huius
2835 2357 3078 2408 naturae
3115 2360 3352 2410 nostrae

432 2422 590 2485 acies
628 2424 708 2484 ad
754 2425 1119 2503 peruidenda
1160 2429 1215 2489 &
1255 2425 1637 2506 percipienda
1677 2447 1774 2505 ea,
1817 2444 1972 2503 quae
2011 2444 2186 2503 supra
2225 2437 2496 2485 naturam
2535 2435 2671 2485 sunt
2707 2429 2746 2485 a
2784 2427 2919 2488 Deo
2959 2428 3170 2507 posita.

513 2502 787 2565 Diximus
845 2506 922 2565 de
984 2507 1304 2589 principiis.
1366 2512 1493 2569 Iam
1552 2509 1627 2569 de
1689 2518 1899 2567 natura
1950 2506 2080 2585 ipsa
2118 2516 2274 2584 tota,
2311 2506 2372 2567 in
2412 2522 2529 2582 qua
2545 2550 2562 2582 ,
2601 2507 2762 2565 velut
2798 2505 2858 2583 in
2899 2508 3166 2572 subiecto
3207 2526 3317 2570 suo
3333 2554 3352 2587 ,

430 2582 773 2660 ingenerata
814 2596 951 2647 sunt
990 2587 1277 2666 principia
1306 2587 1449 2666 ista,
1485 2587 1807 2649 videamuS.
1848 2588 2110 2647 Naturae
2144 2584 2317 2663 igitur
2349 2594 2617 2662 nostrae,
2647 2584 2706 2645 in
2727 2604 2846 2663 qua
2861 2586 3154 2668 principia
3175 2591 3352 2667 haec,

428 2667 483 2724 &
522 2662 797 2725 notiones
836 2684 1185 2728 communes
1224 2668 1449 2745 insunt,
1491 2666 1641 2728 ratio
1680 2668 1897 2744 duplex
1936 2676 2027 2727 est
2065 2670 2104 2725 a
2142 2665 2320 2725 nobis
2361 2666 2756 2726 obseruanda.
2795 2668 2952 2727 Nam
2992 2678 3094 2729 aut
3136 2686 3350 2729 secun-

424 2742 571 2802 dum
630 2762 693 2803 se
754 2744 1159 2809 consideratur
1210 2760 1419 2810 natura
1456 2748 1636 2825 haec,
1676 2756 1852 2824 prout
1888 2750 1925 2806 a
1967 2748 2102 2805 Deo
2141 2756 2342 2806 creata
2382 2744 2514 2817 fuit,
2558 2755 2659 2804 aut
2699 2748 3028 2809 secundum
3070 2747 3348 2809 accidens

424 2821 509 2882 illi
590 2834 859 2885 eccatum
900 2826 955 2885 δι
994 2828 1439 2906 corruptionem
1479 2837 1906 2903 consequutam
1948 2846 2020 2887 ex
2059 2824 2388 2903 primorum
2427 2833 2740 2901 parentum
2777 2826 2964 2903 lapsu.
3006 2830 3100 2889 De
3144 2828 3346 2906 priore

421 2922 524 2963 mo
569 2922 608 2963 o
670 2904 724 2963 δι
784 2904 1125 2969 conditione
1182 2918 1429 2969 naturae
1489 2906 1871 2986 primigeniae
1925 2916 2192 2983 nostrae,
2247 2902 2790 2983 principiorumque
2845 2906 3164 2969 inditorum
3207 2906 3351 2987 ipsi,

421 2981 730 3045 statuimus
768 2984 829 3045 in
868 2986 1027 3047 hunc
1046 2988 1316 3049 modum.
1344 2990 1407 3046 T
1397 2988 1517 3049 lies.
1564 3005 1655 3063 17.
1700 2988 1875 3047 Haec
1915 2988 2162 3045 conditio
2191 2984 2327 3063 suit
2351 2986 2702 3060 Theologiae
2725 2988 3021 3047 naturalis
3041 2991 3101 3047 in
3123 2990 3354 3048 Adamo

420 3071 643 3122 natura
682 3066 918 3139 interra
934 3110 953 3144 ,
988 3088 1161 3144 quam
1202 3086 1275 3127 ex
1298 3069 1611 3145 principiis
1648 3068 2036 3127 communibus
2053 3110 2072 3143 ,
2105 3066 2365 3125 obscuris
2387 3110 2403 3156 ,
2425 3066 2502 3125 ἐφ’
2521 3066 2870 3142 imperfectis
2899 3070 3014 3126 coli
3043 3069 3119 3127 ἐν·
3140 3070 3354 3144 augeri

423 3145 868 3204 ratiocinatione
918 3148 1240 3237 oportebat,
1296 3149 1373 3209 ἐφ’
1413 3150 1629 3223 gratia
1653 3148 1891 3224 perfici.
1950 3148 2093 3206 Non
2131 3162 2260 3205 sum
2301 3144 2544 3221 quldem
2582 3144 2812 3206 nescius
2852 3145 2913 3206 id
2955 3164 3184 3209 nouum
3225 3166 3352 3225 per·

422 3222 623 3283 multis
672 3226 727 3285 &
765 3222 1093 3287 inauditum
1132 3226 1319 3289 videri
1358 3227 1523 3303 quod
1562 3226 1747 3289 modo
1791 3225 2076 3305 dicimus3
2117 3234 2389 3285 naturam
2429 3223 2718 3302 integram
2735 3270 2751 3303 ,
2791 3236 2968 3303 prout
3006 3228 3068 3287 in
3107 3228 3348 3288 Adamo

424 3306 461 3362 a
500 3301 802 3364 creatione
841 3304 977 3377 fuit,
1018 3306 1109 3366 his
1150 3306 1319 3398 quasi
1358 3306 1573 3367 finibus
1609 3306 1978 3383 Theologiae
2000 3322 2140 3366 suae
2161 3304 2337 3365 fuisse
2361 3304 2722 3384 praeditam,
2756 3323 2868 3366 nec
2886 3307 3124 3369 vlterius
3147 3324 3354 3369 secun·

425 3382 569 3443 dum
606 3393 877 3445 naturam
918 3404 1297 3462 processisse.
1336 3397 1743 3447 verumtamen
1785 3384 2056 3446 desinent
2095 3384 2326 3460 mirari,
2365 3384 2628 3461 (opinor)
2649 3384 3008 3465 quicumque
3025 3390 3178 3449 haec
3199 3388 3320 3449 duo
3336 3432 3354 3465 .,

430 3478 585 3539 quae
636 3462 755 3523 iam
796 3464 1009 3525 dicturi
1049 3484 1278 3545 sumus,
1321 3467 1531 3527 eadem
1572 3485 1753 3544 opera
1793 3464 2198 3543 expenderint.
2257 3467 2460 3525 Vnum
2502 3475 2622 3539 est,
2664 3483 2739 3525 eo
2781 3465 2912 3544 ipso
2955 3470 3119 3545 quod
3159 3468 3354 3528 Theo-

439 3540 601 3620 logia
636 3544 915 3605 naturalis
954 3544 1167 3607 dicitur
1180 3592 1197 3625 ,
1236 3546 1472 3607 excludi
1510 3546 2012 3625 supernaturalem
2055 3544 2396 3623 sapientiam
2411 3590 2429 3623 ,
2470 3546 2631 3605 velut
2667 3554 2799 3606 toto
2837 3566 3054 3624 genere
3086 3548 3355 3610 differen-

439 3632 590 3683 tem:
650 3642 764 3685 nec
824 3643 1001 3701 posue
1040 3629 1286 3689 alteram
1325 3622 1613 3687 confundi
1653 3642 1792 3686 cum
1831 3626 2046 3703 altera,
2087 3624 2230 3703 quin
2271 3634 2555 3686 statuatur
2595 3625 2936 3703 oppositum
2977 3628 3037 3687 in
3075 3627 3355 3706 opposito

441 3707 530 3777 (vt
587 3703 935 3763 Scholastici
972 3709 1316 3783 loquuntur)
1357 3710 1411 3767 δι
1451 3704 1923 3767 manifestissima
1961 3705 2217 3766 duorum
2258 3706 2662 3765 membrorum
2705 3705 2857 3766 inter
2896 3726 2958 3767 se
2997 3706 3354 3768 contractio:

441 3784 608 3860 quod
668 3784 745 3845 ab
804 3784 970 3845 omni
1010 3786 1253 3847 scientia
1290 3796 1380 3848 est
1418 3784 1857 3847 alienissimum.
1919 3786 2191 3845 Alterum
2231 3794 2346 3861 est,
2384 3802 2508 3844 non
2545 3790 2860 3863 propterea
2901 3786 3029 3846 tolli
3067 3786 3354 3847 rationem

440 3860 815 3943 incrementi,
864 3864 1031 3941 quod
1067 3868 1251 3928 homo
1298 3876 1509 3928 natura
1547 3867 1774 3944 integra
1814 3884 1887 3925 ex
1926 3863 2230 3944 principiis
2271 3862 2474 3925 suisset
2513 3875 2926 3941 assequuturus
2943 3912 2959 3945 ,
2999 3866 3199 3928 donec
3229 3885 3358 3943 per-

440 3944 712 4003 ficeretur
772 3946 1198 4023 supernaturali
1249 3947 1467 4027 gratia3
1508 3950 1564 4007 δι
1604 3947 1684 4006 ad
1728 3944 2022 4024 fastigium
2061 3944 2216 4005 illius
2257 3954 2495 4005 euectus
2537 3955 2711 4005 esset.
2771 3946 2924 4005 Nam
2972 3948 3112 4008 cum
3155 3956 3364 4007 natura

441 4022 700 4083 hominis
738 4022 821 4085 ita
856 4036 1203 4104 comparata
1240 4026 1347 4105 sit,
1384 4036 1449 4088 vt
1484 4024 1773 4105 principia
1810 4024 2054 4103 quidem
2090 4023 2156 4085 -in
2195 4044 2259 4085 se
2297 4025 2551 4101 habeat,
2591 4042 2970 4102 progressum
3010 4034 3153 4086 vero
3185 4024 3362 4087 ratio-

438 4102 739 4163 cinatione
777 4106 835 4163 &
874 4105 1071 4167 studio
1110 4117 1483 4186 assequatur,
1524 4108 1721 4169 donec
1757 4105 1838 4165 ad
1876 4104 2090 4166 iustam
2129 4103 2434 4165 scientiam
2463 4104 2828 4184 peruenerit3
2861 4106 3086 4167 nemini
3114 4104 3362 4167 dubium

439 4202 569 4243 esse
606 4194 833 4261 potest,
874 4185 1015 4261 quin
1058 4186 1394 4248 communis
1432 4186 1611 4248 etiam
1651 4186 1712 4246 in
1752 4186 1990 4246 Adamo
2032 4183 2208 4245 fuerit
2244 4194 2488 4243 naturae
2528 4182 2708 4259 ratio;
2754 4186 2810 4244 &
2830 4184 2888 4245 in
2911 4187 3160 4264 posteris
3179 4185 3363 4265 ipsius

440 4260 645 4323 suisset
706 4266 931 4343 futura,
982 4265 1032 4327 si
1082 4266 1141 4326 in
1182 4266 1281 4327 illa
1319 4266 1649 4347 integritate
1686 4264 2038 4345 primigenia
2077 4263 2190 4325 sibi
2229 4262 2645 4325 constitissent.
2706 4264 2939 4326 Habuit
2979 4286 3122 4346 ergo
3163 4268 3361 4327 Adam

441 4342 735 4421 principia
784 4342 1127 4425 incorrupta
1140 4392 1158 4427 ,
1199 4357 1379 4425 prout
1416 4358 1659 4409 naturae
1701 4354 1871 4407 sunt:
1910 4354 2037 4406 tum
2079 4364 2154 4406 ex
2192 4344 2408 4406 horum
2447 4342 2871 4423 principiorum
2915 4368 2933 4405 (
2954 4366 3052 4408 um
3091 4349 3268 4438 rebus
3308 4350 3363 4438 ᾇ

3183 4446 3362 4505 signis
