3923 4875
1328 382 1652 426 ran-‚sss
1712 363 2370 427 Theonoercas.
3182 384 3298 447 3²3

473 564 524 623 7.
605 544 822 607 Libere
860 543 1094 625 disponi
1133 542 1382 606 dicimus
1396 592 1412 623 ,
1454 543 1592 623 quia
1631 544 1796 605 Deus
1833 562 2072 637 prorsus
2114 544 2275 605 nulla
2315 562 2379 606 re
2415 546 2511 605 vel
2546 544 2749 607 caussa
2790 544 2932 609 foris
2952 547 3307 611 adueniente

384 626 620 704 cogitur
657 637 760 686 aut
796 624 1114 704 impellitur
1153 624 1228 685 ad
1271 628 1450 686 talem
1490 643 1686 685 rerum
1728 623 2185 685 ordlnationem.

469 712 524 767 8.
605 709 915 785 Potenter,
976 703 1115 783 quia
1167 706 1333 765 nullo
1387 704 1442 766 ei
1479 706 1719 783 labore,
1759 716 1862 765 aut
1903 704 2035 765 nisu
2076 716 2165 765 est
2202 723 2382 783 opus,
2428 716 2489 765 vt
2530 706 2897 767 voluntatem
2940 722 3107 768 suam
3147 727 3307 769 exse·

387 798 620 881 quatur,
678 786 783 847 sed
841 784 1070 864 omnia,
1129 802 1282 877 quae
1319 787 1470 864 vult,
1513 786 1566 845 δι
1607 784 1780 847 sicuti
1818 784 1969 865 vult,
2010 786 2232 863 absque
2274 784 2394 845 vllo
2434 784 2677 864 negotio
2716 786 2869 867 agit,
2913 805 3107 865 neque
3149 789 3308 851 actio

387 885 514 929 eius
553 865 826 945 impediri
865 876 964 926 aut
1005 865 1290 926 coneltari
1331 864 1448 925 vlla
1488 866 1620 945 lege
1663 874 1877 943 potest.

473 966 530 1039 9.
609 948 799 1024 Bene,
860 944 999 1024 quia
1057 945 1251 1006 bonus
1314 946 1467 1006 bene
1507 964 1742 1024 semper
1780 943 1931 1023 agit,
1973 955 2099 1005 tum
2139 960 2380 1023 quoque
2422 957 2559 1006 cum
2599 955 2852 1024 peccant
2887 945 3310 1030 instrumenta,

385 1029 603 1107 quibus
644 1026 721 1086 ad
765 1025 960 1104 operis
1000 1024 1090 1085 sui
1129 1024 1618 1103 exsequutionem
1662 1024 1716 1086 ei
1757 1023 1948 1086 visum
1990 1035 2080 1085 est
2116 1024 2218 1085 vti.
2712 1098 2719 1107 ,

478 1127 565 1167 10.
643 1104 1024 1168 Ptouidentia
1080 1106 1227 1166 haec
1284 1106 1344 1165 in
1406 1106 1803 1167 Communem
1862 1108 1918 1167 &
1978 1104 2345 1184 Singulareni
2402 1123 2477 1166 ex
2512 1104 2664 1166 thesi
2704 1105 2899 1186 sexta,
2939 1104 3199 1185 itemque
3241 1108 3301 1170 in

387 1186 774 1265 Generalem,
817 1187 873 1246 δι
913 1185 1242 1264 Specialem
1281 1190 1443 1247 recte
1485 1184 1785 1247 diuiditur.
3010 1189 3029 1206 ⁹

479 1286 504 1325 1
519 1288 567 1332 1.
649 1265 956 1327 Generalis
996 1285 1066 1326 ea
1104 1265 1403 1346 statuitur,
1444 1265 1562 1344 qua
1603 1266 1892 1327 mundum
1925 1264 2294 1343 vniuersum,
2324 1259 2387 1325 id
2408 1274 2495 1326 est
2515 1263 2717 1325 omnia
2735 1280 2887 1343 quae
2908 1283 3086 1345 supra
3108 1271 3306 1331 caelos

387 1357 551 1424 sunt,
593 1349 649 1408 &
690 1363 844 1425 quae
883 1344 1031 1407 caeli
1069 1354 1377 1424 terraeque
1415 1345 1641 1408 ambitu
1681 1344 2075 1431 continentur,
2114 1342 2264 1423 regit
2302 1355 2479 1425 atque
2522 1345 2885 1407 moderatur.

480 1446 568 1487 12.
649 1424 926 1505 Specialis
966 1424 1082 1504 qua
1121 1426 1448 1487 humanum
1485 1443 1704 1505 genus,
1744 1424 2075 1486 Ecclesiam
2114 1435 2312 1486 autem
2346 1440 2515 1485 suam
2534 1424 2926 1507 peculiariter,
2954 1428 3011 1487 δι
3030 1426 3309 1509 singulari

392 1508 655 1586 quodam
694 1505 916 1584 gratiae
958 1505 1222 1566 salutaris
1265 1506 1449 1567 modo
1489 1506 1733 1568 sustinet
1773 1526 1846 1567 ac
1884 1506 2196 1585 gubernat.

481 1606 570 1665 13.
651 1588 870 1646 Modus
909 1590 1091 1663 porre
1131 1586 1348 1664 agendi
1384 1584 1446 1647 in
1483 1586 1916 1664 gubernatione
1955 1603 2152 1647 rerum
2192 1583 2276 1645 ita
2313 1582 2743 1665 consideratur,
2774 1594 2840 1646 vt
2874 1584 3017 1647 alias
3036 1586 3110 1649 sit
3134 1586 3307 1649 Ordi-

391 1665 587 1729 narius
601 1712 619 1746 ,
660 1664 800 1726 alias
838 1664 1368 1727 Extraordinarius.

479 1766 568 1822 14.
647 1744 994 1807 Ordinarius
1055 1757 1169 1825 est,
1211 1747 1452 1823 quando
1492 1754 1620 1806 tum
1661 1764 1769 1825 per
1808 1766 1899 1824 se,
1938 1744 2079 1824 quia
2118 1753 2206 1806 est
2244 1742 2597 1823 principium
2638 1760 2957 1805 commune
3008 1744 3308 1827 omnium,

391 1836 518 1887 turn
557 1846 662 1906 per
703 1825 897 1887 media
936 1825 1059 1887 siue
1099 1842 1336 1886 caussas
1377 1826 1666 1887 secundas
1707 1828 1744 1887 a
1783 1844 1847 1887 se
1886 1824 2219 1901 ordinataS,
2262 1825 2506 1885 effectus
2544 1824 2678 1885 illos
2717 1823 3025 1905 producit,
3057 1826 3135 1887 ad
3154 1846 3305 1905 quos

392 1918 677 1968 consueto
741 1918 982 1967 naturae
1042 1905 1251 1967 ordine
1310 1915 1445 1967 sunt
1508 1906 1761 1967 idoneae
1774 1951 1793 1986 ,
1852 1914 2031 1984 atque
2090 1907 2127 1966 a
2166 1905 2303 1965 Deo
2343 1906 2553 1966 factae.
2612 1904 2887 1983 Exempli
2930 1906 3136 1968 caussa
3150 1952 3167 1983 ,
3210 1919 3273 1970 vt
3286 1954 3303 1981 ,

391 2006 516 2047 cum
552 1996 663 2065 per
699 1989 976 2048 alimenta
1014 1988 1191 2047 vitam
1231 1986 1384 2045 hahc
1425 1995 1686 2047 nostram
1728 1992 2029 2065 sustentat,
2053 1994 2178 2065 per
2214 1986 2623 2045 medicamenta
2660 1984 2893 2045 morbos
2914 1986 3158 2065 depellit,
3180 1990 3305 2051 &a

480 2084 570 2145 15.
651 2065 1161 2127 Extraordinarius
1204 2075 1310 2143 est,
1350 2083 1487 2125 eum
1529 2076 1761 2144 praeter
1797 2082 2179 2126 communem
2218 2074 2459 2125 naturae
2499 2066 2723 2144 Legem
2738 2110 2755 2143 ,
2788 2062 2915 2127 sine
2935 2066 3143 2128 mediis
3164 2086 3306 2129 con-

392 2154 602 2239 traque
661 2144 888 2225 media,
947 2146 1002 2206 δι
1049 2164 1431 2207 communem
1469 2146 1634 2207 illum
1676 2145 1944 2207 ordinem
1984 2148 2021 2205 a
2060 2164 2123 2207 se
2162 2144 2488 2205 institutum
2506 2191 2524 2226 ,
2564 2161 2803 2207 caussas
2840 2146 3129 2209 secundas
3168 2151 3205 2209 a
3245 2168 3310 2210 se

393 2228 693 2287 ordmatas
732 2227 1025 2305 gubernat
1065 2228 1120 2287 ἃ
1160 2225 1375 2306 dirigit.

476 2310 569 2369 16.
647 2308 859 2383 Neque
897 2306 1054 2367 enim
1095 2306 1174 2366 ad
1214 2317 1286 2366 ea
1325 2322 1478 2384 quae
1517 2321 1624 2384 per
1664 2320 1771 2367 sua
1809 2304 2005 2366 media
2048 2302 2345 2366 ordinarie
2383 2306 2532 2365 fiunt
2569 2304 2836 2398 alligatus
2872 2312 2961 2365 est
2980 2306 3172 2385 Deus,
3202 2310 3307 2369 sed

391 2386 473 2449 ita
533 2404 875 2449 caussarum
925 2386 1316 2448 secundarum
1357 2384 1677 2447 ministerio
1719 2384 1926 2466 vtitur,
1968 2394 2029 2446 vt
2070 2384 2249 2446 etiam
2289 2382 2485 2466 aliter,
2526 2386 2582 2448 δι
2621 2386 2737 2446 allo
2776 2382 2963 2446 modo
3002 2404 3207 2466 agere,
3250 2392 3306 2451 δι

392 2467 655 2530 actiones
694 2467 952 2546 ipsarum
965 2513 984 2548 ,
1023 2467 1526 2545 quandocumque
1560 2465 1672 2544 ipsi
1711 2465 1899 2527 visum
1915 2511 1934 2546 ,
1974 2465 2239 2526 inhibere
2278 2463 2479 2543 possit.

480 2566 568 2625 17.
649 2549 908 2608 Rursum
948 2545 1120 2608 huius
1159 2547 1566 2625 prouidentiae
1604 2546 1819 2608 modus
1858 2555 1960 2606 aut
1995 2546 2380 2607 Immediatus
2419 2555 2535 2622 est,
2576 2553 2679 2606 aut
2716 2542 3031 2606 Mediatus.
3092 2547 3304 2609 Imme-

395 2628 619 2708 diatus,
659 2645 797 2688 cum
837 2629 1001 2687 Deus
1041 2628 1202 2688 solus
1240 2626 1388 2706 agit,
1425 2635 1491 2686 vt
1529 2637 1618 2686 est
1648 2626 2001 2704 principium
2035 2625 2227 2687 omnis
2260 2624 2408 2686 boni
2438 2625 2499 2685 in
2532 2623 2772 2686 natm-a:
2813 2625 3110 2687 Mediatus
3130 2632 3271 2690 vere
3288 2673 3307 2708 ,

392 2725 578 2786 quum
617 2707 738 2786 agit
771 2726 884 2800 per
923 2725 1016 2768 res
1056 2717 1311 2786 creatas,
1357 2717 1415 2766 vt
1455 2705 1653 2767 media
1671 2705 2107 2767 'Ptouidentiae
2144 2705 2329 2784 ipsius
2368 2703 2747 2767 subiacentia.

481 2792 572 2849 18.
651 2787 910 2848 Proinde
949 2785 1274 2848 secundum
1313 2785 1604 2847 internam
1643 2785 1804 2846 illam
1843 2793 2203 2864 aeternamq.
2245 2785 2535 2847 rationem
2574 2801 2726 2864 opus
2764 2784 3177 2847 Prouidentiae
3197 2785 3301 2848 im·

395 2867 715 2928 mediatum
735 2877 851 2928 est:
887 2867 1212 2927 secundum
1233 2865 1720 2944 exsequutionem
1741 2868 1882 2926 vere
1899 2864 2073 2944 illius,
2093 2865 2418 2926 mediatum
2438 2865 2920 2926 &immediatum
2942 2884 3069 2926 esse
3089 2876 3306 2943 potest.

481 2968 569 3026 19.
649 2949 738 3008 Ea
793 2952 933 3008 vere
986 2945 1100 3007 Dei
1156 2945 1314 3006 actio
1369 2961 1522 3024 quae
1577 2965 1687 3024 per
1739 2946 1934 3006 media
1976 2947 2067 3017 fit,
2109 2945 2405 3006 interdum
2449 2965 2555 3024 per
2594 2945 2790 3037 bona,
2827 2943 3123 3006 interdum
3162 2951 3305 3010 vere

392 3046 498 3105 per
536 3038 814 3106 corrupta
852 3028 908 3087 δι
948 3026 1157 3087 vitiosa
1195 3025 1582 3087 instrumenta
1619 3024 1943 3104 peragitur:
1985 3042 2363 3105 nequaquam
2403 3035 2601 3086 tamen
2636 3044 2823 3104 magis
2857 3024 3125 3086 minusve
3148 3027 3308 3088 bona

393 3107 780 3168 existimanda
819 3118 935 3185 est,
977 3108 1084 3167 sed
1123 3107 1557 3198 qualecumque·
1595 3105 1670 3166 sit
1708 3121 1997 3184 organum
2010 3149 2029 3184 ,
2067 3105 2185 3168 Dei
2222 3121 2375 3184 opus
2414 3104 2477 3166 in
2516 3105 2619 3168 illo
2663 3107 2720 3166 δε
2740 3123 2848 3184 per
2866 3103 3013 3166 illud
3026 3151 3043 3184 ,
3076 3119 3311 3186 semper

393 3187 684 3266 optimum
701 3233 718 3266 ,
757 3185 1130 3248 iustissimum
1145 3233 1162 3265 ,
1203 3189 1259 3246 δι
1300 3185 1728 3247 sancussimum
1767 3187 2238 3265 agnoscendum.

476 3287 571 3329 20.
651 3269 790 3328 Non
851 3266 1009 3328 enim
1065 3267 1146 3326 ab
1202 3265 1590 3345 instrumenti,
1632 3266 1739 3328 sed
1777 3267 1856 3327 ab
1893 3265 2077 3344 ipsius
2114 3265 2231 3326 Dei
2269 3264 2537 3326 bonitate
2552 3309 2569 3344 ,
2610 3263 2924 3345 sapientia,
2962 3265 3179 3327 iustitia
3193 3311 3211 3347 ,
3252 3269 3308 3328 &

394 3347 777 3438 rectitudine,
817 3346 1052 3408 bonitas
1093 3345 1433 3407 diuinorum
1473 3363 1721 3425 operum
1762 3343 2001 3425 pendet.
2126 3347 2137 3358 “

477 3449 508 3488 2
521 3448 572 3488 1.
652 3429 776 3488 Ets1
817 3436 1014 3487 autem
1053 3427 1202 3486 haec
1240 3425 1354 3486 Dei
1398 3425 1774 3487 Prouidentia
1813 3425 2061 3486 omnino
2101 3424 2483 3486 im1nutabilis
2524 3435 2643 3504 est,
2684 3433 2885 3486 tamen
2924 3427 3146 3486 nullam
3170 3425 3311 3487 sim-

395 3507 625 3587 pliciter
686 3507 860 3568 rebus
921 3503 1173 3586 imponit
1229 3505 1671 3586 necessitatem,
1731 3504 1876 3585 quin
1937 3503 2181 3586 quaeuis
2240 3521 2419 3566 causa
2474 3505 2734 3566 secunda
2796 3523 2905 3583 pro
2957 3505 3063 3566 sua
3102 3500 3312 3566 natura

394 3597 698 3666 operetur3
756 3595 948 3664 eoque
1005 3586 1153 3647 aliae
1191 3585 1525 3648 necessarie
1545 3633 1564 3662 ,
1604 3585 1751 3647 aliae
1791 3586 2203 3664 contingenter
2240 3587 2297 3648 δι
2333 3584 2519 3647 libere
2557 3596 2736 3664 agant
2750 3632 2767 3664 ,
2807 3585 2988 3664 idque
3029 3589 3067 3646 a
3108 3583 3309 3647 diuina

395 3666 794 3746 prouidentia3
835 3687 908 3728 ex
947 3665 1066 3746 qua
1105 3665 1389 3746 quicquid
1430 3665 1653 3745 euenit,
1693 3677 1795 3726 aut
1835 3665 2249 3744 contingenter
2288 3665 2515 3744 euenit,
2556 3675 2656 3726 aut
2698 3663 3050 3728 necessarie.

480 3767 570 3813 22.
654 3747 807 3807 Nam
859 3743 922 3807 id
961 3743 1196 3807 diuinae
1236 3745 1648 3808 prouidentiae
1689 3760 1840 3823 opus
1881 3755 1975 3806 est·
2010 3741 2603 3828 praestantissimum,
2642 3747 2808 3826 qued
2847 3763 3056 3806 omnes
3095 3745 3313 3824 gradus

394 3827 673 3906 producit
732 3826 954 3888 entium
969 3873 988 3906 ,
1043 3835 1109 3886 vt
1151 3836 1387 3888 vocant.
1439 3829 1532 3886 Ac
1573 3825 1824 3919 proinde
1861 3825 1989 3887 aliis
2027 3827 2203 3887 rebus
2244 3825 2616 3918 praeparauit
2654 3838 2888 3887 caussas
2926 3823 3285 3886 necessarias

394 3921 456 3968 vt
515 3905 846 3968 necessarie
897 3905 1227 3985 euenirent,
1266 3906 1392 3967 aliis
1433 3915 1874 3986 contingenteS,
1912 3915 1979 3966 vt
2017 3924 2127 3984 pro
2180 3905 2527 3966 conditione
2567 3923 2809 3968 caussae
2849 3905 3181 3986 euenirent,
3222 3924 3292 3967 ve

397 4003 733 4048 caussarum
774 3986 1282 4048 intercedentium.

479 4085 573 4144 23.
653 4065 969 4128 Distinctio
1027 4077 1226 4127 autem
1285 4065 1663 4127 Necessitatis
1721 4065 1937 4127 vtiliter
1997 4063 2096 4126 hic
2156 4065 2465 4147 retinetur,
2528 4065 2647 4146 qua
2708 4062 3023 4144 dupliciter
3064 4067 3101 4126 e.
3142 4065 3317 4128 nobis

397 4147 830 4226 consideratur3
877 4147 1182 4226 nimirum,
1224 4157 1326 4206 aut
1364 4147 1688 4225 Absolute,
1730 4157 1832 4208 aut
1873 4165 1946 4208 ex
1986 4143 2321 4224 hypothesi.

479 4246 572 4302 24.
654 4229 976 4288 Absolute:
1021 4245 1157 4287 cum
1198 4225 1535 4304 simpliciter
1574 4227 1659 4304 exj
1700 4244 1938 4288 caussae
1977 4243 2117 4287 suae
2156 4226 2432 4302 natur-aff.
2480 4229 2751 4302 1781)res
2790 4225 2959 4286 aliter
2999 4245 3062 4287 se
3096 4227 3317 4303 habere

395 4324 520 4369 non
573 4317 802 4388 potest,
853 4315 1032 4386 atque
1072 4307 1218 4368 haec
1259 4309 1295 4366 a
1335 4305 1712 4368 Scholasticis
1751 4307 2105 4385 quibusdam
2147 4305 2579 4386 Consequentis
2622 4303 2739 4366 dici
2779 4307 2967 4383 solet3
3009 4315 3074 4367 vt
3088 4353 3105 4386 ,
3144 4306 3315 4368 Deus

400 4408 515 4448 non
542 4395 749 4470 potest
782 4391 1022 4449 mutari.
1111 4399 1120 4409 '

3072 4487 3103 4528 2
3110 4483 3165 4548 5.
3226 4467 3319 4528 Ex
