3923 4875
610 325 733 398 380
1444 335 1547 378 nn
1606 333 2028 378 sommae
2087 335 2339 378 uosrs
2397 335 2691 378 ossan.

686 501 910 560 Eorum
952 503 1121 578 vero,
1166 515 1319 574 quae
1360 499 1599 560 obiecto
1638 497 2055 560 ceremonialia
2091 509 2257 575 sunt,
2297 499 2570 577 exempla
2609 497 2669 558 in
2709 500 2842 576 lege
2883 498 3074 559 Mosis
3113 507 3318 560 extant
3358 499 3512 560 innu

606 599 803 656 mera,
844 581 899 640 &
940 597 1093 656 quae
1132 597 1311 638 nemo
1348 579 1579 657 ignorat
1620 598 1747 640 esse
1786 577 2230 640 ceremonialia:
2269 579 2423 640 adeo
2465 597 2572 657 per
2611 597 2675 638 se
2713 579 2959 640 euidens
2997 590 3089 640 est
3129 581 3184 639 δι
3225 580 3423 656 palam
3469 579 3534 640 in

608 660 795 721 oculis
835 658 1101 721 omnium
1140 657 1407 736 exposita
1446 658 1683 720 illorum
1720 657 1891 720 ratio.
1932 660 2106 736 Quae
2147 657 2352 720 omnia
2389 658 2499 719 etsi
2537 669 2747 719 natura
2783 675 2890 718 sua
2931 661 3168 720 fuerunt
3199 660 3506 720 mutabilia
3525 707 3548 736 ,

607 751 673 800 vt
730 743 869 801 ante
926 738 1207 818 diximus3
1260 749 1459 799 tamen
1506 739 1683 800 etiam
1724 739 2054 801 secundum
2093 747 2364 818 tempora
2403 756 2512 816 pro
2554 737 2902 800 conditione
2942 740 2999 799 &
3039 739 3226 800 modo
3267 737 3542 818 ipsorum

612 819 997 880 mutationem
1038 818 1403 879 subiuerunt.
1440 821 1669 880 Eorum
1705 819 1865 879 enim
1910 817 2024 880 alia
2053 817 2342 880 durabilia
2360 819 2596 880 fuerunt
2613 829 2954 882 constanter
2971 819 3052 880 ad
3071 817 3288 880 Christi
3309 819 3540 880 aduen-

611 910 737 959 tum
773 917 959 976 vsque
973 943 991 975 ,
1024 899 1529 976 complementum
1560 897 1819 976 mysterii
1848 899 2273 976 redemptionis
2293 910 2530 960 nostrae
2550 902 2607 959 &
2626 900 3164 977 promulgationem
3187 901 3496 978 Euangelij
3521 947 3542 977 ,

605 977 887 1057 tantisper
928 977 1183 1056 denique
1228 979 1371 1040 dum
1410 977 1747 1057 respublica
1788 977 1947 1040 stetit
1985 979 2412 1056 Israelitarum3
2449 978 2564 1040 alia
2603 978 2964 1042 durauerant
2995 981 3076 1040 ad
3095 991 3330 1057 tempus
3351 999 3542 1058 vsque

610 1057 1035 1138 deportationis
1100 1058 1529 1138 Babylonicae3
1588 1058 1705 1118 alia
1760 1059 1840 1119 ad
1898 1069 2134 1138 tempus
2185 1059 2332 1121 illud
2371 1077 2554 1138 vsque
2575 1105 2592 1137 ,
2633 1076 2775 1120 cum
2811 1063 2850 1120 a
2891 1059 3211 1121 Selomone
3250 1061 3544 1138 templum

608 1149 969 1202 exstructum
1010 1147 1099 1198 est
1139 1139 1194 1198 &
1235 1137 1663 1200 sanctificatum
1706 1135 2002 1200 Domino:
2047 1139 2161 1200 alia
2199 1139 2280 1200 ad
2321 1149 2551 1218 tempus
2592 1157 2714 1218 quo
2751 1157 2996 1233 regnum
3033 1139 3144 1202 fuit
3175 1137 3544 1218 institutum,

608 1221 665 1280 &
726 1221 919 1280 donec
977 1218 1210 1278 Iudices
1268 1217 1623 1296 reipublicae
1658 1218 2057 1280 Israelitarum
2096 1221 2501 1298 praefuerunt:
2543 1220 2656 1280 alia
2694 1219 2954 1298 denique
2993 1219 3366 1280 durationem
3409 1239 3538 1281 non

606 1301 939 1360 habuerunt
976 1296 1426 1374 diuturniorem,
1470 1315 1651 1376 quam
1692 1317 1831 1360 cum
1870 1299 2166 1362 Israelitae
2205 1317 2280 1360 ex
2317 1301 2584 1379 AEgypto
2625 1301 2840 1378 egressi
2873 1300 2933 1362 in
2965 1300 3332 1379 profectione
3353 1301 3536 1378 fugae

606 1381 672 1456 (s.
702 1381 874 1458 1522)
906 1383 1083 1456 (quae
1122 1396 1415 1440 annorum
1452 1380 1560 1440 fuit
1588 1378 2002 1457 quadraginta)
2022 1380 2438 1441 Chananaeam
2459 1396 2660 1441 versus
2683 1380 3159 1454 contendebant3
3196 1380 3362 1458 quod
3385 1390 3540 1441 tem-

606 1477 717 1538 pus
758 1457 1189 1520 ambulatoriae
1226 1457 1582 1536 reipublicae
1621 1459 2012 1520 Israelitarum
2051 1462 2435 1538 appellamus,
2477 1463 2619 1522 Post
2656 1462 2815 1521 enim
2834 1461 2944 1520 fuit
2963 1459 3231 1539 stataria,
3263 1463 3450 1537 quam
3471 1461 3537 1520 in

608 1539 1031 1600 chananaeam
1072 1537 1185 1600 sibi
1224 1538 1576 1616 promissam
1616 1537 1972 1600 aduenisset.
2035 1535 2238 1615 Quid?
2279 1541 2444 1618 quod
2481 1539 2662 1600 etiam
2703 1539 3016 1620 singularia
3055 1541 3314 1616 suerunt,
3355 1541 3414 1600 ὅτ
3457 1541 3542 1600 ad

608 1618 965 1696 singularem
1004 1616 1301 1692 actionem
1340 1621 1397 1678 δι
1436 1621 1647 1681 horam
1684 1637 1863 1679 vnam
1908 1619 2171 1680 instituta
2211 1615 2660 1681 ceremonialia?
2699 1619 2871 1680 huius
2910 1619 3140 1699 generis
3157 1665 3175 1694 ,
3211 1619 3413 1680 Exodi
3445 1639 3538 1681 η.

610 1699 835 1776 aliquot
888 1700 1159 1776 exempla
1198 1708 1427 1778 extant,
1470 1699 1607 1760 ciim
1646 1701 1871 1760 Pascha
1912 1699 2148 1760 Iudaeis
2188 1699 2540 1778 imperatum
2581 1699 2972 1778 singularibus
3009 1699 3070 1760 in
3111 1698 3257 1759 illud
3297 1711 3536 1777 tempus

610 1777 961 1840 ceremoniis
1002 1777 1351 1838 instructum
1391 1790 1479 1839 est
1494 1826 1512 1858 ,
1550 1789 1614 1840 vt
1653 1781 1791 1840 cum
1833 1777 2140 1856 speciatim
2182 1799 2303 1840 vno
2342 1797 2518 1842 versu
2537 1779 2782 1860 dicitur3
2811 1784 2904 1840 Ita
2920 1779 3220 1842 comedite
3239 1780 3538 1857 pecudem

610 1858 773 1918 illam
812 1856 1029 1920 lumbis
1068 1858 1275 1918 vestris
1314 1857 1631 1919 succinctis
1644 1903 1662 1938 ,
1704 1859 2122 1920 calceamentis
2157 1859 2365 1920 vestris
2405 1859 2483 1920 ad
2523 1861 2708 1937 pedes
2727 1871 2956 1922 vestros
2972 1905 2988 1938 ,
3023 1861 3079 1920 δι
3099 1860 3316 1920 baculo
3337 1869 3538 1920 vestro

614 1938 677 1998 in
718 1955 899 1998 manu
938 1945 1161 1999 vestra:
1206 1941 1263 1998 δι
1300 1939 1631 2000 comedetis
1668 1957 1800 2000 eam
1819 1956 1959 1999 cum
1979 1939 2374 2000 festinatione.
2413 1941 2608 2001 Eaeod.
2639 1960 2726 2006 ια.
2759 1960 2783 1998 1
2799 1961 2849 2002 1.
2892 1940 3126 2000 Etenim
3145 1940 3262 1999 hae
3279 1949 3540 2015 quatuor

610 2017 1061 2080 obseruationes
1120 2014 1275 2078 illius
1332 2017 1619 2097 temporis
1676 2021 1911 2080 fuerunt
1948 2021 2176 2096 solum,
2225 2038 2418 2098 neque
2459 2020 2520 2080 in
2560 2022 2899 2098 exemplum
2937 2030 3077 2098 post
3115 2019 3262 2080 illud
3297 2028 3536 2097 tempus

612 2115 905 2177 vnquam,
944 2106 1045 2159 aut
1084 2096 1145 2158 in
1183 2098 1378 2190 legem
1420 2097 1723 2176 publicam
1762 2103 1799 2158 a
1837 2099 2073 2159 Iudaeis
2114 2109 2336 2161 tractae
2375 2110 2532 2162 sunt.
2572 2103 2768 2178 Atque
2787 2101 2938 2160 haec
2957 2099 3057 2160 illa
3075 2109 3257 2160 causa
3274 2111 3392 2176 est,
3427 2117 3538 2160 cur

610 2179 947 2255 exemplum
992 2176 1138 2256 legis
1177 2176 1358 2256 illius,
1398 2189 1463 2240 vt
1504 2178 1801 2257 paulisper
1838 2179 2182 2258 duraturae,
2219 2179 2534 2242 maluimus
2573 2181 2634 2241 in
2654 2181 2816 2241 hunc
2837 2181 3038 2241 locum
3059 2179 3322 2258 adferre,
3352 2183 3536 2256 quam

606 2256 723 2318 alia
762 2258 1033 2334 exempla
1070 2258 1301 2336 legum,
1340 2275 1493 2334 quae
1532 2256 1961 2320 diuturniorem
2005 2259 2418 2320 auctoritatem
2463 2259 2522 2320 in
2555 2263 2784 2339 populo
2802 2260 2922 2320 Dei
2937 2261 3298 2321 habuerunt:
3333 2269 3398 2319 vt
3417 2261 3538 2319 hoc

605 2339 881 2416 exemplo
920 2337 1071 2398 ratio
1115 2339 1530 2398 mutandarum
1570 2337 2042 2400 ceremoniarum
2084 2341 2248 2400 fieret
2287 2339 2638 2401 euidentior.
2678 2343 2842 2402 Deus
2882 2339 3041 2401 enim
3088 2350 3215 2400 tum
3237 2337 3532 2417 principio

604 2417 710 2479 illo
763 2419 947 2481 altare
999 2425 1256 2479 terreum
1297 2417 1421 2479 fieri
1459 2417 1573 2480 sibi
1614 2417 1807 2481 iussit:
1852 2435 1959 2480 cur
1998 2423 2208 2497 postea
2244 2416 2542 2499 ligneum?
2584 2421 2693 2482 nisi
2737 2433 2798 2482 vt
2840 2431 3097 2481 terreum
3139 2418 3534 2499 intelligamus

605 2499 667 2559 in
706 2509 1103 2577 antecessum,
1144 2496 1269 2559 siue
1302 2518 1409 2577 per
1444 2496 1845 2577 prouisionem
1864 2503 1955 2576 (vt
1974 2500 2317 2577 loquuntur)
2353 2500 2528 2563 fuisse
2563 2503 2785 2561 factum
2798 2547 2815 2577 ,
2850 2501 3049 2562 donec
3070 2500 3262 2561 cultus
3281 2498 3534 2593 amplius

608 2578 965 2656 perscriptus
1006 2578 1063 2637 &
1103 2578 1377 2639 definitus
1416 2575 1603 2641 esset?
1641 2584 1779 2657 post
1816 2580 1982 2641 Deus
2022 2582 2204 2641 altare
2241 2580 2504 2659 ligneum
2549 2581 2848 2643 mandauit
2883 2580 2994 2642 sibi
3027 2580 3152 2641 fieri
3165 2626 3184 2659 ,
3212 2580 3408 2641 Exodi
3430 2600 3529 2657 30.

609 2660 665 2719 81
704 2658 1033 2719 obductum
1070 2676 1233 2719 aere:
1273 2662 1541 2737 Itemque
1588 2661 1785 2719 lacum
1826 2676 2010 2719 vnum
2049 2660 2318 2721 lauandis
2355 2660 2787 2722 sacerdotibus:
2829 2678 2938 2721 cur
2957 2663 3164 2739 postea
3181 2662 3365 2721 altare
3383 2678 3532 2721 auro

611 2738 967 2816 obductum,
1006 2740 1175 2815 plura
1213 2739 1449 2817 altaria,
1488 2742 1545 2800 &
1584 2741 1751 2800 labra
1788 2737 2032 2799 lotionis
2071 2757 2276 2818 causa,
2317 2740 2372 2799 δι
2413 2741 2527 2801 alia
2564 2740 2852 2802 eiusmodi
2894 2745 2932 2801 a
2972 2742 3291 2801 Selomone
3323 2751 3530 2799 curata

611 2814 781 2879 sunt?
847 2838 899 2878 2.
945 2818 1127 2879 Chro.
1169 2837 1225 2892 4.
1266 2818 1377 2881 nisi
1416 2830 1481 2880 vt
1516 2818 1911 2898 intelligamus
1950 2818 2344 2881 ceremoniale
2381 2820 2708 2881 institutum
2728 2819 2876 2881 illud
2895 2820 2974 2881 ad
2995 2821 3262 2899 rempub.
3305 2820 3530 2880 Israeli-

612 2908 804 2959 tarum
841 2896 1123 2977 tantisper
1158 2896 1489 2978 attinuisse,
1531 2900 1673 2961 dum
1714 2909 1877 2961 certa
1915 2898 2056 2959 sede
2095 2902 2150 2959 &
2192 2900 2380 2963 domo
2413 2902 2651 2963 carebat
2671 2898 2870 2963 Deus?
2910 2901 3004 2962 De
3021 2899 3152 2961 aliis
3174 2898 3529 2961 ceremoniis

606 2975 891 3039 iudicium
928 2978 1105 3041 idem.
1142 2978 1299 3039 Nam
1340 2979 1582 3041 obiecta
1618 2978 1717 3041 illa
1730 3024 1748 3059 ,
1788 2978 1865 3041 de
1904 2978 2120 3057 quibus
2159 2980 2255 3041 lex
2293 2979 2478 3061 cauit,
2519 3000 2630 3061 pro
2669 2978 3016 3043 conditione
3053 2978 3262 3059 populi
3304 2978 3527 3041 Israeli-

609 3070 801 3119 tarum
838 3057 1211 3119 variauerunt
1252 3058 1778 3137 quamplurimum.

684 3138 833 3199 Fine
872 3148 1069 3199 autem
1109 3138 1528 3200 ceremonialia
1564 3142 1799 3202 fuerunt
1836 3138 2125 3217 instituta,
2165 3141 2305 3201 eum
2345 3138 2460 3200 alia
2490 3139 2724 3217 omnia,
2759 3138 3259 3201 tumeamaxime
3277 3156 3430 3217 quae
3449 3139 3528 3200 ad

606 3218 977 3296 figurandum
1018 3216 1319 3279 Christum
1332 3264 1351 3297 ‚
1382 3238 1695 3297 personam
1708 3261 1727 3293 ,
1758 3220 2024 3282 actiones
2038 3265 2056 3298 ,
2090 3218 2316 3299 officia,
2350 3220 2757 3299 beneficiaque
2789 3220 2915 3281 eius
2935 3217 3079 3282 olim
3099 3218 3530 3297 pertinuerunt,

606 3308 672 3359 vt
709 3298 965 3375 exempli
1000 3316 1178 3359 musa
1194 3342 1212 3377 ,
1255 3300 1393 3359 cum
1434 3302 1601 3361 Deus
1636 3300 1979 3378 mandaret,
2017 3300 2316 3361 sanctifica
2357 3299 2502 3360 mihi
2524 3299 3014 3380 primogenitum,
3039 3298 3238 3361 Exodi
3267 3318 3357 3376 13.
3397 3300 3532 3359 Fuit

608 3377 851 3455 quidem
912 3378 1045 3439 finis
1104 3378 1201 3439 ille
1252 3379 1589 3440 communis
1639 3378 1717 3439 ad
1757 3378 2030 3441 ordinem
2066 3378 2296 3458 priscae
2334 3380 2640 3441 Ecclesiae
2679 3380 2978 3458 pertinens
2993 3424 3012 3457 ,
3052 3390 3115 3439 vt
3153 3378 3530 3458 primogeniti

607 3460 743 3519 Deo
782 3458 1129 3519 sanctificati
1166 3460 1390 3519 cultum
1428 3457 1609 3539 ipsius
1648 3459 1711 3519 in
1749 3458 1984 3520 familiis
2023 3458 2268 3539 singulis
2303 3470 2646 3521 exercerent
2660 3506 2677 3537 ,
2721 3462 2777 3521 δι
2809 3458 3208 3519 ministrarent
3227 3458 3524 3519 Domino:

610 3538 776 3630 quod
816 3536 1079 3599 officium
1116 3556 1300 3617 penes
1337 3537 1766 3617 primogenitos
1806 3558 1881 3600 eo
1920 3556 2108 3616 vsque
2129 3538 2466 3618 perdurauit
2481 3586 2498 3617 ,
2533 3540 2677 3600 dum
2694 3538 2940 3599 Leuitae
2957 3539 3020 3599 in
3039 3540 3242 3601 locum
3262 3536 3526 3617 ipsorum

608 3616 887 3695 singulari
945 3615 1061 3679 Dei
1101 3617 1465 3680 institutione
1504 3618 1949 3698 successissent,
1992 3630 2056 3679 vt
2095 3630 2336 3681 cautum
2375 3630 2465 3683 est
2503 3621 2662 3698 lege,
2702 3620 3103 3680 Numerorum
3148 3638 3206 3695 3.
3268 3618 3390 3679 Sed
3428 3616 3526 3679 ille

608 3698 881 3775 proprius
922 3696 1053 3759 finis
1090 3698 1168 3759 ad
1209 3698 1425 3759 Christi
1464 3699 1787 3760 aduentum
1828 3716 2015 3776 vsque
2055 3698 2425 3779 perdurauit,
2465 3700 2864 3761 sanctificatos
2904 3698 3080 3760 fuisse
3099 3698 3528 3777 primogenitos

604 3777 900 3856 Domine,
942 3788 1007 3838 vt
1043 3776 1104 3838 in
1148 3776 1267 3839 suis
1308 3777 1539 3840 familiis
1579 3777 1793 3857 singuli
1834 3778 1959 3857 typi
2001 3791 2196 3840 essent
2234 3778 2483 3856 Christi,
2511 3784 2766 3857 eumque
2786 3777 3116 3849 Dominum
3135 3790 3404 3839 nostrum
3421 3820 3440 3853 ‚
3471 3778 3528 3838 δι

602 3856 1063 3937 primogenitum
1104 3857 1257 3918 inter
1298 3862 1519 3920 multos
1560 3862 1763 3920 fratres
1806 3861 1917 3919 hac
1958 3857 2660 3921 sanctificatione-diuina
2676 3861 3118 3920 adumbrarent.
3159 3861 3358 3935 Atque
3379 3858 3528 3918 haec

598 3936 841 4015 quidem
883 3938 961 3999 de
998 3938 1493 4000 ceremonialibus
1532 3938 1809 4001 institutis
1848 3937 2017 4016 satis,
2055 3956 2209 4017 quae
2249 3941 2582 4001 secundum
2613 3939 2926 4001 essentiam
2963 3940 3058 3998 vel
3077 3936 3338 4017 speciem
3357 3954 3526 3999 suam

597 4016 863 4096 ipsorum
906 4018 1116 4080 merito
1158 4018 1577 4080 ceremonialia
1617 4018 1735 4080 dici
1778 4030 2053 4097 possunt.

676 4098 777 4157 Ad
816 4114 1003 4176 genus
1040 4100 1293 4159 alterum
1332 4109 1726 4178 transeamuS,
1766 4100 1931 4177 quod
1974 4098 2424 4161 circumstantiis
2463 4096 2858 4161 ceremoniale
2899 4108 3006 4161 est.
3071 4098 3245 4158 Thes.
3285 4117 3384 4174 34.
3428 4098 3528 4157 De

598 4180 1048 4238 circumi-tantais·
1088 4198 1231 4254 ergo
1270 4181 1744 4239 ceremonialibus
1782 4182 2058 4240 iudicium
2098 4180 2244 4239 idem
2261 4182 2419 4256 fieri
2439 4198 2660 4239 necesse
2679 4187 2794 4257 est,
2829 4182 2954 4240 siue
2977 4180 3064 4239 ad
3072 4180 3312 4257 speciem
3334 4180 3524 4257 ipsam

599 4260 1029 4317 ceremonialem
1070 4260 1365 4337 accidant,
1407 4262 1529 4319 siue
1566 4262 1730 4338 ipsae
1757 4269 1877 4339 per
1909 4279 1971 4319 se
1998 4262 2354 4321 constituant
2377 4262 2618 4339 speciem
2636 4262 2990 4320 ceremoniae
3003 4278 3025 4318 .·
3058 4266 3122 4319 vt
3137 4260 3262 4317 ciem
3289 4258 3521 4333 cheitm,

600 4338 747 4398 Non
773 4337 972 4413 facies
1012 4340 1188 4399 vllam
1228 4349 1374 4417 opus
1396 4340 1457 4399 in
1478 4340 1568 4399 die
1586 4340 1873 4399 sabbathi.
1915 4338 2508 4401 Circumstantiarum
2527 4339 2685 4400 enim
2707 4350 2770 4399 vt
2791 4338 2852 4399 in
2873 4340 3048 4400 rebus
3067 4336 3222 4413 aliis,
3243 4337 3326 4398 ita
3343 4336 3518 4426 etiam

3461 4434 3522 4475 m
