3923 4875
1386 337 1713 384 THESES
1775 338 2422 392 THEOLOGICAE.
3252 360 3358 420 107

498 501 802 580 rineipalis
842 512 932 562 est
970 503 1133 561 Deus
1173 503 1344 560 Pater
1382 498 1442 559 in
1484 499 1607 561 filio
1646 519 1753 580 per
1785 501 2066 580 Spiritum
2087 515 2375 568 sanctum.
2415 510 2775 573 Secundan'a
2793 525 2928 575 sunt
2946 516 3192 579 ministri
3212 521 3361 600 Dei,

454 584 789 662 Prophetae
850 584 906 643 δι
960 580 1266 660 Apostoli,
1304 599 1454 658 quos
1492 582 1659 641 Deus
1696 593 1978 660 tanquam
2018 585 2280 648 notarios
2316 590 2590 666 publicos
2623 592 2928 673 adhibuit,
2967 596 3070 673 qui
3108 602 3359 662 verbum

448 680 623 724 suum
660 661 1040 742 obsignarent
1054 707 1072 740 ,
1111 659 1488 739 obsignatum
1530 661 1832 724 Ecclesiae
1878 665 2195 727 traderent.
2238 669 2313 728 Se
2354 673 2499 730 vero
2543 671 2878 750 Scripturae
2906 687 3210 740 auctorem
3232 698 3359 743 esse

448 742 591 804 olim
634 752 877 804 testatus
917 752 1038 820 est,
1078 742 1133 801 δι
1172 739 1435 818 quotidie
1475 751 1721 802 testatur
1758 741 2052 805 ordinarie
2091 747 2147 804 &
2188 748 2672 824 extraordinarie,
2714 755 3110 817 communiter
3148 760 3204 817 δι
3243 761 3354 821 sin-

445 823 739 902 gulariter.
780 820 1190 884 communiter
1228 830 1473 881 testatur
1510 821 1677 882 Deus
1716 841 1780 884 se
1818 823 2126 886 authorem
2167 827 2502 906 Scripturae
2539 849 2669 892 esse
2688 842 2789 895 aut
2809 837 3136 896 secundum
3157 849 3354 900 ortum

446 903 781 981 Scripturae
819 904 1029 964 semel:
1071 911 1173 962 aut
1211 900 1537 962 secundum
1576 912 1775 962 actum
1820 913 2169 982 perpetuum
2207 908 2267 966 in
2309 909 2576 970 Ecclesia
2613 929 2737 974 sua.
2771 915 3108 976 Secundum
3127 927 3322 978 ortum

445 981 780 1062 Scripturae
820 984 985 1043 Deus
1024 1001 1087 1042 se
1126 990 1431 1042 auctorem
1470 982 1745 1060 asseruit,
1786 993 1976 1044 stante
2015 985 2257 1062 quidem
2277 1007 2416 1048 arca
2434 1008 2539 1066 per
2559 993 2812 1071 fumum,
2849 995 2904 1053 &
2921 994 3024 1056 illo
3046 965 3350 1083 ordinario,

442 1062 664 1124 indicio
721 1081 830 1141 per
866 1061 1036 1122 Vrim
1075 1063 1130 1120 δε
1169 1060 1503 1120 Tummim:
1556 1063 1785 1122 sublata
1822 1082 1961 1123 arca
2001 1064 2200 1126 multis
2238 1065 2363 1128 aliis
2400 1070 2626 1148 modis,
2665 1073 2818 1133 adeo
2857 1084 2923 1133 vt
2961 1073 3105 1136 nihil
3142 1089 3348 1140 aucto-

443 1142 629 1204 ritatis
666 1152 803 1221 post
842 1141 1213 1220 Symbolicas
1252 1141 1379 1201 illas
1418 1139 1873 1218 significationes
1912 1145 1979 1219 (f.
2025 1149 2222 1222 1595.)
2263 1149 2520 1209 sublatas
2534 1193 2552 1224 .,
2591 1151 2827 1229 reliquis
2849 1152 3078 1231 scriptis
3099 1156 3346 1221 deesset.

440 1225 513 1284 In
544 1225 723 1285 Nouo
756 1224 1139 1283 Testamento
1171 1240 1235 1282 se
1261 1229 1565 1282 auctorem
1585 1240 1787 1282 coram
1805 1231 2052 1283 testatus
2071 1236 2190 1304 est,
2221 1227 2276 1284 &
2295 1229 2621 1304 Apostolos
2641 1231 2903 1293 notarios
2923 1251 3063 1294 suos
3086 1239 3350 1314 agnouit.

522 1307 582 1365 6.
664 1301 949 1380 Quotidie
986 1306 1130 1364 vero
1170 1300 1331 1361 idem
1367 1310 1612 1361 testatur
1652 1301 1713 1361 in
1752 1302 2022 1364 Ecclesia
2061 1321 2168 1365 sua
2181 1351 2200 1380 ‚
2243 1305 2546 1369 maiestate
2583 1311 2840 1386 quadam
2877 1333 2950 1372 ex
2989 1312 3116 1391 ipsa
3157 1317 3346 1396 Serip-

438 1395 605 1444 turae
662 1381 1033 1460 simplicitate
1093 1383 1394 1441 relucente
1409 1425 1427 1460 ,
1488 1382 1856 1442 Euentorum
1899 1384 2322 1446 consecutione
2337 1431 2355 1464 ,
2395 1386 2756 1465 singularum
2795 1391 3050 1469 partium
3087 1393 3239 1457 inter
3283 1417 3346 1460 se

435 1463 775 1542 harmonia,
830 1461 1085 1539 denique
1145 1459 1448 1522 Ecclesiae
1507 1461 1935 1523 contestatione
1972 1479 2126 1541 quae
2164 1476 2466 1528 auctorem
2509 1469 2842 1547 Scripturae
2879 1474 3076 1534 Deum
3116 1477 3347 1556 accepit

437 1545 580 1605 olim
624 1563 697 1604 ex
736 1551 1021 1621 perpetuo
1062 1542 1231 1619 lapsu
1268 1541 1553 1617 temporis
1592 1541 1861 1620 agnouit,
1904 1545 1959 1604 &
2001 1545 2474 1608 constantissime
2508 1558 2733 1629 tuetur,
2771 1549 3029 1630 denique
3049 1573 3342 1619 consensu

433 1623 667 1702 piorum
706 1621 968 1698 alioquin
1009 1621 1183 1682 etiam
1223 1619 1375 1680 inter
1414 1639 1477 1681 se
1514 1620 1591 1681 de
1629 1620 1756 1682 aliis
1794 1622 2220 1687 dissidentium.
2261 1626 2441 1687 Omni
2481 1633 2623 1689 vere
2665 1631 3013 1708 exceptione
3047 1633 3233 1696 maius
3255 1649 3344 1699 est

435 1704 733 1782 singulare
770 1701 1169 1763 testimonium
1211 1699 1458 1780 Spiritus
1498 1701 1698 1762 Sancti
1713 1747 1731 1780 ,
1771 1701 1874 1778 qui
1911 1701 1974 1762 in
2015 1705 2292 1766 cordibus
2331 1706 2593 1768 fidelium
2622 1709 2802 1770 fidem
2822 1709 2963 1772 facit
2981 1713 3342 1792 Scripturam

436 1804 665 1845 sacram
701 1785 740 1843 a
773 1784 909 1843 Deo
950 1782 1196 1842 authore
1233 1799 1571 1842 emanasse:
1639 1801 1689 1841 1.
1738 1781 1871 1858 Cor.
1920 1802 1976 1844 2.
2024 1803 2115 1845 12.
2167 1786 2337 1846 Ioan.
2384 1790 2472 1847 16.
2525 1809 2616 1866 13.
2664 1810 2714 1851 1.
2751 1791 2964 1852 Ioann.
3006 1813 3064 1866 4.
3111 1814 3164 1856 1.
3201 1795 3340 1857 licet

433 1863 593 1925 enim
653 1863 755 1923 illa
810 1860 1147 1923 testimonia
1204 1860 1266 1921 in
1322 1879 1387 1921 se
1428 1862 1587 1920 clara
1628 1861 1773 1941 sint,
1816 1871 2014 1923 tamen
2052 1883 2430 1942 nequaquam
2471 1881 2823 1946 per-mouent
2861 1873 3189 1936 necessario
3227 1874 3340 1938 nisi

430 1945 597 2006 Deus
634 1941 761 2020 ipse
800 1961 909 2004 cor
946 1951 1214 2002 nostrum
1253 1938 1531 2018 disponat
1568 1939 1647 2000 ad
1685 1957 1890 2002 eorum
1932 1945 2470 2021 apprehensionem
2509 1951 2565 2008 δι
2602 1949 2802 2010 fidem.

516 2041 569 2099 7.
648 2022 809 2084 Finis
868 2021 1203 2099 Scripturae
1261 2021 1481 2098 duplex
1540 2030 1629 2080 est
1642 2065 1659 2098 ‚
1718 2039 1867 2082 vnus
1926 2033 2188 2085 remotus
2228 2027 2322 2086 vel
2361 2043 2650 2089 summus:
2691 2031 2838 2090 alter
2875 2030 3242 2111 propinquus
3281 2037 3338 2096 δι

434 2103 619 2181 priori
656 2102 1092 2164 subordinatus.
1132 2099 1446 2161 Primarius
1484 2109 1589 2162 seu
1626 2117 1889 2162 summus
1930 2103 2063 2162 finis
2101 2114 2192 2165 est
2228 2105 2418 2184 gloria
2455 2105 2571 2168 Dei
2592 2109 2818 2200 (omnia
2837 2109 2996 2171 enim
3013 2111 3155 2174 tacit
3171 2116 3338 2177 Deus

430 2193 674 2263 propter
730 2182 1011 2261 seipsum)
1070 2180 1249 2258 idque
1310 2179 1534 2258 duplici
1578 2191 1953 2259 argumento:
1996 2200 2117 2243 vno
2131 2229 2150 2262 ,
2188 2187 2225 2244 ὸ,
2264 2195 2474 2246 natura
2508 2186 2690 2264 ipsius
2731 2189 3066 2267 Scripturae
3105 2206 3302 2256 sumto
3317 2242 3334 2267 ,

430 2281 549 2340 qua
606 2261 963 2343 Sapientiam
1025 2260 1141 2321 Dei
1202 2261 1513 2338 rerumque
1571 2260 1899 2322 diuinarum
1959 2262 2168 2324 tradit:
2226 2265 2412 2326 altero
2475 2265 2554 2326 ab
2621 2267 2843 2328 effectis
2901 2269 3165 2333 eiusdem
3217 2292 3338 2352 qua

428 2342 815 2406 reuerentiam
874 2341 1159 2403 cordibus
1206 2340 1421 2400 nostris
1460 2339 1764 2418 ingenerat
1805 2341 2076 2402 maiestas
2115 2342 2216 2404 illa
2254 2343 2486 2423 diuina,
2525 2347 2652 2406 sole
2691 2347 2902 2410 clarius
2939 2350 3002 2410 in
3042 2352 3340 2431 Scriptura

426 2425 609 2485 Sacra
644 2426 998 2486 clucescens
1040 2419 1430 2483 Secundarius
1470 2425 1611 2483 vere
1652 2420 1783 2483 finis
1822 2433 1912 2483 est
1951 2423 2274 2484 electorum
2313 2425 2568 2503 bonum,
2608 2427 2773 2505 quod
2811 2429 3078 2492 consistit
3099 2430 3162 2493 in
3183 2451 3334 2495 con-

424 2503 781 2567 formatione
820 2502 1007 2565 nostri
1045 2518 1183 2562 cum
1222 2503 1357 2561 Deo
1371 2546 1389 2580 ,
1432 2518 1583 2579 quae
1621 2520 1696 2563 ex
1733 2501 2278 2565 communicatione
2313 2504 2479 2567 verbi
2518 2508 2574 2567 δι
2608 2504 2836 2568 interna
2857 2508 3104 2586 Spiritus
3127 2530 3335 2591 opera·

424 2584 587 2646 tione
630 2584 852 2646 existit:
894 2586 1067 2645 Ioan.
1113 2602 1207 2641 20.
1248 2601 1282 2658 3
1296 2602 1347 2643 1.
1387 2580 1624 2642 Etenim
1664 2582 1777 2641 hac
1816 2582 2118 2661 Scriptura
2159 2584 2312 2644 duce
2351 2585 2429 2645 ad
2467 2584 2694 2647 bonum
2731 2605 3083 2670 commune,
3122 2590 3186 2651 id
3211 2602 3334 2669 est,

422 2664 675 2743 gloriam
731 2664 850 2726 Dei
906 2663 1333 2724 contendentes
1347 2705 1365 2738 ,
1426 2662 1503 2720 ad
1561 2663 1787 2721 bonum
1842 2662 2137 2740 singulare
2178 2665 2424 2725 salutem
2463 2675 2724 2726 nostram
2765 2666 3118 2729 deducimur
3155 2688 3334 2762 quem

420 2747 603 2805 finem
645 2746 943 2823 eleganter
980 2740 1262 2820 expressit
1302 2740 1626 2818 Apostolus
1667 2742 1882 2802 Paulus
1924 2743 2062 2803 cum
2102 2742 2246 2803 dicit
2284 2762 2396 2805 nos
2433 2746 2902 2809 conformandos
2941 2746 3184 2827 imagim
3202 2748 3332 2827 Filii

422 2824 559 2886 Dei.
597 2827 771 2885 Rom.
814 2827 873 2883 8.
912 2824 990 2883 Et
1029 2824 1235 2883 Petrus
1276 2822 1411 2880 eum
1452 2839 1564 2881 nos
1603 2830 1911 2882 consortes
1950 2821 2186 2883 diuinae
2225 2833 2468 2885 naturae
2508 2824 2662 2885 effici
2701 2825 2864 2888 dicit.
2911 2846 2964 2887 2.
3005 2829 3134 2890 Pet.
3180 2848 3232 2891 1.
3273 2850 3332 2904 4.

504 2908 564 2965 8.
640 2906 735 2964 Ex
795 2903 886 2965 his
926 2902 1125 2979 itaque
1176 2909 1409 2961 constat
1448 2902 1690 2961 Sacram
1732 2900 2123 2981 Scripturam,
2171 2902 2442 2982 materia„
2483 2904 2676 2965 forma
2690 2949 2708 2982 ‚
2751 2904 3042 2967 efficiente
3079 2910 3136 2968 81
3180 2910 3302 2969 fine
3315 2956 3334 2990 ‚

422 2983 685 3046 diuinam
726 3002 855 3045 esse
868 3029 886 3063 ,
928 2982 1086 3043 vnde
1126 2980 1458 3041 necessarie
1498 2990 1863 3059 consurgunt
1893 2982 2044 3042 duo:
2085 2982 2428 3045 Authoritas
2450 2982 2780 3061 Scripturae
2800 2984 2966 3045 omni
2985 2987 3336 3065 exceptione

424 3064 645 3145 maior,
685 3065 742 3123 &
782 3061 1063 3141 perfectio
1102 3058 1601 3137 incomparabilis,
1640 3057 1984 3122 Authoritas
2027 3060 2168 3139 quia
2205 3065 2244 3123 ὲι
2280 3064 2417 3123 Deo
2461 3074 2583 3142 est,
2613 3062 2779 3124 cuius
2813 3063 2996 3125 veluti
3014 3065 3330 3146 Principis,

422 3154 552 3205 tum
592 3143 655 3205 in
693 3162 901 3204 omnes
939 3141 1063 3202 iure
1101 3150 1372 3213 naturae,
1415 3147 1540 3199 tum
1579 3143 1720 3201 vere
1760 3139 1821 3200 in
1860 3140 2188 3203 Ecclesiam
2229 3140 2354 3203 iure
2393 3143 2614 3221 gratiae
2628 3188 2647 3221 ‚
2687 3159 2920 3205 summa
2951 3147 3009 3205 ὅτ
3041 3146 3217 3224 plena
3237 3158 3329 3208 est

419 3234 712 3303 potestas,
753 3222 1009 3301 ideoque
1048 3218 1329 3297 rescripta
1367 3217 1491 3280 eius
1530 3220 2064 3282 sola''authoritatis
2093 3238 2357 3283 summae
2372 3268 2390 3299 .‚
2424 3226 2481 3283 δι
2500 3223 2805 3284 absolutae
2817 3233 2974 3297 sunt.
2993 3226 3174 3287 Deut.
3194 3246 3250 3300 4.
3277 3246 3332 3289 2.

420 3303 605 3366 Sicuti
664 3312 863 3364 autem
903 3299 1219 3362 auctoritas
1258 3298 1593 3377 Scripturae
1632 3298 1692 3359 in
1732 3319 1793 3361 se
1834 3316 2064 3361 summa
2104 3310 2224 3380 est,
2263 3304 2321 3362 δε
2358 3300 2770 3381 irrefragabilis
2784 3348 2801 3380 ‚
2840 3302 2924 3363 ita
2961 3302 3120 3365 illam
3156 3305 3332 3367 nobis

418 3387 584 3445 Deus
623 3383 846 3444 eisdem
884 3379 1115 3443 indiciis
1156 3387 1425 3439 testatam
1464 3378 1631 3455 facit,
1672 3378 1887 3457 quibus
1926 3400 1992 3441 se
2028 3392 2333 3442 auctorem
2370 3384 2705 3461 profitetur:
2745 3381 2828 3442 ita
2865 3393 2930 3444 vt
2957 3384 3122 3445 nullo
3143 3386 3330 3447 modo

418 3464 495 3524 sit
552 3462 948 3524 necessarium
1006 3470 1071 3521 vt
1119 3468 1219 3520 aut
1256 3457 1561 3519 Ecclesiae
1601 3463 1916 3521 auctoritas
1958 3479 2089 3521 eam
2131 3461 2308 3523 nobis
2346 3462 2751 3539 commendet,
2795 3473 2898 3524 aut
2935 3462 3328 3525 conciliorum

420 3544 659 3605 decreta
699 3540 1025 3621 stabiliant,
1067 3556 1322 3617 quorum
1361 3548 1744 3617 vtrorumque
1786 3556 2000 3602 munus
2041 3551 2128 3603 est
2166 3539 2578 3603 auctoritatem
2615 3545 2653 3601 a
2675 3543 2810 3603 Deo
2829 3540 3076 3603 inditam
3095 3543 3328 3605 tradere

419 3628 477 3685 δι
512 3641 871 3701 propagare:
926 3641 1051 3682 non
1092 3620 1149 3679 ei
1189 3616 1475 3679 maiorem
1511 3617 1814 3681 adstruere
1828 3667 1845 3699 ‚
1886 3630 1951 3680 vt
1989 3638 2299 3699 perperam
2339 3620 2656 3700 opinantur
2698 3620 3022 3683 Pontifici':
3077 3624 3292 3683 Eccius
3307 3666 3328 3703 ,

416 3706 671 3765 Euchir.
712 3705 781 3763 de
820 3710 971 3763 auct.
1011 3700 1228 3776 Scrtpt.
1269 3699 1505 3759 Eodem
1547 3699 1733 3760 modo
1775 3703 1831 3760 δι
1863 3699 2197 3779 Scripturae
2217 3701 2501 3779 perfectio
2522 3720 2596 3762 ex
2614 3701 2986 3763 antecedenti
3029 3718 3098 3761 us
3119 3702 3331 3764 elucet.

498 3804 555 3862 9.
636 3784 807 3843 Haec
848 3780 1149 3859 Scriptura
1186 3778 1269 3839 ita
1306 3777 1652 3857 constituta,
1692 3781 2018 3858 appellatur
2056 3781 2268 3843 Canon
2305 3781 2474 3851 Fidei
2509 3790 2777 3856 nostrae,
2807 3780 2871 3841 id
2891 3788 2980 3841 est
2997 3780 3324 3842 indubitata

418 3865 619 3942 regula
634 3882 669 3943 ,ε
694 3879 903 3924 eorum
943 3858 1211 3921 omnium
1250 3875 1405 3935 quae
1445 3859 1626 3919 fidem
1667 3869 1927 3921 nostram
1971 3862 2026 3921 δι
2067 3860 2246 3921 vitam
2287 3870 2672 3922 concernunt.
2705 3860 2823 3921 Sed
2842 3858 3126 3937 quoniam
3145 3860 3328 3923 hodie

419 3962 637 4021 magna
675 3944 753 4003 de
795 3942 1043 4003 Canone
1082 3941 1139 3998 δε
1176 3937 1440 4017 partibus
1478 3936 1603 3998 eius
1642 3941 2048 4001 controuersia
2085 3951 2202 4019 est,
2241 3940 2384 4001 dum
2424 3939 2738 4016 aduersarij
2779 3939 2966 4000 nostri
3005 3939 3182 4001 nimis
3209 3942 3328 4003 late

416 4021 678 4083 fimbrias
717 4022 841 4083 eius
880 4020 1232 4096 extendunt,
1272 4020 1424 4077 Bell.
1466 4019 1601 4077 libr.
1655 4037 1707 4080 1.
1748 4029 1877 4099 cap.
1920 4042 1978 4094 4.
2019 4020 2119 4081 hic
2162 4036 2400 4098 quoque
2437 4020 2514 4081 de
2553 4039 2628 4080 eo
2649 4018 2852 4097 paucis
2871 4017 3329 4096 dispiciendum.

415 4104 657 4180 Duplex
715 4101 915 4179 itaque
972 4104 1011 4161 a
1068 4098 1265 4178 prisca
1322 4098 1589 4159 Ecclesia
1647 4099 1860 4161 Canon
1919 4099 2031 4160 fuit
2088 4102 2462 4177 obseruatus,
2516 4098 2790 4178 proprius
2830 4102 2886 4159 δι
2926 4098 3329 4177 aequiuocus:

417 4184 671 4258 August.
732 4184 802 4241 de
862 4182 1018 4241 ciuit.
1078 4179 1204 4237 Dei
1208 4222 1225 4253 ,
1279 4178 1417 4236 libr.
1466 4182 1556 4238 18.
1597 4189 1726 4258 cap.
1772 4181 1863 4239 26.
1906 4180 2032 4241 siue
2075 4188 2138 4239 vt
2177 4177 2522 4255 dinstinguit
2557 4177 2913 4239 Athanasius
2954 4181 3017 4237 in
3056 4178 3325 4260 synopsi.

418 4264 809 4351 ῌρωτοκάνων
859 4265 957 4317 καὶ
1012 4258 1473 4336 Δουτεροκοίνων.
1536 4258 1765 4336 Proprij
1807 4258 2070 4321 Canonis
2109 4256 2255 4319 dicti
2293 4256 2544 4319 vniuoce
2585 4259 2736 4320 duae
2776 4267 2912 4319 sunt
2949 4258 3325 4321 conditiones

416 4338 835 4417 inseparabiles
850 4385 867 4419 ‚
929 4336 1095 4417 qued
1154 4334 1461 4396 veritatem
1500 4336 1761 4398 diuinam
1803 4337 2068 4400 continet
2105 4336 2384 4399 diuinitus
2423 4338 2668 4398 materia
2707 4341 2762 4398 &
2800 4339 3024 4417 forma,
3066 4340 3122 4397 δι
3163 4339 3326 4430 qued

2977 4427 3324 4479 auctoritate
