3923 4875
405 0 802 54 attendentes,
834 0 888 41 az
923 0 1001 40 au
1035 0 1193 42 ouue
1225 0 1463 57 Christi,
1496 0 1552 41 ez
1586 0 1663 41 au
1700 0 1845 41 oues
1877 0 2137 58 singulas
2185 0 2361 55 titius,
2384 0 2446 40 vt
2469 0 2699 56 pacem,
2721 0 2903 57 quam
2926 0 3034 38 suo
3059 0 3344 57 sangume

409 61 653 137 peperit,
676 61 983 120 frendente
1003 62 1218 120 Satana
1239 60 1712 121 constantissime
1733 72 2056 121 teneamus,
2080 63 2205 120 Vos
2223 71 2451 135 autem,
2476 62 2514 121 ὁ
2543 60 2650 120 viri
2672 59 2993 137 Principes,
3014 60 3114 137 qui
3138 62 3348 120 orbem

411 140 811 200 Christianum
846 140 1053 200 videtis
1094 155 1219 201 tum
1263 138 1618 218 grauissimis
1657 139 2056 200 incommodis
2097 160 2203 218 per
2242 141 2642 200 infirmitatem
2686 141 2866 217 ipsius
2906 141 3194 211 infestari,
3221 153 3344 200 tuin

410 224 487 279 ab
540 218 609 280 iis
662 219 1062 280 instrumentis
1102 240 1278 298 saepe
1320 222 1581 297 torqueri
1620 223 1677 282 δι
1719 220 2119 281 excarnificari
2165 221 2404 280 miseras
2443 221 2697 282 animaS.
2743 238 2894 297 quae
2936 222 3099 280 Deus
3139 219 3349 281 sancti·

405 302 685 360 ficauerat
752 313 811 359 vt
860 301 1021 378 pacis
1072 301 1454 361 instrumenta
1511 312 1735 374 essent3
1796 319 1946 379 rogo
1991 319 2096 378 per
2136 299 2572 361 sanctissimum
2614 319 2834 360 nomen
2877 300 3120 374 Domini
3163 299 3347 359 nostri

410 383 541 440 Iesu
585 378 833 455 Christi,
878 401 984 457 per
1015 380 1406 458 amplissimas
1447 380 1853 441 miserationes
1894 380 2080 452 illius,
2122 381 2200 440 ad
2234 399 2484 457 quarum
2526 379 3013 440 communionem
3034 382 3346 440 salutarem

407 461 603 520 vocati
645 460 816 537 estis,
859 480 964 538 per
1004 461 1417 521 suauissimum
1456 461 1603 520 illud
1644 480 1863 521 nomen
1908 459 2363 521 Christianitatis
2405 478 2528 536 quo
2550 459 2870 521 honorauit
2895 479 2999 520 vos
3020 460 3346 537 DominuS,

408 544 463 600 δι
506 543 583 599 ab
623 540 751 601 aliis
794 541 1009 617 cupitis
1047 541 1366 616 honorari,
1413 560 1515 618 per
1558 544 1810 601 fructum
1853 541 2020 602 illum
2062 541 2526 617 amplissimum,
2569 559 2748 618 quem
2797 545 2856 600 in
2900 542 3013 600 hac
3034 539 3155 600 vita
3176 559 3353 618 spon·

408 623 545 696 det,
588 622 641 681 δι
684 621 959 693 exhibet,
1001 634 1180 699 atque
1220 620 1279 682 in
1323 623 1517 682 futura
1559 634 2077 682 consummaturus
2101 633 2191 681 est
2215 623 2408 697 Deus3
2436 633 2497 680 vt
2517 620 2790 681 miseram
2813 619 3347 701 christianitatem,

409 718 561 776 quae
603 704 734 779 plus
775 701 914 760 satis
955 702 1249 762 theatrum
1292 702 1667 761 dissidiorum
1708 703 1763 762 δι
1807 701 2062 761 rixarum
2105 701 2238 775 fuit,
2278 700 2532 762 consilio
2577 704 2632 762 &
2676 719 2794 778 ope
2836 712 3028 761 vestra
3048 699 3344 760 alleuetis:

411 784 673 841 humano
735 781 946 842 ordine
1011 795 1208 842 vestro
1269 782 1483 842 ouibus
1551 781 1767 842 Christi
1828 782 2176 843 consulatis:
2235 792 2535 859 pastores,
2577 780 2941 859 quicumque
2981 781 3222 840 tandem
3265 779 3349 840 illi

408 861 555 934 sint,
616 862 693 920 ad
757 863 1045 921 honorem
1107 863 1220 923 Dei
1281 863 1766 939 prosequendum
1806 866 1862 922 ὅτ
1902 862 2237 922 animarum
2279 863 2533 922 salutem
2576 862 3054 937 promouendam
3095 859 3344 920 abiectis

408 940 535 1000 aliis
575 941 1071 1019 cogitationibuS,
1113 961 1187 1002 ex
1228 943 1415 1002 verbo
1458 942 1600 1008 Dei,
1648 943 1935 1020 vrgeatis:
1980 941 2314 1019 impediatis
2355 961 2431 1000 ne
2472 939 2902 1018 intempestiuis
2957 938 3341 1032 imprudenti·

410 1023 635 1097 busque
678 1020 984 1094 remediiS,
1031 1023 1124 1081 vel
1166 1024 1364 1100 potius
1405 1021 1559 1081 vitiis
1598 1022 2062 1082 adnascentibus
2102 1021 2242 1082 vitia
2280 1021 2720 1096 accendantur,
2783 1022 2838 1080 δι
2878 1039 2994 1099 pax
3035 1022 3135 1080 illa
3178 1033 3343 1098 opta-

409 1100 632 1160 tissima
672 1100 887 1161 Christi
929 1101 987 1160 in
1037 1103 1330 1162 mentibus
1369 1101 1843 1163 Christianorum
1886 1101 2185 1173 omnium,
2228 1103 2286 1160 in
2331 1101 2601 1162 Ecclesia
2641 1100 2769 1178 ipsa
2810 1101 3346 1177 (quemadmodum

407 1181 813 1258 indignissime
875 1182 1070 1241 adhuc
1114 1182 1236 1242 fieri
1283 1183 1566 1257 vidimus)
1609 1193 1918 1258 tantopere
1961 1182 2252 1242 infirmata
2293 1183 2347 1241 &
2392 1181 2699 1242 debilitata
2742 1193 2996 1241 corruat.
3041 1183 3169 1241 Vos
3212 1180 3350 1240 huic

411 1261 783 1322 sanctissimo
826 1261 1278 1322 Christianitatis
1317 1261 1592 1323 aedificio
1633 1262 2004 1335 sustinenda,
2049 1274 2336 1340 tanquam
2376 1261 2687 1335 tibicines;
2731 1261 2870 1321 huic
2913 1261 3107 1339 partui
3128 1260 3346 1320 alendo

411 1342 466 1399 δι
506 1341 804 1413 curand0,
848 1355 1126 1417 tanquam
1167 1355 1441 1419 parentes
1477 1343 1757 1420 praefecit
1800 1344 1980 1404 Deus.
2025 1342 2532 1419 Quandoquidem
2577 1361 2720 1419 ergo
2765 1345 2802 1401 a
2824 1343 2956 1401 Deo
2978 1351 3067 1401 est
3088 1359 3340 1419 corpus,

409 1422 464 1479 δι
507 1425 543 1479 a
589 1425 719 1480 Deo
762 1422 901 1482 estis
943 1422 1081 1481 huic
1124 1423 1363 1500 corpori
1406 1421 1756 1501 praepositi..
1800 1426 1854 1483 δι
1898 1422 2201 1500 Vtriusque
2241 1424 2376 1482 Deo
2417 1421 2706 1482 rationem
2743 1421 3028 1482 reddituri
3060 1421 3115 1481 in
3141 1420 3347 1480 vltimo

411 1500 515 1560 illo
556 1502 686 1578 die3
726 1500 806 1561 ita
848 1519 1043 1561 rerum
1086 1515 1411 1562 vestrarum
1452 1504 1508 1564 ἃ
1552 1501 1853 1562 Ecclesiae
1886 1503 2067 1562 totius
2107 1501 2387 1580 satagite,
2429 1513 2493 1561 vt
2513 1514 2793 1579 tanquam
2817 1520 2963 1562 oues
2985 1502 3062 1561 de
3082 1499 3351 1561 instituto

410 1582 593 1649 vitae,
658 1586 711 1642 δι
776 1595 1055 1658 tanquam
1098 1593 1363 1658 pastores
1403 1583 1479 1642 de
1533 1582 1802 1642 instituto
1842 1582 2368 1644 administrationis
2411 1598 2639 1643 vestrae
2677 1581 2915 1659 possitis
2957 1581 3222 1641 Domino
3263 1578 3348 1640 illi

408 1663 463 1722 δι
508 1663 638 1721 Deo
680 1661 948 1722 omnium
994 1662 1391 1739 respondere,
1431 1662 1566 1723 freti
1607 1661 1904 1741 praesidio
1944 1662 2370 1742 gratiosissimo
2412 1661 2565 1724 illius
2599 1660 2692 1723 cui
2719 1681 2824 1722 vos
2847 1672 3085 1740 oportet
3106 1659 3349 1739 seruire,

410 1741 679 1802 Domino
721 1741 907 1801 nostri
950 1744 1082 1801 Iesu
1125 1741 1365 1803 Christi.

690 1948 746 2004 8.
832 1948 1088 2021 Propter
1116 1943 1362 2019 fratres
1402 1964 1554 2004 meos
1596 1946 1674 2005 ἐν·
1712 1947 1928 2005 amicos
1968 1965 2150 2022 meos,
2190 1947 2435 2022 eloquar
2471 1948 2590 2003 iam
2605 1989 2624 2020 ,
2653 1955 2792 2024 pax
2830 1947 2911 2005 sit
2951 1945 3070 2004 tibi.

806 2143 862 2200 9.
945 2123 1207 2201 Propter
1246 2123 1474 2182 domum
1518 2123 1773 2182 lehouae
1814 2125 1939 2183 Dei
1974 2123 2198 2200 nostri,
2228 2124 2578 2201 procurabo
2617 2123 2723 2183 tibi
2758 2124 2983 2182 bonum.

496 2302 760 2358 anuvu
821 2317 1005 2376 genus
1065 2310 1154 2359 est
1213 2298 1473 2359 docendi
1533 2299 1912 2361 communius
1966 2310 2067 2359 aut
2108 2299 2474 2376 euidentius,
2513 2304 2693 2377 quam
2734 2301 2902 2377 quod
2941 2301 3019 2360 ab
3059 2296 3349 2376 exemplis

426 2380 690 2440 sumitur.
753 2380 907 2440 Nam
968 2377 1378 2440 auctoritatem
1419 2397 1540 2440 non
1583 2399 1794 2441 omnes
1826 2391 2162 2461 agnoscunt
2211 2399 2480 2459 semper,
2512 2380 2591 2441 ad
2635 2398 2789 2457 quos
2830 2381 3080 2442 habetur
3115 2396 3347 2455 serm03

413 2461 669 2521 rationes
729 2478 939 2520 omnes
992 2479 1114 2520 non
1168 2460 1429 2537 capiunt.
1490 2472 1671 2538 atque
1734 2462 1884 2522 haec
1946 2462 2069 2521 duo
2132 2460 2420 2521 docendis
2475 2461 2817 2521 hominibus
2856 2460 3134 2521 attributa
3175 2469 3341 2534 sunt,

416 2553 696 2618 tanquam
740 2539 962 2601 lumina
1002 2539 1157 2599 intus
1196 2540 1250 2598 &
1292 2539 1433 2600 foris
1475 2540 1703 2601 homini
1747 2540 2176 2618 praelucentia,
2241 2555 2302 2601 vt
2338 2541 2691 2603 informetur
2730 2542 2804 2602 de
2848 2540 3126 2601 omnibus
3168 2542 3344 2601 rebus

416 2640 565 2697 quas
626 2621 704 2679 ab
765 2620 895 2696 ipso
957 2619 1244 2697 cognosci
1307 2623 1501 2680 refert.
1564 2622 1682 2681 Sed
1722 2625 1861 2681 cum
1903 2623 2051 2681 haec
2091 2622 2215 2680 duo
2256 2620 2480 2682 lumina
2518 2626 2671 2697 (vtut
2713 2623 2896 2682 homo
2938 2621 3347 2681 tenebricosus

416 2705 531 2776 est)
570 2702 980 2777 exemplorum
1020 2700 1393 2760 lineamentis
1433 2711 1568 2761 ante
1610 2705 1820 2761 oculos
1863 2700 2044 2779 ipsius
2064 2702 2521 2781 adumbrantur3
2563 2713 2688 2761 tum
2711 2703 2776 2762 fit
2800 2712 2860 2761 vt
2881 2703 3140 2760 humana
3161 2718 3347 2773 menS,

416 2782 887 2858 quibuscumque
940 2780 1295 2840 circumfusa
1344 2781 1633 2857 tenebris,
1674 2781 1843 2858 quasi
1882 2782 2129 2859 propitis
2166 2783 2410 2841 admota
2451 2782 2584 2841 luce
2624 2780 2823 2842 videat
2862 2781 3123 2853 acutiuS,
3165 2781 3219 2839 δι
3268 2778 3345 2838 ad

418 2862 642 2938 reliqua
685 2860 783 2919 illa
823 2860 1116 2935 ampliora
1155 2861 1380 2920 lumina
1419 2862 1742 2921 commode
1782 2860 2197 2940 percipienda,
2243 2863 2399 2921 velut
2441 2860 2803 2938 conspiciliis
2843 2861 3126 2936 admotiS,
3168 2858 3345 2938 pluri-

421 2960 582 3001 mum
628 2938 975 3000 adiuuetur:
1018 2940 1361 3018 praesertim
1402 2940 1450 3002 si
1490 2944 1568 3002 ab
1608 2940 1676 3001 iis
1719 2941 1857 3018 ipsis
1897 2940 2002 3019 qui
2044 2943 2192 3001 duas
2232 2941 2359 3001 illas
2391 2942 2583 3016 faces,
2619 2941 2982 3001 auctoritatis
3004 2943 3059 3000 &
3082 2939 3348 3015 rationis,

426 3024 797 3099 praeferunt,
839 3019 937 3079 illa
979 3023 1388 3097 exemplorum
1431 3020 1794 3081 adminicula
1834 3021 2008 3081 simul
2032 3023 2426 3097 praebeantur
2445 3024 2681 3081 coram:
2727 3040 2941 3098 nempe
2961 3021 3009 3081 si
3032 3020 3205 3080 iidem
3226 3022 3352 3096 typi

418 3102 532 3161 sint
574 3120 855 3178 operum,
898 3099 1001 3176 qui
1042 3119 1319 3161 sermone
1361 3099 1610 3177 docent,
1652 3104 1706 3161 δι
1749 3118 1901 3179 quae
1931 3101 2141 3162 dicunt
2180 3099 2414 3160 faciant.
2460 3104 2658 3178 Atque
2697 3101 2847 3159 haec
2887 3111 3205 3177 causaest,
3239 3116 3346 3161 cur

419 3181 637 3257 vhique
678 3181 944 3240 Christus
980 3181 1056 3241 de
1094 3180 1215 3241 suis
1254 3199 1589 3241 sermonem
1634 3182 1887 3253 habens,
1929 3182 2124 3241 facere
2166 3184 2219 3241 &
2260 3182 2512 3255 docere,
2553 3192 2834 3258 tanquam
2874 3181 2934 3241 in
2974 3200 3154 3240 vnum
3176 3199 3339 3240 com·

419 3260 670 3338 pege-rin
714 3263 767 3320 δι
813 3260 937 3336 ipse
978 3277 1220 3337 quoque
1260 3271 1567 3337 potentem
1609 3260 1785 3320 dictis
1824 3263 1879 3319 δε
1915 3260 2082 3321 factis
2123 3280 2250 3321 sese
2293 3260 2637 3321 ostenderit.
2681 3263 2894 3321 Paulus
2935 3260 3075 3320 item
3118 3279 3181 3319 se
3221 3279 3343 3321 non

419 3360 695 3400 sermone
737 3340 951 3407 modo,
992 3339 1097 3401 sed
1135 3339 1313 3400 etiam
1354 3359 1536 3416 opere
1578 3342 1755 3400 docet
1795 3340 2015 3401 ouibus
2057 3340 2275 3401 Christi
2315 3339 2668 3417 praeiuisse,
2709 3341 2763 3399 δι
2805 3359 3008 3401 seruos
3050 3339 3161 3399 Dei
3184 3360 3346 3417 prae·

421 3421 562 3497 cipit
621 3436 793 3496 typos
848 3439 976 3479 esse
1026 3420 1323 3480 bonorum
1381 3438 1631 3498 operum
1682 3424 1737 3481 δι
1790 3421 2056 3480 salutaris
2114 3420 2439 3481 doctrinae.
2501 3423 2761 3481 Iacobus
2799 3422 3085 3486 affirmat.
3125 3419 3172 3480 si
3213 3421 3347 3497 quis

422 3501 587 3559 audit
624 3519 960 3560 sermonem
1001 3501 1056 3560 δι
1100 3517 1237 3559 eum
1278 3520 1399 3560 non
1443 3511 1727 3578 praestat,
1768 3518 1904 3561 eum
1946 3500 2197 3561 similem
2232 3520 2360 3560 esse
2387 3499 2512 3561 viro
2533 3500 2930 3560 consideranti
2953 3500 3163 3560 faciem
3180 3519 3343 3561 suam

425 3581 681 3640 natiuam
745 3580 802 3639 in
867 3583 1151 3655 speculo:
1215 3600 1286 3639 ac
1329 3584 1645 3658 propterea
1683 3581 1847 3640 iubet
1887 3594 1947 3639 vt
1991 3599 2112 3640 non
2154 3580 2335 3641 simus
2373 3581 2672 3641 auditores
2711 3579 2985 3641 obliuiosi
3027 3582 3348 3654 sermoniS,

429 3662 530 3718 sed
594 3673 825 3719 actores
866 3659 1080 3735 operis.
1144 3661 1347 3720 Iacob.
1406 3680 1457 3719 1.
1503 3680 1595 3720 υ.
1642 3680 1710 3735 23
1777 3660 2006 3721 Omnes
2044 3660 2300 3738 denique
2344 3660 2615 3735 Apostoli
2653 3661 2710 3721 in
2754 3662 2871 3719 hoc
2913 3658 3178 3720 instituto
3220 3681 3345 3736 per-

428 3741 724 3818 stiterunt,
785 3761 860 3800 ne
919 3741 1164 3817 quando
1224 3743 1362 3801 cum
1416 3740 1544 3800 aliis
1594 3741 2037 3820 praedicarent,
2080 3740 2188 3820 ipsi
2228 3742 2438 3802 fierent
2478 3741 2718 3820 reprobi
2763 3744 2855 3802 vel
2895 3740 3244 3811 reiectanei,
3287 3754 3347 3802 vt

3184 3822 3348 3883 Pauli
