3923 4875
80 1331 97 1942 V-V-''V-X-V-Q'n'-

81 2141 96 2184 «Β.
81 2060 97 2121 'V-
85 1982 96 2018 o—

80 2305 97 2430 W·-

80 3425 96 3940 ὮὈΓΌ“““·“0-σ-
80 3196 95 3321 ”KR

442 0 516 25 §.A
524 0 643 24 cuv
700 0 1187 25 bummuuluuCul
1247 0 1476 27 mkal»
1488 0 1583 26 uu]
1597 13 1610 26 ι
1674 0 2159 27 bufflluuluuuclu
2221 0 2462 44 [uquam
2527 0 2582 44 KV
2594 0 2614 27 L
2677 0 2736 45 Pl
2747 0 3009 28 acucucu
3016 0 3072 27 tc
3128 0 3157 25 J.
3177 0 3365 29 §annu

441 43 837 121 ostendimus)
876 41 1133 122 primum
1174 46 1413 122 quidem
1454 64 1592 106 cum
1631 48 1767 107 Deo
1806 56 2048 125 nostr0,
2087 46 2303 109 deinde
2326 51 2466 108 vero
2488 46 2639 108 inter
2659 67 2804 125 nOS,
2845 58 3025 138 prout
3045 48 3105 108 in
3127 47 3365 109 Christo

436 141 623 185 vnum
682 140 901 202 corpus
959 123 1016 182 ὅτ
1078 143 1225 186 vnus
1284 125 1519 204 spiritus
1580 127 1775 187 effecti
1836 143 2057 188 sumus.
2117 128 2252 188 Illic
2305 145 2482 206 ergo,
2546 127 2608 188 id
2669 138 2788 205 est,
2853 145 2913 186 m
2953 126 3055 187 illa
3096 129 3366 190 Ecclesia

436 202 656 283 illaque
695 203 1115 265 communione
1155 218 1527 285 sanctorum,
1569 223 1749 284 quam
1789 207 2212 267 haereditatem
2252 205 2364 268 sibi
2404 206 2464 266 in
2507 205 2743 268 Christo
2783 226 2888 285 per
2909 208 3155 285 gratiam
3179 219 3362 269 aeter-

436 303 579 345 nam
620 283 878 345 adsciuit
916 286 1121 363 Pater,
1164 285 1467 347 obiectum
1508 285 1745 354 diuinae
1783 286 2005 365 gratiae
2027 290 2081 347 &
2104 285 2544 348 misericordiae
2565 298 2801 366 oportet
2819 306 3358 365 recognoscamus:

438 382 637 442 neque
695 365 890 425 solum
947 375 1013 424 vt
1070 364 1418 427 communio
1478 365 1790 445 spiritualis
1850 377 1969 446 est,
2027 385 2207 445 quam
2259 367 2745 428 communionem
2787 368 3008 428 habent
3048 367 3264 445 Angeli
3306 372 3360 429 &

439 443 689 524 Spiritus
746 443 1036 505 iustorum
1098 457 1580 507 consecratorum
1638 447 1699 508 in
1760 445 1976 527 caelis3
2037 446 2422 508 verumetiam
2481 458 2655 526 prout
2707 445 2805 507 hic
2846 447 2906 507 in
2948 447 3113 508 terris
3153 447 3362 509 haberi

437 534 671 617 potest,
710 522 1024 603 spiritualis
1063 528 1119 587 &
1159 525 1483 605 corporalis
1499 573 1517 606 ,
1556 526 1786 588 interna
1825 535 2186 605 externaque
2227 528 2550 588 secundum
2592 527 2865 589 ordinem
2910 529 2966 588 &
3009 527 3360 589 relationem

436 616 732 666 internam
770 612 1191 684 externamque
1229 610 1267 668 a
1299 608 1435 668 Deo
1476 606 1761 668 sancitam
1802 606 1864 668 in
1904 608 2091 668 verbo
2133 607 2332 685 ipsius,
2394 609 2531 668 Illic
2569 628 2710 686 ergo
2726 653 2744 686 ,
2804 606 2908 668 vbi
2948 607 3217 668 Ecclesia
3255 620 3362 686 est,

435 684 542 746 vbi
591 683 939 747 communio
989 696 1327 747 sanctorum
1367 689 1612 748 fratrum
1651 691 1769 749 vna
1806 686 2237 764 habitantium,
2280 687 2381 748 vbi
2422 687 2687 749 Christus
2730 686 3167 748 communionis
3208 685 3362 749 illius

438 765 893 826 fundamentum
953 764 1447 860 inexpugnabile,
1507 767 1610 829 vbi
1662 766 1981 830 Christiani
2019 766 2157 827 huic
2197 768 2580 829 fundamento
2620 767 2882 846 impositi
2924 787 3029 845 per
3076 769 3322 829 verbum
3344 814 3363 841 ,

439 846 609 924 quod
671 846 1005 925 Prophetae
1064 847 1119 906 &
1173 849 1450 926 Apostoli
1511 847 1907 928 tradiderunt;
1954 845 2058 908 vbi
2097 850 2134 907 a
2175 846 2351 909 nobis
2391 846 2631 925 quidem
2673 846 3146 925 imperfectiones
3187 851 3365 925 quam

438 925 762 1005 plurimae,
804 935 1033 987 mentes
1072 925 1509 1007 dissentientes,
1549 927 1732 989 animi
1772 926 2022 1005 diuersi,
2065 938 2315 988 conatus
2354 927 2615 1004 aduersi,
2658 947 2842 1006 opera
2883 928 2960 987 ad
3002 926 3364 1006 impietatem

438 1009 496 1069 δι
550 1004 891 1067 iniustitiam
946 1007 1079 1084 plus
1133 1007 1274 1068 satis
1316 1007 1673 1086 adspirantia
1714 1007 2047 1070 infirmitate
2088 1018 2324 1088 nostra3
2365 1009 2470 1070 sed
2504 1006 2791 1087 perfectio
2833 1007 3092 1068 maxima
3133 1013 3193 1067 in
3234 1009 3363 1067 fun·

437 1087 723 1147 damento
784 1088 841 1147 ὅτ
892 1084 1091 1147 radice
1128 1097 1363 1148 nostra:
1415 1087 1568 1167 illic,
1619 1088 1895 1166 inquam,
1937 1089 2244 1149 thesaurus
2285 1098 2445 1149 totus
2487 1086 2972 1149 benedictionum
3012 1087 3128 1149 Dei
3166 1087 3362 1149 certis-

435 1165 586 1227 sime
647 1175 737 1228 est
796 1165 1119 1245 depositus·
1180 1168 1322 1244 Quo
1382 1169 1486 1247 fit,
1546 1181 1611 1230 vt
1667 1186 2008 1247 quenquam
2067 1167 2368 1229 hominem
2428 1168 2490 1228 in
2550 1169 2664 1229 hac
2704 1167 3129 1229 communione
3168 1186 3364 1246 neque

436 1246 747 1320 nouimuS,
791 1263 987 1324 neque
1027 1245 1358 1309 iudicamus
1395 1250 1726 1309 secundem
1766 1267 2045 1310 carnem:
2087 1267 2228 1308 nam
2264 1259 2464 1309 vetera
2482 1247 2940 1328 praeterierunt,
2981 1247 3183 1309 omnia
3203 1264 3363 1308 noua

438 1327 598 1387 facta
659 1338 795 1388 sunt
857 1330 944 1403 (vt
1001 1327 1388 1389 antecedente
1426 1330 1665 1390 Psalmo
1706 1328 2076 1405 dicebamus)
2118 1328 2225 1388 sed
2265 1330 2592 1390 secundum
2638 1327 2936 1390 Christum
2965 1326 3362 1406 agnoscimuS,

436 1405 709 1498 qnamuis
748 1407 948 1466 adhuc
984 1407 1217 1470 laboret
1256 1408 1598 1487 grauissime
1640 1428 1714 1470 ex
1751 1408 2069 1470 vitiositate
2110 1426 2215 1469 sua
2256 1408 2361 1488 qui
2397 1408 2459 1469 in
2500 1408 2739 1470 Christo
2783 1411 2839 1470 δι
2879 1407 2939 1468 in
2960 1407 3073 1469 hac
3094 1425 3362 1468 commu·

435 1505 618 1548 mone
657 1495 762 1547 est.
1119 1509 1126 1517 ·

514 1567 739 1628 Modus
778 1567 990 1628 harum
1030 1584 1226 1628 rerum
1269 1570 1307 1628 a
1346 1569 1642 1661 Ptopheta
1681 1568 1860 1631 vnico
1901 1571 2088 1630 verbo
2129 1568 2484 1650 ostenditur,
2524 1570 2661 1630 cum
2701 1570 2987 1628 Iehouam
2991 1570 3365 1647 praecepisse

437 1646 566 1708 siue
606 1649 979 1707 mandauisse
1016 1659 1232 1709 narrat.
1275 1647 1339 1709 Si
1376 1666 1507 1727 quis
1548 1648 1707 1710 enim
1746 1661 1920 1728 roget
1956 1667 2136 1728 quem
2171 1649 2417 1710 modum
2437 1649 2715 1710 adhibeat
2735 1650 2898 1708 Deus
2920 1648 2979 1707 in
2999 1647 3362 1726 praestandis

434 1725 772 1788 actionibus
821 1726 969 1806 suis,
1010 1728 1501 1806 respondebimus
1544 1748 1617 1790 ex
1657 1730 1992 1808 Prophetae
2032 1727 2259 1807 verbiS,
2300 1731 2496 1790 Deum
2537 1728 2663 1790 sine
2703 1739 2872 1788 motu
2912 1746 3021 1788 suo
3059 1746 3263 1807 agere,
3304 1731 3359 1789 &

433 1808 567 1868 solo
610 1806 774 1868 dicto
815 1805 940 1868 siue
984 1808 1265 1870 mandato
1307 1825 1442 1889 su0,
1478 1809 1544 1872 id
1584 1820 1704 1889 est,
1744 1813 2051 1871 voluntate
2087 1810 2249 1887 apud
2293 1829 2357 1870 se
2397 1818 2689 1887 concepta
2707 1806 2972 1869 actiones
2992 1826 3127 1868 suas
3149 1818 3355 1884 poten-

427 1886 653 1948 tissime
689 1888 944 1950 efficere.
990 1888 1175 1965 Quod
1214 1887 1265 1951 si
1303 1889 1446 1951 alias
1485 1890 1605 1951 hoc
1646 1890 1832 1951 modo
1873 1889 2085 1968 efficit,
2126 1892 2287 1949 certe
2331 1892 2517 1951 multo
2559 1887 2747 1968 magis
2787 1907 2887 1949 eas
2929 1906 3076 1966 quas
3110 1886 3223 1948 sibi
3246 1886 3358 1948 soli

429 1965 727 2047 vindicat,
788 1969 844 2028 ὅτ
905 1985 1156 2045 quarum
1215 1969 1466 2048 gloriam
1526 1988 1665 2031 cum
1722 1969 1961 2030 nemine
2019 1969 2263 2030 homine
2323 1982 2425 2031 aut
2465 1979 2730 2030 creatura
2772 1970 2890 2029 vlla
2931 1967 3356 2029 communicat.

431 2045 632 2108 Huius
688 2045 922 2127 generis
979 2058 1178 2110 autem
1232 2060 1369 2111 sunt
1407 2052 1569 2112 bona
1607 2050 1927 2129 spiritualia
1946 2095 1967 2123 ,
2010 2066 2164 2127 quae
2203 2051 2282 2110 ad
2324 2050 2654 2111 Ecclesiam
2695 2048 3039 2127 perueniunt
3082 2048 3322 2109 caelitus
3338 2094 3356 2126 ,

432 2130 491 2189 δι
529 2126 866 2189 immediate
905 2131 943 2189 a
987 2130 1121 2190 Deo
1161 2128 1539 2207 perficiuntur
1580 2129 1639 2190 in
1674 2149 1927 2209 corpore
1969 2127 2218 2207 Christi,
2259 2130 2424 2207 quod
2464 2141 2552 2191 est
2593 2129 2881 2191 Ecclesia.

515 2206 769 2268 Accedit
818 2209 1067 2269 alterum
1122 2208 1347 2289 insigne
1387 2212 1444 2273 δι
1477 2208 1996 2289 pernecessarium,
2017 2209 2077 2269 in
2098 2210 2217 2270 hoc
2237 2209 2576 2288 praesertim
2596 2222 2866 2288 tempore
2895 2209 3359 2269 documentum:

433 2287 601 2366 quod
641 2287 918 2349 nimirum
950 2289 1153 2350 omnia
1171 2289 1271 2351 illa
1290 2291 1453 2352 bona
1472 2309 1624 2368 quae
1647 2293 1812 2352 Deus
1834 2288 2176 2351 timentibus
2196 2308 2260 2350 se
2280 2288 2670 2368 praeparauit,
2691 2300 3008 2368 praecepto
3033 2287 3156 2348 eius
3179 2289 3361 2348 semel

430 2368 515 2429 ita
555 2369 788 2429 fuerunt
821 2369 1170 2450 constituta,
1217 2381 1279 2431 vt
1332 2388 1639 2463 nunquam
1679 2369 1998 2449 quicquam
2038 2388 2246 2430 eorum
2288 2387 2439 2448 quae
2473 2369 2718 2432 instituit
2756 2371 2920 2429 Deus
2958 2371 3012 2429 &
3055 2367 3358 2448 praecepit

430 2448 740 2510 voluntate
779 2466 885 2510 sua
924 2449 1149 2527 inelu(f.
1193 2468 1223 2527 7
1231 2451 1568 2530 54)ctab11i,
1609 2450 1682 2513 sit
1721 2453 1982 2512 futurum
2023 2449 2264 2512 irritum.
2308 2453 2464 2511 Nam
2507 2456 2595 2528 (vt
2635 2450 2717 2511 ait
2754 2449 2958 2510 Esaias
2990 2469 3122 2527 cap.
3171 2470 3257 2524 14.
3299 2470 3359 2510 v.

437 2528 564 2609 27.)
622 2530 848 2591 Iehoua
910 2530 1272 2592 exercituum
1333 2530 1500 2593 iniuit
1539 2530 1881 2611 consilium,
1924 2534 1979 2592 &
2020 2531 2152 2608 quis
2191 2530 2418 2591 irritum
2461 2528 2672 2591 faciat?
2711 2531 2766 2589 δι
2808 2547 3054 2596 manum
3093 2528 3218 2590 eius
3260 2549 3355 2590 ex·

429 2620 656 2670 tentam
705 2608 839 2686 quis
886 2608 1150 2672 auertat?
1206 2612 1391 2688 Quod
1436 2611 1485 2673 si
1526 2612 1588 2672 in
1628 2613 1742 2672 hac
1782 2612 1993 2672 misera
2034 2609 2456 2672 constitutione
2496 2621 2700 2672 nostra
2740 2614 2928 2688 aeque
2968 2608 3029 2669 in
3069 2609 3243 2670 nobis
3285 2629 3357 2670 ac

431 2688 494 2750 in
534 2688 661 2751 aliis
709 2688 983 2751 fratribus
1024 2689 1238 2752 nostris
1278 2695 1333 2752 ὅτ
1374 2691 1557 2753 seruis
1596 2690 1841 2752 Domini
1880 2691 2068 2751 nostri
2107 2693 2241 2751 Iesu
2282 2690 2502 2753 Christi
2542 2689 2838 2751 interdum
2882 2695 3063 2768 quam
3105 2689 3358 2767 plurima

427 2768 953 2833 animaduertimus
993 2773 1199 2833 abesse
1237 2770 1580 2851 longissime
1619 2773 1699 2832 ab
1740 2772 1840 2832 illa
1880 2770 2106 2831 ratione
2149 2788 2330 2849 quam
2370 2770 2610 2833 salutari
2651 2769 2901 2832 consilio
2922 2788 3031 2832 suo
3056 2768 3360 2830 constituit

429 2851 628 2923 Deus;
670 2848 855 2912 immo
897 2850 1074 2912 etiam
1113 2854 1434 2913 nonnullos
1476 2852 1580 2930 qui
1618 2872 1693 2913 ex
1731 2851 1982 2913 consilio
2023 2849 2146 2912 eius
2187 2853 2263 2911 ad
2303 2853 2458 2912 hanc
2498 2849 2985 2912 communionem
3033 2850 3360 2927 pertinent,

429 2928 835 3008 indignissime
891 2932 1046 2992 hanc
1086 2930 1274 3010 ipsam
1314 2935 1798 2993 communionem
1839 2931 2133 3007 dissuere,
2175 2934 2230 2992 δι
2271 2929 2637 2992 atrocissime
2674 2949 3090 3009 perrumpere:
3152 2938 3354 2989 tamen

431 3028 557 3070 non
619 3010 698 3070 ad
759 3029 1037 3088 praesens
1093 3012 1332 3072 illorum
1380 3013 1631 3091 factum,
1673 3014 1779 3073 sed
1819 3012 1896 3072 ad
1937 3022 2242 3072 aeternum
2282 3010 2396 3072 Dei
2438 3011 2750 3072 consilium
2793 3021 2970 3087 atque
3013 3010 3358 3069 mandatum

429 3090 653 3169 gratiae
692 3090 911 3152 referre
949 3091 1181 3153 animos
1217 3103 1454 3154 nostros
1494 3103 1730 3171 oportet
1767 3090 2273 3171 constantissime3
2333 3103 2395 3151 vt
2437 3102 2562 3151 tum
2604 3089 2715 3169 ipsi
2754 3092 2829 3150 de
2870 3088 3046 3151 nobis
3088 3089 3355 3150 infirmis-

430 3170 595 3231 simis
635 3170 787 3232 vasis
828 3190 996 3249 spem
1028 3171 1435 3250 concipiamus
1474 3172 1536 3233 in
1576 3172 1877 3251 Domino,
1919 3183 2044 3232 tum
2080 3171 2255 3233 etiam
2277 3171 2354 3231 de
2374 3170 2502 3231 aliis
2527 3170 2771 3232 meliora
2791 3186 3093 3248 speremus
3114 3170 3356 3231 omnia:

430 3249 493 3312 in
534 3250 747 3327 quibus
788 3252 1169 3330 superciliose
1213 3253 1566 3314 damnandis
1605 3264 1783 3331 atque
1823 3250 2228 3330 expungendis
2269 3251 2485 3328 partim
2505 3251 2665 3311 facto
2688 3250 2981 3328 ipsorum,
3023 3256 3359 3327 partimque

429 3330 639 3392 studiis
678 3332 733 3391 δι
762 3330 1197 3394 infirmitatibus
1237 3334 1368 3412 plus
1406 3351 1601 3411 aequo
1642 3352 1885 3412 operam
1930 3334 2106 3411 (proh
2148 3330 2346 3409 dolor)
2367 3330 2791 3392 consumimus.
2813 3334 3022 3408 Itaque
3042 3329 3143 3390 hic
3169 3328 3360 3390 homi-

429 3430 572 3472 nem
623 3413 776 3472 male
828 3423 1102 3492 agentem
1147 3413 1345 3493 vide0,
1384 3412 1504 3474 illic
1543 3424 1741 3474 tamen
1779 3416 1976 3474 Deum
2018 3414 2169 3474 bene
2212 3412 2585 3472 ordinantem
2626 3413 3004 3489 contemplor
3045 3408 3106 3470 in
3147 3408 3358 3470 eadem

428 3491 856 3553 communione
918 3505 1283 3571 sanctorum,
1335 3495 1391 3552 δι
1442 3493 1542 3553 illa
1579 3493 1710 3571 ipsa
1749 3495 1903 3554 mala
1943 3511 2096 3570 quae
2139 3493 2217 3552 ab
2258 3491 2500 3553 homine
2540 3501 2674 3551 sunt
2714 3489 3083 3568 plenitudine
3125 3488 3359 3550 infinita

428 3570 653 3649 gratiae
692 3574 1074 3653 obtegentem
1089 3618 1107 3654 ,
1145 3584 1210 3633 vt
1249 3572 1510 3634 extincto
1555 3584 1805 3652 peccato
1845 3584 2106 3635 seruetur
2146 3573 2332 3633 homo
2373 3572 2451 3632 ad
2496 3571 2672 3632 vitam
2717 3573 2774 3631 in
2819 3569 2917 3632 die
2958 3570 3060 3631 illo
3083 3568 3357 3631 obtinen-

430 3651 591 3712 dam.
631 3655 828 3730 Atque
865 3651 962 3713 hic
1004 3656 1244 3715 demum
1286 3653 1702 3734 circumfulget
1737 3672 1849 3714 nos
1890 3654 1988 3714 illa
2029 3651 2282 3713 infinitas
2303 3650 2522 3743 gratiae
2543 3652 2598 3711 &
2619 3648 3066 3712 beneficientiae
3089 3648 3356 3726 diuinae,

430 3733 570 3792 cum
624 3731 682 3792 in
734 3733 977 3795 homine
1020 3734 1235 3796 misero
1277 3736 1332 3793 δι
1372 3733 1628 3812 peccatis
1671 3735 1849 3794 dante
1890 3753 2136 3812 operam
2177 3732 2499 3794 miserrime
2537 3732 2941 3793 animaduerto
2985 3729 3157 3791 simul
3174 3776 3213 3869 h
3217 3740 3358 3871 gum

3259 3830 3358 3871 em
