3923 4875
1343 335 1684 384 ‘tunsus
1744 331 2400 384 τιιιιοιοοιοιιιι.
3209 335 3320 402 231

490 506 585 563 28.
666 499 1024 562 Petitionum
1084 503 1162 562 ad
1223 521 1333 562 nos
1374 499 1762 580 spectantium
1803 499 1994 578 prima
2031 511 2119 560 est
2159 501 2236 559 de
2277 499 2452 560 rebus
2489 495 2790 576 corporeis
2832 499 2886 560 δι
2928 500 3205 561 omnibus
3243 503 3322 562 ad

404 579 585 644 vitam
624 583 781 642 hanc
824 581 1281 660 pertinentibus,
1320 582 1535 659 quibus
1574 599 1685 640 nos
1725 580 1945 640 habere
1987 597 2138 657 opus
2179 581 2344 640 nouit
2363 579 2635 639 coelestis
2665 581 2866 640 Pater:
2891 579 3147 658 reliquae
3169 582 3322 642 duae

411 667 571 726 bona
610 664 689 722 ad
735 661 915 721 vitam
958 662 1317 740 spiritualem
1362 660 1690 722 necessaria
1741 663 2236 737 complectuntur.

491 763 585 821 29.
665 743 937 802 Secunda
977 743 1133 802 enim
1174 753 1291 818 est,
1334 753 1398 802 vt
1437 743 1593 801 mala
1633 739 1943 818 praeterita
1982 739 2210 818 deleat,
2251 740 2306 798 δι
2347 739 2603 799 offensas
2622 737 2969 800 commissas
2987 739 3161 800 nobis
3182 759 3325 800 con-

408 826 597 884 donet
653 823 849 888 Deus.
912 839 1091 899 quam
1154 841 1279 882 rem
1342 823 1478 882 cum
1522 820 1893 900 impudenter
1924 830 2128 898 petant
2169 819 2206 895 ij
2247 819 2346 896 qui
2391 838 2512 879 non
2553 817 2665 896 ipsi
2704 818 3008 880 remittunt
3047 818 3328 880 omnibus

411 902 613 963 omnia
652 903 841 979 (quod
886 902 1139 962 filiorum
1168 901 1283 962 Dei
1324 901 1587 961 officium
1631 903 1743 978 est)
1782 901 2071 979 professio
2112 899 2342 960 adiecta
2381 909 2497 977 est,
2537 917 2650 958 nos
2665 898 2942 960 omnibus
2963 900 3195 960 malain
3216 919 3327 960 nos

408 982 665 1043 admisse
705 983 1068 1042 condonare.

490 1083 585 1140 30.
670 1062 872 1121 Tertia
913 1063 1205 1154 denique,
1245 1073 1309 1122 vt
1350 1061 1527 1122 nobis
1566 1061 1851 1121 aduersus
1885 1060 2040 1120 mala
2081 1061 2274 1130 futura
2313 1070 2552 1138 caueat,
2590 1075 2786 1136 neque
2805 1077 2917 1118 nos
2941 1059 3000 1119 in
3023 1071 3326 1152 posterum

410 1143 711 1222 permittat
772 1141 1065 1219 peruersis
1126 1144 1378 1202 Satanae
1438 1139 1915 1219 suggestionibus
1958 1151 2060 1199 aut
2099 1138 2402 1200 vitiositati
2443 1150 2708 1218 nostrae,
2747 1141 2854 1201 sed
2894 1138 3104 1201 liberet
3145 1159 3218 1199 ex
3259 1139 3326 1200 iis

412 1223 689 1283 omnibus
802 1221 1005 1282 atiose.

494 1322 591 1379 31.
674 1241 874 1378 Atgtiue
917 1303 1065 1362 haec
1107 1303 1363 1379 petenda
1409 1311 1544 1360 sunt
1583 1300 1784 1360 omnia
1824 1300 1901 1359 ad
1942 1298 2192 1378 gloriam
2233 1298 2377 1359 Dei:
2415 1297 2734 1376 spiritualia
2773 1298 3016 1376 quidem
3057 1299 3332 1378 simplici·

412 1393 503 1442 ter
544 1383 599 1441 δι
642 1381 771 1442 sine
814 1380 1166 1459 exceptione
1206 1383 1357 1456 vlla3
1400 1380 1735 1472 corporalia
1778 1384 1921 1440 vere
1963 1381 2019 1440 δι
2058 1379 2439 1457 temporalia,
2479 1379 2681 1440 addita
2721 1379 3068 1440 conditione
3077 1399 3332 1458 ,nempe

417 1472 709 1540 quatenus
751 1461 1027 1560 expedire
1068 1461 1235 1522 nouit
1276 1459 1345 1522 iis
1386 1461 1488 1538 qui
1530 1459 1757 1538 singula
1795 1459 2094 1538 dispensat
2133 1459 2347 1536 cuique
2381 1459 2818 1537 sapientissime.

498 1561 593 1618 32.
675 1543 747 1601 In
801 1539 1019 1618 primis
1046 1541 1205 1601 enim
1247 1540 1344 1600 hic
1387 1539 1661 1618 religiose
1698 1540 1895 1600 caueri
1938 1559 2180 1600 necesse
2221 1551 2340 1618 est,
2381 1559 2457 1601 ne
2495 1541 2633 1600 Deo
2673 1540 2922 1600 modum
2963 1550 3063 1599 aut
3103 1551 3336 1618 tempus

422 1620 925 1712 praescribamus
990 1622 1097 1681 sed
1156 1620 1405 1682 omnino
1468 1620 1805 1680 faciendum
1867 1631 1929 1680 vt
1971 1621 2262 1697 patienter
2302 1619 2493 1698 ipsum
2535 1639 2608 1680 ac
2663 1620 2961 1699 suspensis
3003 1619 3335 1698 desiderii5‚

424 1701 698 1779 quamuis
738 1697 1000 1779 persuasi
1042 1706 1206 1762 certo
1248 1717 1359 1761 nos
1399 1699 1663 1762 exaudiri
1700 1702 1776 1761 ab
1816 1719 1919 1777 e0‚
1959 1711 2387 1778 exspectemus,

1742 1959 2110 1972 *a

1374 2145 1533 2204 XLI.
1614 2145 1745 2204 DE
1818 2145 2404 2205 ORATIONE.

521 2343 685 2412 Cum
742 2347 1009 2430 aliquot
1061 2347 1609 2430 praecedentibus
1662 2348 2238 2432 disputationibus
2283 2348 2516 2432 inopia
2564 2359 2828 2426 nostra,
2879 2351 2952 2413 in
2999 2349 3186 2413 nobis
3231 2348 3341 2412 de-

425 2449 805 2505 monstrata
867 2440 994 2503 sit:
1058 2442 1127 2505 &
1178 2441 1251 2505 in
1308 2437 1574 2506 Christo
1623 2442 1813 2525 copia
1861 2462 2088 2505 eorum
2136 2442 2430 2505 omnium
2477 2462 2646 2525 quae
2690 2442 2878 2505 nobis
2922 2442 3020 2505 ad
3056 2442 3341 2505 salutem

426 2540 586 2595 sunt
628 2531 1049 2604 necessarias
1098 2530 1317 2596 simul
1354 2534 1557 2598 etiam
1605 2534 2127 2597 instrumentum
2173 2554 2299 2614 quo
2346 2533 2534 2596 nobis
2549 2534 2858 2615 gratiam
2883 2536 2928 2595 ὰ
2949 2532 3092 2595 Deo
3107 2532 3342 2615 gratis

427 2622 717 2687 oblatam
762 2622 1221 2705 applicamuS,
1273 2623 1464 2688 cuius
1512 2634 1732 2688 tamen
1780 2623 2254 2709 infirmitatem
2305 2624 2708 2687 conscientia
2754 2634 2991 2687 nostra
3030 2632 3339 2697 testatur,

430 2715 530 2778 ita
576 2724 654 2779 vt
694 2712 841 2778 eius
886 2714 1364 2779 incrementum
1412 2719 1455 2778 ὰ
1505 2715 1649 2779 Deo
1696 2716 1996 2797 quotidie
2031 2714 2384 2797 petendum
2430 2715 2567 2788 sit,·
2611 2714 2704 2777 Id
2740 2715 2901 2798 quia
2922 2715 3022 2800 fit
3041 2714 3345 2778 oratione

426 2807 521 2869 ad
562 2805 817 2879 Deum,
864 2804 945 2867 de
992 2826 1069 2867 ea
1117 2806 1190 2868 in
1228 2807 1585 2889 praesenti
1627 2806 2090 2889 disputatione
2132 2826 2334 2889 agere
2378 2806 2824 2871 instituimus.

1681 3035 2004 3094 Tussis
2062 3036 2108 3093 I.

512 3226 610 3285 De
649 3224 935 3287 Oratione
975 3226 1243 3305 religiosa
1282 3226 1527 3305 acturis,
1568 3236 1705 3286 ante
1748 3230 1954 3288 omnia
1995 3226 2119 3287 eius
2163 3228 2548 3303 definitionem
2592 3229 2674 3288 ob
2715 3229 2929 3288 oculos
2951 3244 3177 3303 ponere
3197 3244 3342 3287 con-

432 3304 623 3383 uenit,
684 3304 763 3365 ad
822 3324 1001 3382 quam
1061 3320 1295 3368 caetera
1336 3322 1490 3384 quae
1531 3306 1815 3382 deinceps
1856 3306 2112 3367 dicenda
2145 3317 2279 3367 sunt
2320 3327 2435 3368 con
2463 3307 2696 3369 modius
2741 3308 3080 3367 referantur.
3133 3306 3347 3367 Oratio

435 3386 633 3461 itaque
695 3396 785 3447 est
842 3386 1163 3464 praecipua
1204 3386 1388 3447 diuini
1431 3388 1622 3446 cultus
1662 3404 1797 3462 pars
1832 3386 1931 3445 illa
1973 3404 2090 3464 qua
2129 3390 2166 3447 a
2206 3390 2338 3479 solo
2380 3406 2524 3447 vero
2571 3388 2738 3464 Deo,
2783 3406 2964 3480 quae,
3004 3388 3060 3447 δι
3099 3402 3218 3465 qua
3261 3405 3346 3446 ra-

440 3466 603 3526 tione
642 3465 833 3525 voluit
873 3468 1268 3558 (13loan.5.
1318 3469 1413 3541 14)
1454 3466 1708 3543 petimus
1748 3466 1823 3525 ad
1865 3466 2123 3527 nominis
2161 3466 2342 3560 ipsius
2380 3467 2648 3546 gloriam.
2689 3467 2988 3545 Quoniam
3009 3478 3203 3527 autem
3225 3478 3350 3527 tota

440 3548 589 3605 haec
650 3546 728 3605 de
788 3545 1059 3606 oratione
1102 3545 1499 3607 consideratio
1540 3545 1797 3607 maxime
1836 3546 1895 3606 in
1937 3562 2046 3606 vsu
2087 3546 2279 3625 posita
2321 3558 2438 3622 est3
2480 3547 2604 3608 duo
2645 3546 2742 3608 hic
2789 3546 3126 3607 summatim
3169 3546 3348 3624 expli·

440 3623 739 3703 cabimus,
779 3626 995 3686 deinde
1026 3628 1277 3687 abusum
1328 3625 1709 3717 multiplicem
1752 3628 2189 3705 redarguemus.
2230 3630 2299 3687 In
2339 3628 2598 3706 genuino
2637 3638 2834 3688 autem
2873 3628 2936 3703 (f.
2986 3645 3151 3703 1702.
3158 3627 3346 3702 )Ora-

438 3704 617 3765 tionis
680 3721 787 3765 vsu
832 3705 954 3765 duo
994 3706 1373 3782 requirimus.
1417 3725 1671 3783 primum
1707 3706 1949 3783 quidem
1991 3716 2211 3767 rectam
2256 3708 2536 3769 orationis
2576 3706 3092 3769 constitutionem:
3133 3704 3351 3767 deinde

440 3788 583 3845 vero
625 3796 825 3862 aptam
867 3784 1089 3845 orantis
1155 3784 1623 3863 dispositionem.

525 3884 579 3925 2.
662 3868 764 3925 In
794 3876 955 3925 recta
996 3864 1279 3927 orationis
1314 3864 1735 3927 constitutione
1778 3866 1899 3925 duo
1942 3864 2412 3929 consideramus.
2451 3866 2741 3959 primum,
2779 3870 2838 3927 Α
2877 3884 3024 3945 quo:
3059 3866 3350 3945 secundo,

447 3944 615 4019 Quid
646 3946 968 4021 petendum
1010 3943 1104 4007 sit.
1147 3947 1242 4006 De
1288 3946 1487 4024 priore
1528 3944 1609 4005 ita
1647 3945 1982 4006 statuimus:
2021 3946 2368 4008 Orationem
2412 3913 2745 4039 religiosam
2785 3966 2908 4007 non
2953 3966 3080 4007 esse
3099 3947 3352 4006 reseren-

438 4024 579 4083 dam
641 4024 751 4085 nisi
812 4026 891 4086 ad
952 4042 1137 4085 vnum
1199 4027 1391 4086 solum
1448 4044 1659 4086 verum
1720 4027 1944 4104 Deum,
2009 4026 2276 4104 Patrem,
2335 4025 2581 4106 Filium,
2622 4028 2678 4085 δι
2716 4026 2998 4119 Spiritum
3039 4029 3352 4087 Sanctum:

436 4104 793 4195 Demens.
852 4124 941 4181 13.
1002 4107 1465 4179 Matth.4.1o.
1524 4106 1661 4166 Siue
1700 4106 1778 4167 ad
1818 4071 2052 4165 Pati-em
2091 4109 2286 4166 solum
2327 4109 2608 4167 referatur
2647 4105 3030 4184 nominatim,
3069 4117 3351 4184 tanquam

436 4180 787 4261 principium
829 4185 884 4243 δι
926 4187 1152 4245 sontem
1192 4184 1537 4264 diuinitatis,
1577 4188 1799 4247 Mottlz.
1844 4188 1899 4247 6.
1942 4188 2000 4245 6.
2041 4184 2166 4246 siue
2203 4184 2279 4245 ad
2319 4190 2511 4247 solum
2553 4186 2770 4265 filium,
2809 4198 3092 4265 tanquam
3127 4186 3350 4247 Media·

436 4272 626 4321 torem
667 4264 722 4322 δι
760 4266 997 4326 vnicum
1038 4264 1483 4326 intercessorem
1526 4276 1790 4325 nostrum
1833 4265 1995 4343 apud
2036 4267 2232 4326 Deum
2273 4268 2535 4327 Patrem:
2579 4270 2750 4327 Rom.
2800 4288 2889 4327 10.
2921 4287 3010 4345 13.
3030 4267 3210 4345 idque
3229 4286 3352 4327 non

442 4344 563 4419 qua
602 4344 824 4425 homo,
866 4356 967 4405 aut
1008 4346 1192 4406 homo
1236 4347 1461 4406 tantum
1502 4350 1665 4422 (nam
1705 4364 1945 4406 carnem
1985 4344 2203 4407 Christi
2240 4365 2349 4423 per
2386 4367 2450 4408 se
2488 4347 2828 4427 simpliciter
2843 4347 3210 4409 adorandam
3227 4366 3357 4424 per-

3044 4430 3354 4507 negamus)
