3923 4875
628 293 739 340 120
1561 293 1887 342 THBSES
1944 293 2588 342 Tntotoolcat.

1435 527 1540 586 VI.
1619 525 1751 586 DE
1810 525 2713 585 TRADITIONIBVS.

704 718 753 757 1.
835 700 1101 759 Verbum
1162 699 1277 758 Dei
1338 710 1439 758 aut
1492 701 1772 782 ἔγγραφον
1815 713 1899 760 est
1914 747 1931 775 ,
1973 709 2074 760 aut
2115 700 2386 780 ἄγραφον.
2447 697 2807 776 Scripturam
2848 715 3078 759 sacram
3129 700 3374 759 verbum
3410 717 3538 758 esse

535 783 543 790 ‘
623 781 935 858 ἔγγραφον,
974 780 1355 856 auctoritate,
1396 780 1795 859 perfectione,
1836 783 2022 842 modo
2064 781 2119 839 &
2159 781 2276 839 flue
2296 797 2406 840 suo
2428 779 2694 839 diuinum
2714 781 2770 837 δε
2790 797 3084 838 canonem
3104 777 3537 856 authenticum,

622 863 906 917 hactenus
948 859 1055 919 fuit
1094 860 1589 920 demonstratum.
1629 861 1757 918 Iam
1798 861 1875 920 de
1918 861 2187 941 ἀγράφῳ,
2229 857 2355 919 siue
2395 878 2517 919 non
2559 857 2814 937 scripte,
2853 857 3033 918 nobis
3069 859 3394 918 videndum
3423 869 3538 936 est,

590 937 787 1016 ‘quod
828 939 1070 998 nomine
1110 939 1493 999 traditionum
1536 940 1833 998 donarunt
1874 939 2060 998 multi.

706 1035 757 1076 2.
839 1016 1199 1078 Traditionis
1238 1037 1358 1078 vox
1396 1018 1600 1096 latiuS,
1643 1029 1745 1078 aut
1782 1018 2084 1096 angustius
2125 1017 2389 1078 sumitur.
2435 1019 2636 1078 Priore
2677 1018 2862 1078 modo
2896 1017 3186 1096 significat
3205 1017 3536 1078 doctrinam

625 1095 951 1173 quamlibet
1010 1098 1287 1175 scriptam
1304 1142 1321 1174 ,
1381 1110 1482 1159 aut
1521 1116 1646 1158 non
1683 1097 1961 1176 scriptam
2003 1097 2064 1157 in
2104 1098 2488 1159 Testamento
2527 1099 2604 1158 N.
2645 1101 2700 1158 δι
2739 1100 2816 1157 V.
2855 1107 2920 1157 vt
2963 1118 3016 1158 2.
3065 1099 3264 1172 Thess.
3311 1118 3362 1156 2.
3423 1099 3538 1158 Po-

626 1175 872 1254 steriore
921 1182 1065 1238 vere
1106 1177 1393 1255 significat
1430 1197 1594 1256 eam,
1635 1194 1789 1254 quae
1826 1195 1951 1237 non
1989 1181 2028 1235 a
2067 1177 2378 1254 Prophetis
2417 1189 2517 1238 aut
2557 1177 2862 1254 Apostolis
2901 1177 3118 1269 scripta
3157 1187 3281 1255 est,
3317 1177 3422 1238 sed
3461 1177 3540 1237 ab

626 1255 697 1314 iis
736 1255 873 1317 viua
909 1277 1063 1318 voce
1104 1257 1315 1317 dicitur
1356 1257 1637 1335 exposita.
1680 1259 1857 1316 Hanc
1896 1257 2193 1317 affirmant
2234 1257 2562 1338 Pontificij3
2601 1277 2713 1317 nos
2752 1255 3197 1336 distinguimuS,
3239 1274 3390 1335 quae
3419 1275 3540 1316 non

626 1334 763 1394 satis
800 1341 937 1414 apte
975 1348 1076 1396 aut
1114 1341 1253 1397 vere
1292 1341 1371 1396 ab
1407 1336 1523 1397 illis
1565 1337 1987 1396 obtenduntur.

705 1434 760 1489 3.
844 1417 969 1478 Etsi
1030 1427 1223 1477 autem
1283 1415 1660 1476 Traditiones
1718 1416 1803 1476 illi
1860 1416 1921 1475 in
1983 1413 2259 1491 Diuinas,
2314 1416 2725 1495 Apostolicas,
2766 1417 2821 1475 &
2866 1415 3308 1476 Ecclesiasticas
3345 1418 3542 1476 solent

625 1493 1015 1574 distinguere,
1056 1497 1133 1555 ab
1174 1495 1523 1557 authoribus
1562 1496 1851 1572 ipsarum:
1894 1505 2091 1554 tamen
2135 1497 2274 1571 quia
2311 1495 2457 1558 illud
2499 1496 2644 1556 nihil
2683 1497 2762 1556 ad
2801 1515 2924 1556 rem
2968 1506 3336 1573 praesentem
3368 1495 3540 1574 facit3

628 1576 877 1634 alterum
920 1575 1364 1636 distinctionum
1404 1592 1615 1654 genuS,
1658 1577 1825 1651 quod
1864 1578 1903 1634 a
1940 1575 2186 1634 materia
2222 1575 2485 1656 ducitur,
2525 1579 2586 1638 in
2627 1577 2745 1636 hoc
2785 1578 2924 1636 loco
2959 1576 3098 1636 satis
3117 1577 3376 1636 futurum
3399 1593 3538 1635 con-

626 1654 879 1714 fidimus.
942 1657 1101 1734 Sunt·
1145 1655 1301 1714 enim
1343 1653 1685 1714 traditiones
1724 1653 1873 1714 aliae
1914 1653 2052 1714 facti
2070 1699 2088 1731 ,
2128 1665 2271 1733 puta
2309 1657 2652 1734 historicae3
2690 1655 2840 1716 aliae
2877 1654 3046 1734 iuriS,
3085 1667 3226 1733 puta
3267 1673 3419 1732 quae
3461 1655 3538 1714 ad

628 1733 806 1792 fidem
822 1777 840 1812 ,
883 1753 1111 1809 moreS,
1152 1745 1254 1793 aut
1294 1733 1661 1811 disciplinam
1708 1734 2022 1812 pertinent.

705 1831 761 1885 4.
843 1813 1219 1873 Traditiones
1281 1813 1589 1873 historicas
1646 1815 2010 1892 appellamus
2068 1833 2168 1874 eas
2183 1859 2201 1892 ,
2259 1813 2474 1892 quibus
2525 1813 2804 1875 historiae
2843 1825 3154 1874 narrantur
3193 1819 3231 1874 ὲ,
3271 1814 3540 1892 Christo,

626 1892 967 1970 Prophetis,
1008 1892 1342 1970 Apostolis,
1382 1903 1485 1953 aut
1522 1893 1915 1972 Euangelistis
1952 1893 2134 1970 ipsius
2173 1905 2401 1973 gestae,
2442 1911 2696 1971 quorum
2737 1896 2898 1955 nulla
2937 1905 3136 1954 tamen
3175 1894 3235 1953 in
3256 1893 3542 1971 scriptura

630 1971 935 2030 Canonica
976 1973 1224 2032 habetur
1262 1973 1505 2033 mentio,
1548 1975 1703 2033 Nam
1740 1973 1883 2034 alias
1922 1977 2228 2050 praeterea
2267 1973 2446 2034 fuisse
2488 1983 2678 2052 gestas
2707 1977 2887 2050 quam
2907 1990 3060 2050 quae
3079 1972 3379 2050 scripturis
3399 1992 3540 2034 con·

625 2049 887 2110 tinentur
952 2054 1089 2112 cum
1148 2053 1275 2130 ipsa
1326 2054 1505 2114 docet
1547 2053 1723 2130 ratio,
1766 2063 1893 2113 tum
1934 2055 2232 2113 Iohannes
2270 2064 2515 2114 testatur
2553 2053 2864 2132 euangelio
2905 2071 3014 2113 suo
3055 2073 3186 2130 cap.
3231 2073 3306 2112 ao
3345 2057 3400 2114 δι
3445 2073 3476 2112 2
3493 2073 3539 2112 ι.

626 2131 847 2189 Earum
886 2135 1029 2198 vere
1069 2131 1435 2192 narrationes
1474 2139 1637 2206 (nam
1679 2135 1971 2193 habentur
2010 2134 2303 2209 quaedam
2343 2133 2506 2210 apud
2546 2135 2915 2194 orthodoxos
2955 2135 3182 2210 Patres)
3212 2132 3416 2192 sicum
3437 2132 3539 2192 illo

628 2228 862 2270 canone
921 2211 1312 2286 conueniunt,
1369 2209 1741 2289 suscipimus:
1804 2213 1854 2272 si
1894 2212 2278 2291 dissentiunt,
2317 2213 2758 2292 improbamuS,
2797 2213 2846 2274 si
2886 2232 3008 2273 non
3053 2211 3437 2280 dissentiunt,
3479 2212 3538 2271 in

629 2289 827 2349 medio
868 2290 1281 2370 relinquimus,
1324 2291 1547 2352 nemini
1588 2293 1765 2352 fidem
1806 2293 2288 2369 praescribentes.
2791 2363 2800 2370 ‚

710 2384 763 2447 5.
844 2371 1253 2432 Traditionum
1314 2375 1457 2431 vero
1508 2371 1738 2433 illarum
1779 2389 1931 2450 quae
1975 2383 2111 2431 sunt
2150 2371 2210 2430 in
2249 2373 2374 2432 iure
2412 2371 2642 2451 positae
2683 2371 2832 2432 ratio
2869 2381 2960 2432 est
3000 2372 3320 2451 multiplex.
3383 2371 3536 2430 Nam

625 2450 771 2509 aliae
812 2452 889 2511 ad
928 2452 1215 2513 rationem
1254 2452 1393 2512 fidei
1433 2452 1671 2531 proprie
1710 2455 1765 2513 δι
1804 2472 1910 2530 per
1953 2472 2017 2513 se
2056 2451 2374 2529 pertinent:
2417 2452 2566 2513 aliae
2605 2454 2684 2513 ad
2723 2452 3012 2513 rationem
3053 2471 3317 2531 morum,
3357 2454 3414 2512 δι
3457 2452 3539 2511 in-

628 2530 955 2591 stituendae
1016 2532 1196 2611 vitae3
1256 2532 1407 2592 aliae
1456 2532 1711 2609 denique
1752 2532 1831 2591 ad
1870 2532 2160 2593 rationem
2201 2531 2549 2611 disciplinae
2589 2533 3173 2609 ceremoniarumque
3213 2532 3386 2592 illius.
3445 2533 3540 2591 De

626 2609 719 2669 his
759 2610 969 2671 ordine
1012 2612 1331 2671 videamus.

705 2692 761 2749 6.
843 2689 1220 2752 Traditiones
1258 2692 1335 2751 ad
1377 2691 1665 2752 rationem
1704 2690 1844 2752 fidei
1882 2690 2246 2769 pertinentes
2288 2691 2516 2769 aliquas
2557 2710 2684 2753 esse
2697 2737 2716 2771 ,
2757 2694 2812 2751 δι
2851 2710 2979 2751 esse
3015 2690 3368 2751 necessarias
3388 2692 3540 2751 affir-

628 2780 791 2829 mant
850 2771 1171 2850 Pontificij,
1230 2790 1341 2831 nos
1386 2789 1689 2849 negamus
1750 2773 1905 2831 Nam
1958 2771 2260 2849 Scriptura
2308 2773 2365 2832 S.
2409 2772 2862 2832 instrumentum
2901 2781 2990 2832 est
3033 2770 3299 2831 diuinum
3339 2770 3548 2830 diuina·

626 2850 991 2925 perfectione
1052 2853 1108 2911 δε
1166 2854 1351 2911 modo
1410 2850 1719 2911 continens
1778 2854 2036 2927 perfecte
2097 2853 2359 2929 regulam
2421 2851 2590 2929 fidei,
2647 2868 2802 2928 quae
2840 2850 3014 2911 vnica
3051 2863 3172 2927 est,
3211 2850 3538 2926 eademque

624 2948 889 3007 semper,
928 2932 984 2991 δι
1023 2933 1153 2992 sola
1190 2930 1602 3003 immutabiliS,
1642 2930 1737 2991 cui
1776 2930 1921 2990 nihil
1964 2931 2214 3009 addere,
2256 2931 2524 3009 demere,
2565 2947 2788 2991 nouare
2833 2934 2948 3009 fas,
2989 2942 3166 3008 atque
3206 2934 3292 3006 (vt
3312 2932 3538 2991 Tertul-

625 3007 815 3069 lianus
873 3010 1156 3086 loquitur)
1217 3009 1684 3071 irreformabilis:
1741 3028 2026 3087 quorsum
2065 3008 2241 3089 igitur
2284 3008 2695 3071 Traditiones?
2753 3012 2910 3069 Tum
2949 3014 2986 3069 a
3025 3013 3154 3071 sola
3189 3010 3541 3070 authoritate

626 3088 739 3146 Dei
800 3099 887 3148 est
945 3090 1083 3151 fidei
1132 3090 1449 3151 auctoritas
1466 3134 1484 3165 ,
1524 3095 1711 3167 eaque
1752 3091 1905 3151 adeo
1946 3089 2009 3149 in
2050 3090 2109 3149 S.
2155 3090 2466 3168 Scripturts
2505 3090 2849 3168 obsignata,
2890 3102 2954 3151 vt
2991 3091 3250 3150 deletum
3295 3089 3364 3149 iri
3403 3107 3538 3167 pro-

625 3168 935 3227 nuncietur
984 3188 1118 3230 eum
1160 3169 1263 3247 qui
1292 3170 1626 3248 addiderit,
1670 3168 1941 3230 minuerit
1979 3181 2081 3229 aut
2121 3170 2436 3231 mutauerit
2473 3170 2535 3230 in
2576 3189 2649 3230 ea
2686 3169 3022 3247 quicquam.
3063 3172 3269 3246 Itaque
3309 3179 3536 3229 tantum

626 3248 819 3325 abest,
883 3258 946 3308 vt
994 3249 1340 3309 traditiones
1398 3250 1473 3309 de
1523 3250 1641 3309 fide
1685 3249 1861 3309 nobis
1916 3248 2034 3308 sint
2072 3249 2471 3321 necessariae,
2523 3262 2590 3309 vt
2630 3252 2840 3310 contra
2879 3249 3123 3310 omnino
3163 3248 3238 3309 sit
3277 3268 3541 3311 necessa-

621 3324 806 3405 rium,
852 3346 929 3387 ne
968 3329 1309 3389 traditiones
1351 3329 1427 3389 de
1465 3329 1581 3389 fide
1619 3330 1941 3389 habeamus
1981 3328 2038 3388 in
2081 3328 2350 3390 Ecclesia
2393 3330 2526 3390 Dei.

713 3422 763 3481 7.
848 3407 967 3467 Sed
1005 3407 1144 3483 quia
1182 3408 1568 3469 traditionum
1604 3409 1813 3467 harum
1854 3407 2264 3468 auctoritatem
2304 3413 2361 3470 &
2400 3410 2734 3486 exemplum
2777 3410 3000 3469 nullum
3041 3409 3270 3469 adferre
3288 3418 3536 3485 possunt

626 3487 728 3563 qui
769 3505 868 3547 eas
912 3488 1288 3564 praedicant,
1328 3489 1521 3548 solent
1560 3486 1850 3563 Pontificij
1893 3488 1972 3547 ad
2013 3486 2362 3549 traditiones
2403 3506 2557 3566 quae
2595 3498 2696 3547 aut
2733 3490 2811 3548 de
2850 3488 3149 3567 moribus,
3188 3499 3289 3549 aut
3328 3488 3404 3547 de
3425 3486 3538 3547 dis-

626 3566 843 3643 ciplina
884 3578 1052 3646 sunt,
1089 3579 1190 3628 aut
1230 3568 1308 3628 de
1348 3566 1621 3642 historia,
1662 3568 2001 3646 confugere.
2055 3569 2213 3627 Nam
2252 3570 2418 3644 quod
2459 3566 2648 3645 (verbi
2685 3567 2894 3645 gratia)
2935 3568 3014 3628 de
3055 3570 3261 3627 beatae
3301 3566 3540 3644 virginis

632 3648 910 3707 θεοτόκου
970 3659 1253 3725 perpetua
1310 3646 1642 3725 virginitate
1700 3657 1993 3721 asserunt,
2056 3650 2112 3707 &
2170 3666 2283 3709 nos
2345 3648 2586 3709 minime
2623 3664 2940 3726 negamuS,
2979 3647 3042 3708 id
3083 3646 3409 3707 traditionis
3449 3662 3538 3706 est

626 3724 973 3788 historicae:
1015 3738 1247 3787 caetera
1287 3728 1484 3786 ferme’
1511 3724 1713 3786 or'nnia
1752 3730 1787 3786 e
1827 3725 2172 3804 disciplinae
2211 3727 2528 3788 traditione
2567 3737 2718 3787 sunt.
2761 3729 2905 3787 Hoc
2943 3732 3088 3788 vero
3127 3726 3380 3787 alienum
3421 3738 3536 3803 est,

624 3806 789 3878 quod
834 3825 907 3866 ex
948 3826 1063 3867 vna
1104 3806 1299 3885 specie
1338 3808 1582 3866 alteram
1618 3807 1872 3883 probare
1903 3809 2142 3885 volunt,
2176 3808 2230 3866 δι
2253 3808 2660 3888 ἀσυλλόγιςον.
2701 3808 2794 3866 De
2814 3806 3228 3868 traditionibus
3247 3804 3538 3867 historicis

626 3882 687 3941 in
730 3885 879 3945 thesi
920 3906 975 3961 4.
1019 3885 1533 3965 praescripsimus:
1578 3885 1653 3945 de
1692 3885 1819 3946 aliis
1860 3885 2056 3963 itaque
2095 3885 2417 3945 videamus

708 3963 765 4023 8.
845 3966 1259 4027 Traditionum
1298 3984 1452 4043 quae
1491 3966 1569 4026 ad
1610 3983 1807 4025 mores
1847 3964 2142 4042 pertinent
2179 3964 2588 4025 auctoritatem
2631 3975 2732 4024 aut
2757 3984 2832 4025 ex
2853 3967 3109 4044 Natura,
3139 3976 3238 4025 aut
3259 3984 3331 4025 ex
3350 3963 3538 4042 Scrip-

626 4049 759 4102 tura
818 4045 937 4121 peti
998 4065 1239 4107 necesse
1298 4055 1421 4123 est,
1461 4046 1643 4122 idque
1683 4044 2029 4122 simpliciter
2067 4044 2259 4122 prime
2301 4048 2355 4106 δε
2395 4064 2502 4122 per
2541 4064 2606 4104 se
2621 4091 2639 4122 ,
2680 4055 2781 4105 aut
2819 4046 2997 4106 etiam
3037 4044 3373 4124 analogice,
3415 4064 3539 4123 per-

628 4120 829 4197 spicue
890 4136 990 4184 aut
1030 4127 1299 4187 obscure.
1363 4127 1520 4185 Nam
1561 4124 1610 4183 si
1649 4124 1794 4203 quid
1827 4128 1925 4185 vel
1965 4126 2234 4185 Ecclesia
2273 4136 2421 4197 tota,
2467 4135 2663 4202 extra,
2703 4136 2934 4203 praeter
2949 4170 2966 4199 ,
2999 4130 3104 4185 aut.
3143 4136 3351 4185 contra
3386 4126 3538 4184 hanc

634 4201 1048 4265 authoritatem
1065 4251 1084 4284 ,
1150 4210 1245 4267 vel
1292 4204 1528 4265 alterius
1564 4205 1771 4264 harum
1812 4214 2116 4282 statueret,
2157 4204 2288 4282 pios
2330 4209 2487 4264 certe
2525 4222 2602 4263 ne
2641 4204 2753 4282 ipsi
2791 4206 3030 4282 quidem
3071 4206 3373 4265 Ecclesiae
3409 4220 3540 4263 aus-

630 4282 849 4341 cultare
890 4296 1205 4361 oporteret.

3241 4384 3296 4443 9.
3379 4363 3534 4423 Cum
