3923 4875
94 524 111 563 ι

95 606 109 647 ι

94 688 109 727 ι

94 770 107 811 ι

95 834 107 907 [ε

95 932 107 973 ι

95 1014 107 1055 ι

94 1096 107 1137 ι

94 1178 107 1221 ι

1407 328 1815 375 munster
1872 332 2084 375 rans
2141 330 2181 372 1.
3125 334 3240 391 407

424 490 898 567 Fenicularium,
936 490 1061 550 siue
1102 509 1303 550 earum
1342 508 1496 567 quae
1534 489 1611 549 ad
1650 488 1966 567 singularia
2005 492 2274 549 membra
2313 488 2614 549 Ecclesiae
2635 488 2962 567 pertinent,
2987 490 3106 550 loci
3127 492 3248 551 duo

324 584 498 631 sunt.
538 573 693 631 Nam
734 582 821 631 est
860 590 1056 631 sermo
1097 570 1321 645 consilij
1356 569 1894 645 exhortationisque
1916 588 2063 630 vers,
2094 590 2116 627 1
2143 583 2232 629 est
2261 588 2411 648 opus
2433 569 2868 629 communionis
2888 584 3254 649 sanctorum,

328 670 495 711 vers.
552 672 604 711 2.
660 652 1007 711 Sermonem
1059 649 1295 725 concilij
1350 654 1405 710 δι
1456 649 1875 710 exhortationis
1926 652 2224 727 Propheta
2264 650 2519 727 explicat
2557 649 2787 725 dicens,
2829 668 2892 709 se
2931 653 3000 709 de
3037 654 3112 710 iis
3151 654 3256 728 qui

328 733 603 791 dicerent
634 734 777 808 apsi,
819 750 1015 789 eamus
1057 733 1119 789 in
1159 732 1385 789 domum
1426 731 1681 789 lehouae
1718 731 1994 790 laetatum
2035 748 2178 790 esse.
2219 732 2438 791 Sensus
2477 740 2593 790 est:
2637 730 2872 790 duobus
2911 731 3252 791 nominibus

330 811 508 889 pium
560 812 707 872 illud
760 812 815 869 &
870 810 1203 888 religiosum
1254 809 1533 887 gaudium
1584 809 1643 869 in
1684 808 1909 887 priuata
1947 828 2052 869 sua
2093 828 2271 870 causa
2307 814 2346 869 a
2387 810 2616 871 Dauide
2656 810 2832 870 fuisse
2872 824 3248 888 perceptum:

332 910 482 951 nam
534 894 589 951 &
641 908 1025 967 personarum
1066 890 1385 950 dicentium
1430 901 1695 967 respectu
1734 889 1899 949 illum
1940 890 2116 951 fuisse
2154 892 2430 950 affectum
2467 890 2717 969 gaudi0,
2771 890 2826 947 &
2866 909 3062 951 rerum
3102 910 3248 968 quas

334 971 627 1031 dicebant
664 971 799 1031 illae
839 970 1059 1030 Dauidi
1098 972 1469 1030 consulentes
1506 982 1683 1047 atque
1720 972 2092 1046 gratulantes,

422 1054 519 1111 Ac
558 1068 941 1128 personarum
982 1050 1225 1127 quidem
1262 1049 1573 1110 nobiscum
1614 1052 1691 1109 de
1730 1068 1915 1127 regno
1956 1050 2071 1110 Dei
2112 1050 2502 1110 laborantium
2543 1060 2814 1129 respectu
2853 1050 3078 1127 percipi
3113 1070 3252 1129 gau-

336 1131 511 1191 dium
550 1136 587 1190 a
626 1131 801 1192 nobis
840 1142 1115 1208 oportere
1156 1132 1379 1189 Natura
1417 1131 1474 1189 &
1515 1130 1811 1207 Scriptura
1851 1130 2089 1190 docent.
2132 1131 2286 1191 Cum
2327 1131 2485 1191 enim
2523 1134 2562 1189 a
2599 1128 2810 1191 natura
2847 1150 3055 1193 omnes
3075 1134 3256 1192 simus

334 1214 421 1271 ab
462 1230 581 1271 vno
621 1209 911 1289 principio
953 1210 1097 1286 orti,
1140 1228 1347 1270 omnes
1388 1209 1559 1269 vnius
1596 1207 1843 1287 speciei,
1884 1228 2094 1270 omnes
2133 1210 2414 1288 socialeS,
2458 1230 2666 1271 omnes
2705 1209 2910 1271 iisdem
2953 1211 3126 1271 bonis
3155 1232 3254 1271 na-

334 1292 627 1353 turalibus
684 1310 757 1351 ac
814 1290 997 1351 veluti
1055 1290 1400 1367 pignoribus
1458 1290 1757 1360 instructi,
1816 1306 2204 1366 quaecunque
2261 1292 2342 1349 ad
2391 1291 2903 1351 conseruationem
2944 1292 3163 1369 speciei
3201 1294 3258 1353 δι

336 1370 639 1432 societatis
699 1374 990 1433 humanae
1050 1370 1377 1449 pertinent3
1438 1372 1705 1447 profecto
1746 1370 1801 1427 δι
1840 1367 1986 1446 sibi,
2045 1372 2100 1429 δι
2140 1370 2387 1446 speciei,
2450 1373 2505 1430 &
2545 1370 2840 1442 societati,
2905 1372 2962 1431 δι
3001 1372 3259 1431 Naturae

337 1452 602 1530 denique
640 1450 752 1513 toti
790 1451 1081 1529 putandus
1121 1462 1209 1510 est
1248 1450 1573 1525 aduersari,
1622 1449 1883 1527 quisquis
1922 1468 2057 1510 suas
2098 1452 2401 1511 facultates
2440 1469 2562 1510 non
2604 1452 2800 1511 studet
2840 1456 2914 1512 eo
2955 1454 3256 1527 conferre,

339 1534 399 1592 δι
442 1551 515 1593 ex
556 1531 639 1593 eis
678 1551 801 1593 non
840 1530 1017 1591 sentit
1054 1530 1352 1609 gaudium.
1396 1528 1595 1605 Quid?
1634 1548 1835 1589 nonne
1874 1530 2033 1590 ferae
2077 1528 2133 1588 in
2177 1548 2285 1590 suo
2328 1548 2544 1609 genere
2581 1530 2664 1590 sic
2696 1534 2958 1591 seruntur
2977 1531 3254 1592 instinctu

340 1612 625 1688 naturali,
663 1623 729 1672 vt
768 1610 1025 1689 speciem
1064 1628 1233 1670 suam
1270 1622 1511 1686 curent,
1553 1613 1608 1670 &
1647 1620 1965 1687 propterea
2003 1609 2212 1685 etiam,
2253 1610 2354 1670 vbi
2393 1628 2546 1687 opus
2585 1612 2714 1671 sore
2754 1610 3071 1679 senserint,
3113 1631 3254 1672 con-

339 1690 695 1771 gregentur?
736 1692 983 1751 Caetera
1019 1690 1341 1751 animantia
1382 1688 1555 1767 (Plin.
1586 1689 1688 1750 lib.
1727 1706 1783 1764 7.
1820 1690 2018 1748 Natur.
2063 1690 2220 1765 hist.)
2263 1690 2322 1749 in
2363 1709 2471 1750 suo
2513 1708 2728 1767 genere
2767 1691 2957 1768 probe
2998 1692 3250 1769 degunt:

339 1772 693 1850 congregari
732 1771 1030 1850 videmuS,
1073 1774 1128 1831 &
1166 1782 1318 1830 stare
1360 1781 1569 1830 contra
1606 1767 1937 1829 dissimilia:
1981 1770 2252 1829 Leonum
2294 1770 2490 1830 feritas
2531 1770 2684 1831 inter
2721 1790 2784 1831 se
2817 1789 2941 1831 non
2977 1770 3254 1831 dimicat:

336 1864 681 1929 serpentum
734 1870 965 1913 morsus
1020 1869 1144 1911 non
1194 1850 1341 1928 petit
1394 1861 1723 1927 serpentes:
1780 1867 1855 1908 ne
1908 1849 2084 1908 maris
2136 1850 2378 1927 quidem
2431 1851 2662 1911 belluae
2699 1870 2772 1910 ac
2812 1850 3004 1927 pisces
3047 1852 3152 1912 nisi
3196 1852 3255 1911 in

342 1932 578 1993 diuersa
629 1951 845 2011 genera
894 1931 1179 1993 saeuiunt.
1240 1932 1317 1990 Et
1364 1940 1460 2001 tu,
1514 1932 1699 1990 homo
1748 1933 1787 1989 a
1834 1928 2001 2001 feri3‚
2052 1930 2278 1990 ratione
2333 1930 2631 2008 praeditus
2669 1932 2750 1991 ab
2790 1931 3158 2011 expertibuS,
3202 1936 3257 1992 &

340 2012 579 2073 socialis
616 2018 653 2072 a
692 2011 959 2073 solitariis
1001 2007 1283 2071 vincaris?
1322 2021 1387 2070 tu
1425 2028 1670 2086 operam
1712 2010 1845 2086 deS,
1884 2019 1946 2068 vt
1987 2008 2213 2069 feritate
2252 2013 2307 2070 &
2329 2010 2755 2071 abalienatione
2777 2010 2976 2071 vincas
2997 2024 3256 2085 caetera,

342 2094 399 2152 δε
439 2094 499 2153 in
538 2104 645 2154 tuo
684 2091 865 2171 ipsius
904 2102 1145 2151 naturae
1185 2094 1389 2151 funere
1430 2089 1820 2167 triumphator
1859 2088 1968 2148 tibi
2007 2086 2296 2149 videaris?

422 2176 491 2233 In
532 2172 735 2251 primis
762 2183 961 2232 autem
994 2181 1295 2248 respectus
1335 2168 1644 2229 hominum
1676 2167 1807 2246 pios
1836 2170 2152 2229 affecturus
2185 2181 2274 2230 est
2291 2170 2544 2247 gaudio,
2569 2171 2705 2229 cum
2727 2170 2976 2230 aliorum
2997 2172 3256 2231 studium

344 2273 483 2331 erga
532 2256 729 2313 Deum
778 2254 835 2313 δι
874 2272 1013 2331 erga
1052 2270 1117 2311 se
1157 2249 1319 2328 pium
1360 2247 1913 2309 animaduerterint:
1967 2250 2471 2325 quemadmodum
2511 2250 2810 2327 Propheta
2851 2252 3025 2313 nobis
3065 2272 3258 2313 exem-

342 2334 507 2411 plum
548 2334 667 2393 hoc
707 2334 845 2393 loco
888 2332 1113 2408 statuit,
1154 2330 1357 2390 dicens
1396 2348 1459 2389 se
1497 2329 1718 2389 laetari
1752 2330 1819 2387 de
1850 2329 2172 2388 hominibus
2203 2330 2514 2391 dri-entibus
2531 2332 2642 2389 sibi
2661 2332 2716 2389 &
2737 2349 2801 2389 se
2823 2332 3258 2408 alloquentibus

345 2413 445 2491 pio
486 2412 587 2473 illo
630 2430 935 2490 sermone,
984 2410 1087 2489 qui
1124 2412 1261 2488 post
1300 2409 1632 2488 exponitur.
1676 2408 1829 2468 Nam
1872 2408 1938 2468 fit
1978 2407 2218 2486 quidem
2263 2410 2604 2488 plurimum,
2656 2426 2720 2470 vt
2761 2410 2807 2470 si
2848 2412 2980 2488 quis
3021 2430 3130 2474 nos
3173 2434 3257 2474 re-

344 2493 557 2570 fugiat,
610 2497 649 2552 a
700 2505 903 2553 nostra
954 2489 1491 2551 communicatione
1544 2490 1887 2561 abhorreat,
1938 2497 2260 2566 nostraque
2315 2489 2576 2567 ipsorum
2619 2491 2777 2550 bona
2817 2504 3119 2552 auersetur
3157 2505 3258 2553 aut

344 2583 593 2650 auertat,
632 2573 843 2632 iustam
886 2572 1059 2632 nobis
1101 2589 1341 2630 causam
1380 2571 1599 2630 habere
1638 2566 1938 2628 videamur
1973 2587 2080 2628 cur
2098 2588 2219 2628 non
2239 2570 2602 2647 gaudeamus
2622 2570 2698 2630 de
2719 2569 2858 2648 illis,
2900 2584 3001 2631 aut
3023 2572 3254 2632 illorum

343 2653 527 2712 bono.
568 2651 695 2712 Etsi
734 2654 881 2711 haec
922 2651 1049 2728 ipsa
1085 2648 1437 2710 abalienatio
1476 2649 1639 2708 nullo
1682 2647 1804 2708 iure
1846 2647 2084 2724 probari
2127 2659 2346 2728 potest,
2371 2651 2506 2710 ciun
2533 2650 2879 2725 particulare
2901 2650 2993 2730 (vt
3014 2657 3254 2728 vocant)

346 2733 597 2806 sactum,
634 2733 701 2804 (f.
731 2732 872 2807 687)
907 2734 962 2791 &
1002 2728 1364 2808 particularis
1402 2745 1605 2804 causa,
1662 2727 1721 2787 id
1772 2739 1889 2804 est,
1940 2727 2146 2788 vitium
2186 2729 2356 2788 huius
2395 2740 2496 2788 aut
2537 2729 2687 2789 illius
2728 2731 2806 2790 de
2843 2729 2970 2791 iure
3013 2732 3258 2792 naturali

346 2829 465 2870 non
518 2809 703 2888 possit
740 2812 1062 2888 derogare,
1114 2808 1337 2869 nedum
1376 2810 1697 2886 abrogare,
1746 2809 1803 2868 δι
1843 2805 2098 2868 hominis
2138 2808 2377 2884 odium,
2417 2808 2702 2869 inuidiam
2720 2855 2737 2887 ,
2777 2808 3142 2887 inimicitiaS,
3186 2811 3257 2871 si-

347 2892 642 2968 multates,
681 2889 919 2950 iniurias
961 2907 1261 2950 excusare.
1304 2888 1423 2948 Sed
1462 2889 1600 2947 cum
1640 2887 1912 2948 homines
1944 2885 2238 2949 eiusmodi
2257 2900 2391 2948 sunt
2413 2907 2553 2968 erga
2573 2907 2712 2966 nos,
2753 2899 2816 2948 vt
2837 2891 3001 2966 quod
3025 2893 3252 2950 bonum

346 2982 460 3046 est,
500 2969 727 3048 dicant,
768 2973 825 3031 δι
866 2969 1041 3030 nobis
1078 2968 1309 3046 dicant3
1350 2976 1451 3027 aut
1490 2966 1541 3028 si
1568 2966 1729 3026 aliud
1758 2969 1939 3043 quarn
1975 2967 2200 3027 bonum
2222 2967 2500 3041 dixerint,
2544 2979 2740 3028 tamen
2763 2971 2964 3031 animo
2987 2983 3257 3048 spectant

346 3050 419 3109 ad
460 3051 717 3128 bonum,
768 3049 1039 3127 quamuis
1080 3047 1453 3126 decipiantur
1489 3046 1687 3124 specie
1726 3045 1909 3106 illius:
1965 3046 2350 3107 inhumanum
2393 3060 2513 3126 est,
2569 3048 2620 3108 si
2660 3049 2789 3125 quis
2831 3069 2904 3110 eo
2947 3050 3254 3111 hominum

346 3130 498 3189 facto
540 3148 663 3190 non
700 3129 987 3190 afficiatur
1026 3127 1244 3207 gaudio
1261 3173 1278 3205 ,
1320 3131 1375 3188 &
1416 3128 1494 3188 de
1530 3127 1629 3186 illa
1668 3137 1869 3186 sancta
1906 3125 1988 3186 ad
2025 3127 2252 3186 bonum
2274 3127 2746 3206 conspiratione,
2786 3129 3057 3206 quamuis
3077 3131 3258 3191 caeca

345 3220 441 3268 aut
492 3208 884 3287 caecutiente,
938 3210 1275 3286 gratuletur.
1328 3209 1527 3284 Atque
1582 3208 1733 3266 haec
1781 3224 1963 3266 causa
2010 3216 2100 3267 est
2137 3225 2246 3267 cur
2283 3208 2508 3285 priscos
2548 3207 2680 3268 illos
2722 3209 3061 3270 Corinthios
3105 3211 3258 3270 hanc

347 3288 721 3349 certissimam
764 3287 1064 3349 materiam
1108 3285 1305 3367 gaudij
1344 3287 1773 3364 relinquentes,
1814 3289 1871 3346 &
1909 3285 1968 3345 in
2009 3303 2118 3347 suo
2161 3285 2428 3364 ipsorum
2467 3289 2620 3347 fastu
2663 3290 2718 3347 &
2758 3290 3002 3350 fratrum
3025 3290 3257 3367 imperi·

348 3366 557 3428 tiorum
596 3380 945 3447 contemptu
984 3368 1427 3444 insolescentes,
1466 3365 1808 3444 grauissime
1848 3367 2062 3426 Paulus
2102 3367 2400 3428 monuerit
2439 3367 2670 3444 dicens,
2727 3369 2820 3428 De
2860 3369 3257 3447 spiritualibus

348 3447 545 3526 doniS,
586 3449 819 3526 fratres,
860 3448 1046 3508 nolim
1085 3466 1195 3509 vos
1234 3447 1295 3506 in
1332 3445 1667 3524 ignorantia
1706 3445 1941 3506 versari.
1981 3444 2140 3507 scitis
2178 3464 2290 3506 vos
2327 3459 2532 3524 gentes
2574 3447 2777 3526 fuisse,
2831 3450 2934 3528 qui
2981 3452 3059 3510 ad
3095 3449 3256 3510 idola

346 3528 437 3586 illa
478 3537 639 3587 muta
657 3573 673 3604 ,
716 3539 893 3605 prout
933 3527 1057 3604 rapi
1079 3525 1447 3605 contigisset,
1470 3523 1938 3603 abripiebamini.
1981 3525 2360 3603 Quapropter
2379 3536 2587 3588 notum
2609 3527 2780 3588 vobis
2799 3530 2984 3608 facie,
3023 3531 3252 3589 nullum

348 3625 443 3684 per
482 3607 748 3684 spiritum
790 3607 905 3668 Dei
944 3610 1284 3684 loquentem
1326 3605 1524 3666 dicere
1564 3607 1761 3664 Iesum
1802 3605 2138 3664 Anathema
2155 3649 2173 3682 ,
2215 3605 2272 3664 δι
2311 3607 2615 3668 neminem
2633 3625 2809 3684 posse
2834 3608 3034 3669 dicere
3055 3613 3254 3670 Iesum

349 3687 695 3757 Dominum,
738 3685 851 3746 nisi
888 3707 993 3764 per
1033 3685 1311 3766 Spiritum
1351 3685 1413 3746 S.
1453 3687 1513 3745 S.
1544 3704 1567 3742 1
1594 3683 1733 3744 Cor.
1764 3703 1853 3742 12.
1884 3703 1935 3744 1.
1960 3703 2014 3744 2.
2034 3703 2092 3762 3.
2133 3695 2414 3761 tanquam
2455 3685 2504 3746 si
2533 3687 2787 3762 diceret,
2826 3688 3088 3765 iniquam
3125 3709 3252 3750 esse

346 3764 487 3826 inter
543 3766 814 3826 homines
868 3766 1025 3828 illam
1080 3763 1535 3827 aemulationem
1588 3779 1705 3840 qua
1746 3765 1842 3838 alij
1884 3763 2034 3824 alios
2076 3763 2348 3825 videntur
2385 3776 2679 3827 antestare
2694 3813 2712 3845 ,
2763 3768 2820 3826 &
2881 3767 3099 3846 primas
3139 3769 3251 3830 sibi

348 3856 615 3923 arrogant
652 3866 726 3907 ex
764 3845 1145 3923 spiritualium
1186 3845 1475 3905 donorum
1514 3841 1893 3903 conscientia.
1938 3845 2094 3904 Nam
2133 3842 2258 3904 siue
2298 3845 2376 3904 ad
2415 3847 2574 3907 dona
2615 3847 2970 3926 respexeris,
3011 3848 3136 3908 siue
3173 3851 3252 3909 ad

348 3943 443 3985 eos
479 3926 639 4002 ipsos
678 3925 781 4002 qui
822 3944 894 3986 ea
932 3925 1233 3986 obtinent:
1273 3923 1477 3985 omnia
1512 3922 1609 3983 isti
1648 3923 1913 3983 humano
1947 3923 2122 3984 fastui
2152 3925 2209 3983 &
2237 3925 2606 4004 arrogantiae
2628 3943 2974 4019 repugnare.
3017 3928 3250 3989 Etenim

348 4005 417 4064 ad
454 4024 526 4064 ea
563 4005 727 4082 quod
764 4004 997 4077 attinet,
1038 4003 1285 4065 omnino
1319 4003 1481 4064 dona
1498 4019 1657 4081 esse:
1698 4021 1773 4062 ac
1796 4003 2048 4081 proinde
2065 4001 2290 4064 alienae
2305 4005 2556 4082 gratiae,
2595 4023 2718 4065 non
2745 4008 2972 4068 virtutis
2991 4018 3246 4068 nostrae.

348 4087 643 4146 Praeterea
680 4083 1001 4162 spiritualia
1040 4103 1189 4145 esse:
1231 4101 1355 4144 non
1395 4101 1539 4160 ergo
1578 4081 1770 4142 carnis
1808 4093 1909 4142 aut
1948 4085 2194 4144 naturae
2221 4095 2488 4164 nostrae,
2529 4085 2634 4145 sed
2655 4085 2889 4164 spiritus
2909 4091 2964 4148 &
2983 4089 3249 4148 caelestis

346 4165 555 4243 gratiae
568 4207 587 4242 ,
627 4176 803 4242 prout
842 4163 903 4224 in
942 4163 1152 4225 eadem
1192 4182 1227 4224 e
1269 4162 1444 4224 istola
1480 4161 1715 4222 dicebat
1752 4164 2078 4240 Apostolus
2093 4207 2110 4240 ,
2147 4162 2298 4240 Quis
2337 4176 2424 4224 est
2443 4165 2548 4241 qui
2568 4164 2847 4226 discernit
2865 4165 2960 4227 te?
2981 4178 3082 4227 aut
3103 4167 3249 4244 quid

348 4247 516 4305 habes
553 4245 717 4322 quod
758 4263 883 4305 non
921 4243 1223 4322 acceperis
1296 4243 1462 4320 quod
1504 4253 1703 4302 autem
1740 4243 1819 4301 ad
1858 4261 1965 4303 eos
2003 4242 2274 4303 homines
2309 4243 2410 4321 qui
2432 4245 2592 4305 dona
2612 4245 2722 4304 ista
2745 4265 2846 4322 per
2868 4247 2980 4306 Dei
2999 4248 3245 4325 gratiam

348 4323 717 4402 participant,
756 4341 863 4384 eos
901 4326 1039 4384 cum
1080 4334 1317 4400 natura,
1358 4335 1482 4382 tum
1522 4320 1791 4382 anteacta
1822 4321 2212 4400 experientia,
2233 4324 2288 4382 &
2313 4335 2617 4400 praesente
2639 4325 2872 4402 spiritus
2885 4327 3070 4387 diuini
3091 4328 3246 4387 testi-

3041 4423 3246 4466 momo
