<?xml version="1.0" encoding="UTF-8"?>
<!DOCTYPE html PUBLIC "-//W3C//DTD XHTML 1.0 Transitional//EN"
    "http://www.w3.org/TR/xhtml1/DTD/xhtml1-transitional.dtd">
<html xmlns="http://www.w3.org/1999/xhtml" xml:lang="en" lang="en">
 <head>
  <title>
</title>
<meta http-equiv="Content-Type" content="text/html;charset=utf-8" />
  <meta name='ocr-system' content='tesseract 3.04.00' />
  <meta name='ocr-capabilities' content='ocr_page ocr_carea ocr_par ocr_line ocrx_word'/>
</head>
<body>
  <div class='ocr_page' id='page_1' title='image "./dfranciscijunii00junigoog_0298.png"; bbox 0 0 3923 4875; ppageno 0'>
   <div class='ocr_carea' id='block_1_1' title="bbox 1344 359 3326 420">
    <p class='ocr_par' dir='ltr' id='par_1_1' title="bbox 1344 359 3326 420">
     <span class='ocr_line' id='line_1_1' title="bbox 1344 359 3326 420; baseline -0.004 -9"><span class='ocrx_word' id='word_1_1' title='bbox 1344 361 1678 413; x_wconf 70' lang='lat' dir='ltr'><strong>&#39;rar-‚sus</strong></span> <span class='ocrx_word' id='word_1_2' title='bbox 1742 359 2394 410; x_wconf 64' lang='lat' dir='ltr'><strong>rntotoorcate.</strong></span> <span class='ocrx_word' id='word_1_3' title='bbox 3219 359 3326 420; x_wconf 80' lang='lat'><strong>271</strong></span> 
     </span>
    </p>
   </div>
   <div class='ocr_carea' id='block_1_2' title="bbox 414 523 3364 4446">
    <p class='ocr_par' dir='ltr' id='par_1_2' title="bbox 414 523 3332 694">
     <span class='ocr_line' id='line_1_2' title="bbox 414 523 3332 610; baseline -0.004 -13"><span class='ocrx_word' id='word_1_4' title='bbox 414 553 619 598; x_wconf 84' lang='lat' dir='ltr'><strong>mensa</strong></span> <span class='ocrx_word' id='word_1_5' title='bbox 680 532 951 610; x_wconf 90' lang='lat' dir='ltr'><strong>Domini,</strong></span> <span class='ocrx_word' id='word_1_6' title='bbox 1012 551 1119 610; x_wconf 90' lang='lat' dir='ltr'><strong>per</strong></span> <span class='ocrx_word' id='word_1_7' title='bbox 1178 531 1602 610; x_wconf 84' lang='lat' dir='ltr'><strong>metonymiam</strong></span> <span class='ocrx_word' id='word_1_8' title='bbox 1659 529 1940 606; x_wconf 85' lang='lat' dir='ltr'><strong>subiecti,</strong></span> <span class='ocrx_word' id='word_1_9' title='bbox 2001 548 2084 588; x_wconf 89' lang='lat' dir='ltr'><strong>sc.</strong></span> <span class='ocrx_word' id='word_1_10' title='bbox 2127 546 2237 606; x_wconf 90' lang='lat' dir='ltr'><strong>pro</strong></span> <span class='ocrx_word' id='word_1_11' title='bbox 2277 545 2450 587; x_wconf 85' lang='lat' dir='ltr'><strong>sacro</strong></span> <span class='ocrx_word' id='word_1_12' title='bbox 2491 526 2592 587; x_wconf 92' lang='lat' dir='ltr'><strong>illo</strong></span> <span class='ocrx_word' id='word_1_13' title='bbox 2634 523 2772 587; x_wconf 91' lang='lat' dir='ltr'><strong>cibo</strong></span> <span class='ocrx_word' id='word_1_14' title='bbox 2813 525 2870 586; x_wconf 87' lang='lat'>&amp;</span> <span class='ocrx_word' id='word_1_15' title='bbox 2911 535 3087 603; x_wconf 90' lang='lat' dir='ltr'><strong>potu,</strong></span> <span class='ocrx_word' id='word_1_16' title='bbox 3131 525 3234 602; x_wconf 92' lang='lat' dir='ltr'><strong>qui</strong></span> <span class='ocrx_word' id='word_1_17' title='bbox 3273 525 3332 585; x_wconf 89' lang='lat' dir='ltr'><strong>in</strong></span> 
     </span>
     <span class='ocr_line' id='line_1_3' title="bbox 418 611 1693 694; baseline -0.005 -18"><span class='ocrx_word' id='word_1_18' title='bbox 418 635 623 677; x_wconf 88' lang='lat' dir='ltr'><strong>mensa</strong></span> <span class='ocrx_word' id='word_1_19' title='bbox 661 613 884 694; x_wconf 89' lang='lat' dir='ltr'><strong>apponi</strong></span> <span class='ocrx_word' id='word_1_20' title='bbox 926 614 1077 672; x_wconf 90' lang='lat' dir='ltr'><strong>solet</strong></span> <span class='ocrx_word' id='word_1_21' title='bbox 1116 613 1389 674; x_wconf 87' lang='lat' dir='ltr'><strong>conuiuis</strong></span> <span class='ocrx_word' id='word_1_22' title='bbox 1426 611 1693 672; x_wconf 88' lang='lat' dir='ltr'><strong>Domini.</strong></span> 
     </span>
    </p>

    <p class='ocr_par' dir='ltr' id='par_1_3' title="bbox 414 685 3345 1730">
     <span class='ocr_line' id='line_1_4' title="bbox 500 685 3337 769; baseline -0.003 -14"><span class='ocrx_word' id='word_1_23' title='bbox 500 717 553 756; x_wconf 84' lang='lat'><strong>2.</strong></span> <span class='ocrx_word' id='word_1_24' title='bbox 635 696 893 756; x_wconf 84' lang='lat' dir='ltr'><strong>Ratione</strong></span> <span class='ocrx_word' id='word_1_25' title='bbox 934 693 1538 769; x_wconf 81' lang='lat' dir='ltr'><strong>circumstantiarum,</strong></span> <span class='ocrx_word' id='word_1_26' title='bbox 1578 689 1759 752; x_wconf 82' lang='lat' dir='ltr'><strong>varia.</strong></span> <span class='ocrx_word' id='word_1_27' title='bbox 1801 688 2062 748; x_wconf 89' lang='lat' dir='ltr'><strong>Primum</strong></span> <span class='ocrx_word' id='word_1_28' title='bbox 2105 688 2446 766; x_wconf 89' lang='lat' dir='ltr'><strong>impositum</strong></span> <span class='ocrx_word' id='word_1_29' title='bbox 2487 685 2596 746; x_wconf 81' lang='lat' dir='ltr'><strong>fuit</strong></span> <span class='ocrx_word' id='word_1_30' title='bbox 2633 689 2711 746; x_wconf 90' lang='lat' dir='ltr'><strong>ab</strong></span> <span class='ocrx_word' id='word_1_31' title='bbox 2754 688 3050 763; x_wconf 89' lang='lat' dir='ltr'><strong>Apostolo</strong></span> <span class='ocrx_word' id='word_1_32' title='bbox 3085 695 3337 747; x_wconf 88' lang='lat' dir='ltr'><strong>vocante</strong></span> 
     </span>
     <span class='ocr_line' id='line_1_5' title="bbox 414 763 3338 856; baseline -0.003 -20"><span class='ocrx_word' id='word_1_33' title='bbox 414 776 479 836; x_wconf 90' lang='lat' dir='ltr'><strong>id</strong></span> <span class='ocrx_word' id='word_1_34' title='bbox 522 777 827 856; x_wconf 68' lang='grc' dir='ltr'><strong>Κυριακὸν</strong></span> <span class='ocrx_word' id='word_1_35' title='bbox 866 775 1099 832; x_wconf 68' lang='grc' dir='ltr'><strong>δεῖπνον</strong></span> <span class='ocrx_word' id='word_1_36' title='bbox 1141 778 1223 850; x_wconf 81' lang='grc' dir='ltr'><strong>(ι.</strong></span> <span class='ocrx_word' id='word_1_37' title='bbox 1270 776 1402 832; x_wconf 84' lang='lat' dir='ltr'><strong>C&#39;or.</strong></span> <span class='ocrx_word' id='word_1_38' title='bbox 1455 792 1545 832; x_wconf 88' lang='lat'><strong>11.</strong></span> <span class='ocrx_word' id='word_1_39' title='bbox 1592 773 1713 846; x_wconf 86' lang='lat'><strong>20.)</strong></span> <span class='ocrx_word' id='word_1_40' title='bbox 1752 786 1875 846; x_wconf 89' lang='lat' dir='ltr'><strong>quo</strong></span> <span class='ocrx_word' id='word_1_41' title='bbox 1919 768 2270 829; x_wconf 84' lang='lat' dir='ltr'><strong>allusionem</strong></span> <span class='ocrx_word' id='word_1_42' title='bbox 2313 766 2452 827; x_wconf 86' lang='lat' dir='ltr'><strong>facit</strong></span> <span class='ocrx_word' id='word_1_43' title='bbox 2493 767 2571 826; x_wconf 89' lang='lat' dir='ltr'><strong>ad</strong></span> <span class='ocrx_word' id='word_1_44' title='bbox 2609 763 3006 844; x_wconf 84' lang='lat' dir='ltr'><strong>vespertinum</strong></span> <span class='ocrx_word' id='word_1_45' title='bbox 3027 765 3173 826; x_wconf 90' lang='lat' dir='ltr'><strong>illud</strong></span> <span class='ocrx_word' id='word_1_46' title='bbox 3193 779 3338 826; x_wconf 88' lang='lat' dir='ltr'><strong>tem·</strong></span> 
     </span>
     <span class='ocr_line' id='line_1_6' title="bbox 418 845 3338 934; baseline -0.003 -20"><span class='ocrx_word' id='word_1_47' title='bbox 418 873 559 934; x_wconf 89' lang='lat' dir='ltr'><strong>pus,</strong></span> <span class='ocrx_word' id='word_1_48' title='bbox 626 873 747 932; x_wconf 92' lang='lat' dir='ltr'><strong>quo</strong></span> <span class='ocrx_word' id='word_1_49' title='bbox 802 854 1095 913; x_wconf 86' lang='lat' dir='ltr'><strong>Dominus</strong></span> <span class='ocrx_word' id='word_1_50' title='bbox 1135 865 1339 914; x_wconf 88' lang='lat' dir='ltr'><strong>noster</strong></span> <span class='ocrx_word' id='word_1_51' title='bbox 1376 853 1452 912; x_wconf 89' lang='lat' dir='ltr'><strong>ad</strong></span> <span class='ocrx_word' id='word_1_52' title='bbox 1496 863 1751 912; x_wconf 90' lang='lat' dir='ltr'><strong>mortem</strong></span> <span class='ocrx_word' id='word_1_53' title='bbox 1791 850 1976 910; x_wconf 89' lang='lat' dir='ltr'><strong>iturus</strong></span> <span class='ocrx_word' id='word_1_54' title='bbox 2013 849 2134 908; x_wconf 89' lang='lat' dir='ltr'><strong>hoc</strong></span> <span class='ocrx_word' id='word_1_55' title='bbox 2172 847 2513 907; x_wconf 85' lang='lat' dir='ltr'><strong>conuiuium</strong></span> <span class='ocrx_word' id='word_1_56' title='bbox 2559 845 2806 906; x_wconf 87' lang='lat' dir='ltr'><strong>instituit</strong></span> <span class='ocrx_word' id='word_1_57' title='bbox 2845 846 3144 906; x_wconf 88' lang='lat' dir='ltr'><strong>Paschatis</strong></span> <span class='ocrx_word' id='word_1_58' title='bbox 3187 850 3338 908; x_wconf 92' lang='lat' dir='ltr'><strong>cele-</strong></span> 
     </span>
     <span class='ocr_line' id='line_1_7' title="bbox 420 929 3338 1010; baseline -0.002 -16"><span class='ocrx_word' id='word_1_59' title='bbox 420 935 673 995; x_wconf 87' lang='lat' dir='ltr'><strong>brationi</strong></span> <span class='ocrx_word' id='word_1_60' title='bbox 731 932 1122 1010; x_wconf 78' lang='lat' dir='ltr'><strong>substituenS,</strong></span> <span class='ocrx_word' id='word_1_61' title='bbox 1184 934 1349 1010; x_wconf 90' lang='lat' dir='ltr'><strong>quod</strong></span> <span class='ocrx_word' id='word_1_62' title='bbox 1410 932 1559 992; x_wconf 90' lang='lat' dir='ltr'><strong>inter</strong></span> <span class='ocrx_word' id='word_1_63' title='bbox 1620 947 1891 1008; x_wconf 86' lang='lat' dir='ltr'><strong>vesperas</strong></span> <span class='ocrx_word' id='word_1_64' title='bbox 1951 929 2362 989; x_wconf 84' lang='lat' dir='ltr'><strong>celebrabatur</strong></span> <span class='ocrx_word' id='word_1_65' title='bbox 2419 947 2494 987; x_wconf 84' lang='lat' dir='ltr'><strong>ex</strong></span> <span class='ocrx_word' id='word_1_66' title='bbox 2549 929 2696 1005; x_wconf 88' lang='lat' dir='ltr'><strong>lege.</strong></span> <span class='ocrx_word' id='word_1_67' title='bbox 2738 929 2943 987; x_wconf 90' lang='lat' dir='ltr'><strong>Manet</strong></span> <span class='ocrx_word' id='word_1_68' title='bbox 2983 937 3178 986; x_wconf 85' lang='lat' dir='ltr'><strong>autem</strong></span> <span class='ocrx_word' id='word_1_69' title='bbox 3219 930 3338 988; x_wconf 90' lang='lat' dir='ltr'><strong>hoc</strong></span> 
     </span>
     <span class='ocr_line' id='line_1_8' title="bbox 417 1006 3336 1088; baseline -0.003 -13"><span class='ocrx_word' id='word_1_70' title='bbox 417 1017 660 1076; x_wconf 88' lang='lat' dir='ltr'><strong>Coenae</strong></span> <span class='ocrx_word' id='word_1_71' title='bbox 718 1014 1071 1074; x_wconf 86' lang='lat' dir='ltr'><strong>vocabulum</strong></span> <span class='ocrx_word' id='word_1_72' title='bbox 1132 1016 1280 1088; x_wconf 88' lang='lat' dir='ltr'><strong>(non</strong></span> <span class='ocrx_word' id='word_1_73' title='bbox 1330 1013 1487 1073; x_wconf 89' lang='lat' dir='ltr'><strong>enim</strong></span> <span class='ocrx_word' id='word_1_74' title='bbox 1543 1011 1853 1071; x_wconf 66' lang='lat' dir='ltr'><strong>moramurl</strong></span> <span class='ocrx_word' id='word_1_75' title='bbox 1891 1009 2358 1069; x_wconf 82' lang='lat' dir='ltr'><strong>circumstantias</strong></span> <span class='ocrx_word' id='word_1_76' title='bbox 2409 1006 2826 1083; x_wconf 84' lang='lat' dir='ltr'><strong>accidentales)</strong></span> <span class='ocrx_word' id='word_1_77' title='bbox 2867 1007 3006 1067; x_wconf 87' lang='lat' dir='ltr'><strong>licet</strong></span> <span class='ocrx_word' id='word_1_78' title='bbox 3047 1007 3336 1067; x_wconf 88' lang='lat' dir='ltr'><strong>matutino</strong></span> 
     </span>
     <span class='ocr_line' id='line_1_9' title="bbox 418 1085 3340 1172; baseline -0.004 -16"><span class='ocrx_word' id='word_1_79' title='bbox 418 1109 718 1172; x_wconf 86' lang='lat' dir='ltr'><strong>tempore,</strong></span> <span class='ocrx_word' id='word_1_80' title='bbox 770 1096 863 1153; x_wconf 85' lang='lat' dir='ltr'><strong>vel</strong></span> <span class='ocrx_word' id='word_1_81' title='bbox 902 1091 1147 1154; x_wconf 88' lang='lat' dir='ltr'><strong>meridie</strong></span> <span class='ocrx_word' id='word_1_82' title='bbox 1187 1094 1534 1152; x_wconf 88' lang='lat' dir='ltr'><strong>celebretur.</strong></span> <span class='ocrx_word' id='word_1_83' title='bbox 1578 1092 1955 1169; x_wconf 85' lang='lat' dir='ltr'><strong>Appellatum</strong></span> <span class='ocrx_word' id='word_1_84' title='bbox 1999 1101 2087 1149; x_wconf 89' lang='lat' dir='ltr'><strong>est</strong></span> <span class='ocrx_word' id='word_1_85' title='bbox 2118 1088 2336 1148; x_wconf 90' lang='lat' dir='ltr'><strong>deinde</strong></span> <span class='ocrx_word' id='word_1_86' title='bbox 2375 1088 2453 1148; x_wconf 88' lang='lat' dir='ltr'><strong>ab</strong></span> <span class='ocrx_word' id='word_1_87' title='bbox 2497 1086 2924 1148; x_wconf 87' lang='lat' dir='ltr'><strong>Ecclesiasticis</strong></span> <span class='ocrx_word' id='word_1_88' title='bbox 2955 1085 3340 1165; x_wconf 80' lang='lat' dir='ltr'><strong>scriptoribus</strong></span> 
     </span>
     <span class='ocr_line' id='line_1_10' title="bbox 419 1167 3338 1250; baseline -0.004 -17"><span class='ocrx_word' id='word_1_89' title='bbox 419 1177 661 1241; x_wconf 72' lang='grc' dir='ltr'><strong>συναξις</strong></span> <span class='ocrx_word' id='word_1_90' title='bbox 700 1179 739 1234; x_wconf 78' lang='lat' dir='ltr'><strong>a</strong></span> <span class='ocrx_word' id='word_1_91' title='bbox 778 1173 1241 1250; x_wconf 82' lang='lat' dir='ltr'><strong>congregatione</strong></span> <span class='ocrx_word' id='word_1_92' title='bbox 1283 1171 1612 1246; x_wconf 75' lang='lat' dir='ltr'><strong>Ecclesiae,</strong></span> <span class='ocrx_word' id='word_1_93' title='bbox 1653 1188 1806 1249; x_wconf 88' lang='lat' dir='ltr'><strong>quae</strong></span> <span class='ocrx_word' id='word_1_94' title='bbox 1846 1181 2014 1230; x_wconf 91' lang='lat' dir='ltr'><strong>certo</strong></span> <span class='ocrx_word' id='word_1_95' title='bbox 2057 1183 2354 1246; x_wconf 86' lang='lat' dir='ltr'><strong>tempore,</strong></span> <span class='ocrx_word' id='word_1_96' title='bbox 2395 1170 2450 1227; x_wconf 77' lang='grc' dir='ltr'><strong>δι</strong></span> <span class='ocrx_word' id='word_1_97' title='bbox 2477 1169 2618 1226; x_wconf 91' lang='lat' dir='ltr'><strong>loco</strong></span> <span class='ocrx_word' id='word_1_98' title='bbox 2651 1167 2950 1228; x_wconf 87' lang='lat' dir='ltr'><strong>conuenit.</strong></span> <span class='ocrx_word' id='word_1_99' title='bbox 2999 1168 3338 1248; x_wconf 73' lang='grc' dir='ltr'><strong>Εὐχαριςὶα</strong></span> 
     </span>
     <span class='ocr_line' id='line_1_11' title="bbox 417 1245 3340 1332; baseline -0.003 -19"><span class='ocrx_word' id='word_1_100' title='bbox 417 1261 455 1313; x_wconf 83' lang='lat' dir='ltr'><strong>a</strong></span> <span class='ocrx_word' id='word_1_101' title='bbox 514 1253 765 1314; x_wconf 83' lang='lat' dir='ltr'><strong>solemni</strong></span> <span class='ocrx_word' id='word_1_102' title='bbox 824 1252 1144 1332; x_wconf 84' lang='lat' dir='ltr'><strong>gratiarum</strong></span> <span class='ocrx_word' id='word_1_103' title='bbox 1192 1251 1441 1312; x_wconf 89' lang='lat' dir='ltr'><strong>actionis</strong></span> <span class='ocrx_word' id='word_1_104' title='bbox 1495 1251 1605 1312; x_wconf 88' lang='lat' dir='ltr'><strong>ritu</strong></span> <span class='ocrx_word' id='word_1_105' title='bbox 1656 1251 1735 1310; x_wconf 93' lang='lat' dir='ltr'><strong>de</strong></span> <span class='ocrx_word' id='word_1_106' title='bbox 1774 1261 1905 1310; x_wconf 88' lang='lat' dir='ltr'><strong>toto</strong></span> <span class='ocrx_word' id='word_1_107' title='bbox 1946 1267 2130 1326; x_wconf 89' lang='lat' dir='ltr'><strong>opere</strong></span> <span class='ocrx_word' id='word_1_108' title='bbox 2173 1245 2598 1326; x_wconf 87' lang='lat' dir='ltr'><strong>redemptionis</strong></span> <span class='ocrx_word' id='word_1_109' title='bbox 2639 1259 2893 1306; x_wconf 88' lang='lat' dir='ltr'><strong>nostrae.</strong></span> <span class='ocrx_word' id='word_1_110' title='bbox 2947 1248 3340 1322; x_wconf 77' lang='lat' dir='ltr'><strong>Sacrificium,</strong></span> 
     </span>
     <span class='ocr_line' id='line_1_12' title="bbox 416 1327 3338 1409; baseline -0.003 -16"><span class='ocrx_word' id='word_1_111' title='bbox 416 1353 539 1394; x_wconf 89' lang='lat' dir='ltr'><strong>non</strong></span> <span class='ocrx_word' id='word_1_112' title='bbox 590 1335 894 1409; x_wconf 72' lang='grc' dir='ltr'><strong>ἱλσςικόν,</strong></span> <span class='ocrx_word' id='word_1_113' title='bbox 936 1334 1040 1392; x_wconf 88' lang='lat' dir='ltr'><strong>sed</strong></span> <span class='ocrx_word' id='word_1_114' title='bbox 1080 1332 1351 1408; x_wconf 86' lang='lat' dir='ltr'><strong>sacrificij</strong></span> <span class='ocrx_word' id='word_1_115' title='bbox 1394 1333 1577 1391; x_wconf 88' lang='lat' dir='ltr'><strong>semel</strong></span> <span class='ocrx_word' id='word_1_116' title='bbox 1617 1329 1842 1408; x_wconf 87' lang='lat' dir='ltr'><strong>peracti</strong></span> <span class='ocrx_word' id='word_1_117' title='bbox 1880 1330 2277 1405; x_wconf 71' lang='grc' dir='ltr'><strong>μνημόσυνον,</strong></span> <span class='ocrx_word' id='word_1_118' title='bbox 2319 1340 2380 1386; x_wconf 87' lang='lat' dir='ltr'><strong>vt</strong></span> <span class='ocrx_word' id='word_1_119' title='bbox 2423 1331 2582 1387; x_wconf 77' lang='lat' dir='ltr'><strong>recte</strong></span> <span class='ocrx_word' id='word_1_120' title='bbox 2615 1327 2792 1388; x_wconf 90' lang='lat' dir='ltr'><strong>docet</strong></span> <span class='ocrx_word' id='word_1_121' title='bbox 2823 1328 3072 1404; x_wconf 87' lang='lat' dir='ltr'><strong>August.</strong></span> <span class='ocrx_word' id='word_1_122' title='bbox 3095 1328 3220 1404; x_wconf 80' lang='lat' dir='ltr'><strong>(lib.</strong></span> <span class='ocrx_word' id='word_1_123' title='bbox 3249 1345 3338 1385; x_wconf 87' lang='lat'><strong>10.</strong></span> 
     </span>
     <span class='ocr_line' id='line_1_13' title="bbox 418 1406 3344 1493; baseline -0.002 -21"><span class='ocrx_word' id='word_1_124' title='bbox 418 1416 489 1472; x_wconf 83' lang='lat' dir='ltr'><strong>de</strong></span> <span class='ocrx_word' id='word_1_125' title='bbox 548 1416 716 1472; x_wconf 77' lang='lat' dir='ltr'><strong>Oiuit.</strong></span> <span class='ocrx_word' id='word_1_126' title='bbox 750 1415 899 1488; x_wconf 77' lang='lat' dir='ltr'><strong>Dei,</strong></span> <span class='ocrx_word' id='word_1_127' title='bbox 943 1424 1071 1493; x_wconf 81' lang='lat' dir='ltr'><strong>cap.</strong></span> <span class='ocrx_word' id='word_1_128' title='bbox 1119 1417 1199 1490; x_wconf 82' lang='lat'><strong>5.)</strong></span> <span class='ocrx_word' id='word_1_129' title='bbox 1242 1409 1605 1474; x_wconf 83' lang='lat' dir='ltr'><strong>Sacrificium</strong></span> <span class='ocrx_word' id='word_1_130' title='bbox 1648 1413 1767 1470; x_wconf 92' lang='lat' dir='ltr'><strong>hoc</strong></span> <span class='ocrx_word' id='word_1_131' title='bbox 1808 1410 2068 1482; x_wconf 79' lang='lat' dir='ltr'><strong>visibue,</strong></span> <span class='ocrx_word' id='word_1_132' title='bbox 2109 1408 2412 1468; x_wconf 88' lang='lat' dir='ltr'><strong>inuisibilis</strong></span> <span class='ocrx_word' id='word_1_133' title='bbox 2453 1407 2718 1483; x_wconf 86' lang='lat' dir='ltr'><strong>sacrificij</strong></span> <span class='ocrx_word' id='word_1_134' title='bbox 2759 1409 3241 1483; x_wconf 79' lang='lat' dir='ltr'><strong>Sacramentum,</strong></span> <span class='ocrx_word' id='word_1_135' title='bbox 3283 1406 3344 1466; x_wconf 89' lang='lat' dir='ltr'><strong>id</strong></span> 
     </span>
     <span class='ocr_line' id='line_1_14' title="bbox 422 1485 3345 1572; baseline -0.002 -19"><span class='ocrx_word' id='word_1_136' title='bbox 422 1506 541 1569; x_wconf 88' lang='lat' dir='ltr'><strong>est,</strong></span> <span class='ocrx_word' id='word_1_137' title='bbox 582 1511 815 1552; x_wconf 87' lang='lat' dir='ltr'><strong>sacrum</strong></span> <span class='ocrx_word' id='word_1_138' title='bbox 858 1493 1088 1572; x_wconf 77' lang='lat' dir='ltr'><strong>signum</strong></span> <span class='ocrx_word' id='word_1_139' title='bbox 1128 1503 1249 1570; x_wconf 90' lang='lat' dir='ltr'><strong>est,</strong></span> <span class='ocrx_word' id='word_1_140' title='bbox 1292 1492 1563 1551; x_wconf 87' lang='lat' dir='ltr'><strong>Tandem</strong></span> <span class='ocrx_word' id='word_1_141' title='bbox 1604 1488 1898 1551; x_wconf 86' lang='lat' dir='ltr'><strong>Pontificii</strong></span> <span class='ocrx_word' id='word_1_142' title='bbox 1941 1488 2186 1548; x_wconf 83' lang='lat' dir='ltr'><strong>Missam</strong></span> <span class='ocrx_word' id='word_1_143' title='bbox 2214 1499 2533 1562; x_wconf 77' lang='lat' dir='ltr'><strong>vocarunt,</strong></span> <span class='ocrx_word' id='word_1_144' title='bbox 2559 1490 2635 1548; x_wconf 92' lang='lat' dir='ltr'><strong>de</strong></span> <span class='ocrx_word' id='word_1_145' title='bbox 2656 1485 2823 1548; x_wconf 90' lang='lat' dir='ltr'><strong>cuius</strong></span> <span class='ocrx_word' id='word_1_146' title='bbox 2843 1485 3098 1546; x_wconf 89' lang='lat' dir='ltr'><strong>nominis</strong></span> <span class='ocrx_word' id='word_1_147' title='bbox 3118 1485 3345 1565; x_wconf 88' lang='lat' dir='ltr'><strong>origine</strong></span> 
     </span>
     <span class='ocr_line' id='line_1_15' title="bbox 424 1567 3342 1651; baseline -0.003 -17"><span class='ocrx_word' id='word_1_148' title='bbox 424 1573 785 1651; x_wconf 81' lang='lat' dir='ltr'><strong>disceptatur</strong></span> <span class='ocrx_word' id='word_1_149' title='bbox 825 1571 977 1632; x_wconf 88' lang='lat' dir='ltr'><strong>inter</strong></span> <span class='ocrx_word' id='word_1_150' title='bbox 1018 1572 1197 1651; x_wconf 88' lang='lat' dir='ltr'><strong>ipsos.</strong></span> <span class='ocrx_word' id='word_1_151' title='bbox 1241 1573 1396 1648; x_wconf 86' lang='lat' dir='ltr'><strong>Nos,</strong></span> <span class='ocrx_word' id='word_1_152' title='bbox 1438 1583 1501 1631; x_wconf 87' lang='lat' dir='ltr'><strong>vt</strong></span> <span class='ocrx_word' id='word_1_153' title='bbox 1538 1569 1778 1631; x_wconf 89' lang='lat' dir='ltr'><strong>missam</strong></span> <span class='ocrx_word' id='word_1_154' title='bbox 1819 1569 2034 1646; x_wconf 86' lang='lat' dir='ltr'><strong>ipsam,</strong></span> <span class='ocrx_word' id='word_1_155' title='bbox 2078 1567 2156 1627; x_wconf 91' lang='lat' dir='ltr'><strong>ita</strong></span> <span class='ocrx_word' id='word_1_156' title='bbox 2176 1571 2232 1629; x_wconf 76' lang='grc' dir='ltr'><strong>δι</strong></span> <span class='ocrx_word' id='word_1_157' title='bbox 2255 1570 2611 1629; x_wconf 84' lang='lat' dir='ltr'><strong>vocabulum</strong></span> <span class='ocrx_word' id='word_1_158' title='bbox 2633 1569 3038 1645; x_wconf 85' lang='lat' dir='ltr'><strong>repudiamus,</strong></span> <span class='ocrx_word' id='word_1_159' title='bbox 3059 1577 3342 1645; x_wconf 86' lang='lat' dir='ltr'><strong>tanquam</strong></span> 
     </span>
     <span class='ocr_line' id='line_1_16' title="bbox 426 1647 2102 1730; baseline -0.002 -18"><span class='ocrx_word' id='word_1_160' title='bbox 426 1653 540 1724; x_wconf 89' lang='lat' dir='ltr'><strong>rei,</strong></span> <span class='ocrx_word' id='word_1_161' title='bbox 582 1654 659 1712; x_wconf 90' lang='lat' dir='ltr'><strong>de</strong></span> <span class='ocrx_word' id='word_1_162' title='bbox 698 1650 817 1727; x_wconf 68' lang='lat' dir='ltr'><strong>qua</strong></span> <span class='ocrx_word' id='word_1_163' title='bbox 857 1669 1017 1712; x_wconf 89' lang='lat' dir='ltr'><strong>nunc</strong></span> <span class='ocrx_word' id='word_1_164' title='bbox 1057 1653 1279 1730; x_wconf 89' lang='lat' dir='ltr'><strong>agitur,</strong></span> <span class='ocrx_word' id='word_1_165' title='bbox 1320 1651 1675 1711; x_wconf 90' lang='lat' dir='ltr'><strong>nullomodo</strong></span> <span class='ocrx_word' id='word_1_166' title='bbox 1718 1647 2102 1710; x_wconf 79' lang='lat' dir='ltr'><strong>conueniens,</strong></span> 
     </span>
    </p>

    <p class='ocr_par' dir='ltr' id='par_1_4' title="bbox 424 1724 3348 2128">
     <span class='ocr_line' id='line_1_17' title="bbox 506 1724 3343 1811; baseline -0.002 -20"><span class='ocrx_word' id='word_1_167' title='bbox 506 1752 562 1809; x_wconf 84' lang='lat'><strong>3.</strong></span> <span class='ocrx_word' id='word_1_168' title='bbox 646 1733 789 1792; x_wconf 91' lang='lat' dir='ltr'><strong>Hoc</strong></span> <span class='ocrx_word' id='word_1_169' title='bbox 850 1732 1223 1811; x_wconf 80' lang='lat' dir='ltr'><strong>mysterium,</strong></span> <span class='ocrx_word' id='word_1_170' title='bbox 1270 1733 1397 1791; x_wconf 86' lang='lat' dir='ltr'><strong>siue</strong></span> <span class='ocrx_word' id='word_1_171' title='bbox 1449 1736 1533 1806; x_wconf 81' lang='lat' dir='ltr'><strong>(vt</strong></span> <span class='ocrx_word' id='word_1_172' title='bbox 1587 1731 1847 1810; x_wconf 91' lang='lat' dir='ltr'><strong>loquitur</strong></span> <span class='ocrx_word' id='word_1_173' title='bbox 1888 1728 2126 1801; x_wconf 86' lang='lat' dir='ltr'><strong>Paulus)</strong></span> <span class='ocrx_word' id='word_1_174' title='bbox 2165 1729 2320 1787; x_wconf 89' lang='lat' dir='ltr'><strong>hanc</strong></span> <span class='ocrx_word' id='word_1_175' title='bbox 2361 1746 2612 1789; x_wconf 88' lang='lat' dir='ltr'><strong>coenam</strong></span> <span class='ocrx_word' id='word_1_176' title='bbox 2652 1724 3034 1788; x_wconf 87' lang='lat' dir='ltr'><strong>Dominicam</strong></span> <span class='ocrx_word' id='word_1_177' title='bbox 3077 1726 3160 1786; x_wconf 88' lang='lat' dir='ltr'><strong>sic</strong></span> <span class='ocrx_word' id='word_1_178' title='bbox 3203 1728 3343 1787; x_wconf 87' lang='lat' dir='ltr'><strong>defi-</strong></span> 
     </span>
     <span class='ocr_line' id='line_1_18' title="bbox 424 1805 3347 1886; baseline -0.002 -14"><span class='ocrx_word' id='word_1_179' title='bbox 424 1813 634 1872; x_wconf 89' lang='lat' dir='ltr'><strong>nimus.</strong></span> <span class='ocrx_word' id='word_1_180' title='bbox 685 1811 877 1872; x_wconf 87' lang='lat' dir='ltr'><strong>Coena</strong></span> <span class='ocrx_word' id='word_1_181' title='bbox 916 1814 1231 1872; x_wconf 79' lang='lat' dir='ltr'><strong>Dominica</strong></span> <span class='ocrx_word' id='word_1_182' title='bbox 1270 1821 1359 1873; x_wconf 89' lang='lat' dir='ltr'><strong>est</strong></span> <span class='ocrx_word' id='word_1_183' title='bbox 1398 1811 1555 1870; x_wconf 88' lang='lat' dir='ltr'><strong>actio</strong></span> <span class='ocrx_word' id='word_1_184' title='bbox 1596 1830 1764 1871; x_wconf 86' lang='lat' dir='ltr'><strong>sacra</strong></span> <span class='ocrx_word' id='word_1_185' title='bbox 1801 1812 1840 1869; x_wconf 78' lang='lat' dir='ltr'><strong>a</strong></span> <span class='ocrx_word' id='word_1_186' title='bbox 1879 1807 2118 1868; x_wconf 89' lang='lat' dir='ltr'><strong>Christo</strong></span> <span class='ocrx_word' id='word_1_187' title='bbox 2161 1807 2220 1866; x_wconf 90' lang='lat' dir='ltr'><strong>in</strong></span> <span class='ocrx_word' id='word_1_188' title='bbox 2263 1808 2590 1886; x_wconf 89' lang='lat' dir='ltr'><strong>Euangelio</strong></span> <span class='ocrx_word' id='word_1_189' title='bbox 2633 1807 2924 1880; x_wconf 88' lang='lat' dir='ltr'><strong>instituta,</strong></span> <span class='ocrx_word' id='word_1_190' title='bbox 2965 1805 3024 1866; x_wconf 90' lang='lat' dir='ltr'><strong>in</strong></span> <span class='ocrx_word' id='word_1_191' title='bbox 3069 1807 3214 1883; x_wconf 71' lang='lat' dir='ltr'><strong>qua,</strong></span> <span class='ocrx_word' id='word_1_192' title='bbox 3235 1807 3347 1867; x_wconf 88' lang='lat' dir='ltr'><strong>dis·</strong></span> 
     </span>
     <span class='ocr_line' id='line_1_19' title="bbox 426 1887 3347 1970; baseline -0.002 -17"><span class='ocrx_word' id='word_1_193' title='bbox 426 1889 747 1953; x_wconf 86' lang='lat' dir='ltr'><strong>tributione</strong></span> <span class='ocrx_word' id='word_1_194' title='bbox 793 1892 848 1950; x_wconf 74' lang='lat'><strong>81</strong></span> <span class='ocrx_word' id='word_1_195' title='bbox 896 1893 1231 1970; x_wconf 87' lang='lat' dir='ltr'><strong>sumptione</strong></span> <span class='ocrx_word' id='word_1_196' title='bbox 1284 1890 1597 1952; x_wconf 85' lang='lat' dir='ltr'><strong>visibilium</strong></span> <span class='ocrx_word' id='word_1_197' title='bbox 1648 1893 2106 1964; x_wconf 88' lang='lat' dir='ltr'><strong>elementorum,</strong></span> <span class='ocrx_word' id='word_1_198' title='bbox 2149 1887 2426 1948; x_wconf 88' lang='lat' dir='ltr'><strong>nimirum</strong></span> <span class='ocrx_word' id='word_1_199' title='bbox 2466 1888 2666 1962; x_wconf 89' lang='lat' dir='ltr'><strong>Panis,</strong></span> <span class='ocrx_word' id='word_1_200' title='bbox 2709 1891 2766 1949; x_wconf 73' lang='grc' dir='ltr'><strong>δι</strong></span> <span class='ocrx_word' id='word_1_201' title='bbox 2803 1887 2958 1961; x_wconf 88' lang='lat' dir='ltr'><strong>vini,</strong></span> <span class='ocrx_word' id='word_1_202' title='bbox 2999 1898 3244 1947; x_wconf 89' lang='lat' dir='ltr'><strong>testatur</strong></span> <span class='ocrx_word' id='word_1_203' title='bbox 3283 1905 3347 1946; x_wconf 89' lang='lat' dir='ltr'><strong>se</strong></span> 
     </span>
     <span class='ocr_line' id='line_1_20' title="bbox 426 1966 3348 2050; baseline -0.002 -18"><span class='ocrx_word' id='word_1_204' title='bbox 426 1972 720 2049; x_wconf 86' lang='lat' dir='ltr'><strong>spirituale</strong></span> <span class='ocrx_word' id='word_1_205' title='bbox 762 1974 1001 2048; x_wconf 89' lang='lat' dir='ltr'><strong>epulum</strong></span> <span class='ocrx_word' id='word_1_206' title='bbox 1043 1973 1099 2031; x_wconf 73' lang='lat'><strong>81</strong></span> <span class='ocrx_word' id='word_1_207' title='bbox 1138 1991 1356 2050; x_wconf 88' lang='lat' dir='ltr'><strong>panem</strong></span> <span class='ocrx_word' id='word_1_208' title='bbox 1394 1969 1692 2031; x_wconf 85' lang='lat' dir='ltr'><strong>viuificum</strong></span> <span class='ocrx_word' id='word_1_209' title='bbox 1736 1989 1863 2031; x_wconf 91' lang='lat' dir='ltr'><strong>esse</strong></span> <span class='ocrx_word' id='word_1_210' title='bbox 1901 1967 2076 2029; x_wconf 89' lang='lat' dir='ltr'><strong>nobis</strong></span> <span class='ocrx_word' id='word_1_211' title='bbox 2115 1968 2522 2047; x_wconf 78' lang='lat' dir='ltr'><strong>credentibus,</strong></span> <span class='ocrx_word' id='word_1_212' title='bbox 2564 1986 2687 2045; x_wconf 92' lang='lat' dir='ltr'><strong>quo</strong></span> <span class='ocrx_word' id='word_1_213' title='bbox 2725 1967 2956 2027; x_wconf 89' lang='lat' dir='ltr'><strong>animae</strong></span> <span class='ocrx_word' id='word_1_214' title='bbox 2995 1977 3232 2027; x_wconf 88' lang='lat' dir='ltr'><strong>nostrae</strong></span> <span class='ocrx_word' id='word_1_215' title='bbox 3271 1966 3348 2026; x_wconf 90' lang='lat' dir='ltr'><strong>ad</strong></span> 
     </span>
     <span class='ocr_line' id='line_1_21' title="bbox 434 2052 1920 2128; baseline -0.001 -18"><span class='ocrx_word' id='word_1_216' title='bbox 434 2071 631 2111; x_wconf 86' lang='lat' dir='ltr'><strong>veram</strong></span> <span class='ocrx_word' id='word_1_217' title='bbox 670 2054 725 2110; x_wconf 76' lang='grc' dir='ltr'><strong>δι</strong></span> <span class='ocrx_word' id='word_1_218' title='bbox 763 2052 997 2112; x_wconf 83' lang='lat' dir='ltr'><strong>beatam</strong></span> <span class='ocrx_word' id='word_1_219' title='bbox 1038 2052 1539 2112; x_wconf 83' lang='lat' dir='ltr'><strong>immortalitatem</strong></span> <span class='ocrx_word' id='word_1_220' title='bbox 1582 2061 1920 2128; x_wconf 85' lang='lat' dir='ltr'><strong>pascuntur.</strong></span> 
     </span>
    </p>

    <p class='ocr_par' dir='ltr' id='par_1_5' title="bbox 431 2125 3351 2370">
     <span class='ocr_line' id='line_1_22' title="bbox 510 2125 3350 2206; baseline -0.001 -18"><span class='ocrx_word' id='word_1_221' title='bbox 510 2151 565 2203; x_wconf 90' lang='lat'><strong>4.</strong></span> <span class='ocrx_word' id='word_1_222' title='bbox 654 2133 848 2190; x_wconf 80' lang='lat' dir='ltr'><strong>Causa</strong></span> <span class='ocrx_word' id='word_1_223' title='bbox 907 2133 1173 2193; x_wconf 81' lang='lat' dir='ltr'><strong>efficiens</strong></span> <span class='ocrx_word' id='word_1_224' title='bbox 1228 2143 1318 2192; x_wconf 89' lang='lat' dir='ltr'><strong>est</strong></span> <span class='ocrx_word' id='word_1_225' title='bbox 1367 2130 1661 2192; x_wconf 90' lang='lat' dir='ltr'><strong>Dominus</strong></span> <span class='ocrx_word' id='word_1_226' title='bbox 1708 2143 1907 2190; x_wconf 88' lang='lat' dir='ltr'><strong>noster</strong></span> <span class='ocrx_word' id='word_1_227' title='bbox 1948 2130 2112 2189; x_wconf 89' lang='lat' dir='ltr'><strong>Iesus</strong></span> <span class='ocrx_word' id='word_1_228' title='bbox 2153 2127 2453 2206; x_wconf 89' lang='lat' dir='ltr'><strong>Christus,</strong></span> <span class='ocrx_word' id='word_1_229' title='bbox 2492 2127 2588 2188; x_wconf 89' lang='lat' dir='ltr'><strong>cui</strong></span> <span class='ocrx_word' id='word_1_230' title='bbox 2627 2127 2740 2188; x_wconf 89' lang='lat' dir='ltr'><strong>soli</strong></span> <span class='ocrx_word' id='word_1_231' title='bbox 2778 2127 2992 2187; x_wconf 89' lang='lat' dir='ltr'><strong>tradita</strong></span> <span class='ocrx_word' id='word_1_232' title='bbox 3031 2139 3118 2188; x_wconf 87' lang='lat' dir='ltr'><strong>est</strong></span> <span class='ocrx_word' id='word_1_233' title='bbox 3155 2125 3350 2188; x_wconf 90' lang='lat' dir='ltr'><strong>omnis</strong></span> 
     </span>
     <span class='ocr_line' id='line_1_23' title="bbox 436 2207 3351 2290; baseline -0.001 -20"><span class='ocrx_word' id='word_1_234' title='bbox 436 2222 693 2290; x_wconf 87' lang='lat' dir='ltr'><strong>potestas</strong></span> <span class='ocrx_word' id='word_1_235' title='bbox 732 2214 771 2271; x_wconf 78' lang='lat' dir='ltr'><strong>a</strong></span> <span class='ocrx_word' id='word_1_236' title='bbox 812 2212 1013 2286; x_wconf 91' lang='lat' dir='ltr'><strong>Patre,</strong></span> <span class='ocrx_word' id='word_1_237' title='bbox 1053 2214 1109 2272; x_wconf 89' lang='lat'>&amp;</span> <span class='ocrx_word' id='word_1_238' title='bbox 1148 2229 1293 2272; x_wconf 89' lang='lat' dir='ltr'><strong>cura</strong></span> <span class='ocrx_word' id='word_1_239' title='bbox 1332 2210 1605 2290; x_wconf 88' lang='lat' dir='ltr'><strong>regendi,</strong></span> <span class='ocrx_word' id='word_1_240' title='bbox 1647 2208 2042 2271; x_wconf 89' lang='lat' dir='ltr'><strong>conseruendi</strong></span> <span class='ocrx_word' id='word_1_241' title='bbox 2081 2207 2137 2266; x_wconf 76' lang='grc' dir='ltr'><strong>δι</strong></span> <span class='ocrx_word' id='word_1_242' title='bbox 2165 2207 2537 2286; x_wconf 85' lang='lat' dir='ltr'><strong>gubernandi</strong></span> <span class='ocrx_word' id='word_1_243' title='bbox 2568 2207 2927 2281; x_wconf 70' lang='lat' dir='ltr'><strong>Ecclesiam,</strong></span> <span class='ocrx_word' id='word_1_244' title='bbox 2947 2213 3170 2285; x_wconf 78' lang='lat' dir='ltr'><strong>qusque</strong></span> <span class='ocrx_word' id='word_1_245' title='bbox 3191 2209 3351 2268; x_wconf 88' lang='lat' dir='ltr'><strong>solus</strong></span> 
     </span>
     <span class='ocr_line' id='line_1_24' title="bbox 431 2287 3205 2370; baseline -0.001 -20"><span class='ocrx_word' id='word_1_246' title='bbox 431 2301 630 2369; x_wconf 84' lang='lat' dir='ltr'><strong>potest</strong></span> <span class='ocrx_word' id='word_1_247' title='bbox 670 2289 911 2351; x_wconf 76' lang='lat' dir='ltr'><strong>interius</strong></span> <span class='ocrx_word' id='word_1_248' title='bbox 950 2292 1015 2366; x_wconf 88' lang='lat' dir='ltr'><strong>(f.</strong></span> <span class='ocrx_word' id='word_1_249' title='bbox 1064 2293 1239 2368; x_wconf 84' lang='lat'><strong>1736)</strong></span> <span class='ocrx_word' id='word_1_250' title='bbox 1278 2302 1577 2370; x_wconf 84' lang='lat' dir='ltr'><strong>praestare</strong></span> <span class='ocrx_word' id='word_1_251' title='bbox 1614 2309 1714 2366; x_wconf 89' lang='lat' dir='ltr'><strong>ea,</strong></span> <span class='ocrx_word' id='word_1_252' title='bbox 1753 2307 1907 2367; x_wconf 90' lang='lat' dir='ltr'><strong>quae</strong></span> <span class='ocrx_word' id='word_1_253' title='bbox 1948 2299 2191 2349; x_wconf 85' lang='lat' dir='ltr'><strong>externa</strong></span> <span class='ocrx_word' id='word_1_254' title='bbox 2231 2290 2502 2364; x_wconf 86' lang='lat' dir='ltr'><strong>symbola</strong></span> <span class='ocrx_word' id='word_1_255' title='bbox 2536 2287 2708 2347; x_wconf 85' lang='lat' dir='ltr'><strong>nobis</strong></span> <span class='ocrx_word' id='word_1_256' title='bbox 2750 2299 3205 2364; x_wconf 85' lang='lat' dir='ltr'><strong>repraesentant.</strong></span> 
     </span>
    </p>

    <p class='ocr_par' dir='ltr' id='par_1_6' title="bbox 434 2368 3356 2911">
     <span class='ocr_line' id='line_1_25' title="bbox 516 2368 3352 2451; baseline -0.001 -21"><span class='ocrx_word' id='word_1_257' title='bbox 516 2387 570 2449; x_wconf 87' lang='lat'><strong>5.</strong></span> <span class='ocrx_word' id='word_1_258' title='bbox 650 2372 909 2430; x_wconf 81' lang='lat' dir='ltr'><strong>Materia</strong></span> <span class='ocrx_word' id='word_1_259' title='bbox 959 2371 1178 2450; x_wconf 85' lang='lat' dir='ltr'><strong>duplex</strong></span> <span class='ocrx_word' id='word_1_260' title='bbox 1225 2381 1343 2451; x_wconf 87' lang='lat' dir='ltr'><strong>est,</strong></span> <span class='ocrx_word' id='word_1_261' title='bbox 1394 2383 1458 2430; x_wconf 84' lang='lat' dir='ltr'><strong>vt</strong></span> <span class='ocrx_word' id='word_1_262' title='bbox 1496 2389 1634 2430; x_wconf 90' lang='lat' dir='ltr'><strong>cum</strong></span> <span class='ocrx_word' id='word_1_263' title='bbox 1673 2373 1886 2430; x_wconf 88' lang='lat' dir='ltr'><strong>Ireneo</strong></span> <span class='ocrx_word' id='word_1_264' title='bbox 1926 2371 2268 2447; x_wconf 84' lang='lat' dir='ltr'><strong>loquamur,</strong></span> <span class='ocrx_word' id='word_1_265' title='bbox 2309 2369 2405 2427; x_wconf 85' lang='lat' dir='ltr'><strong>lib.</strong></span> <span class='ocrx_word' id='word_1_266' title='bbox 2452 2388 2506 2442; x_wconf 90' lang='lat'><strong>4.</strong></span> <span class='ocrx_word' id='word_1_267' title='bbox 2549 2377 2677 2447; x_wconf 84' lang='lat' dir='ltr'><strong>cap.</strong></span> <span class='ocrx_word' id='word_1_268' title='bbox 2721 2371 2839 2445; x_wconf 82' lang='lat'><strong>34.)</strong></span> <span class='ocrx_word' id='word_1_269' title='bbox 2880 2385 2998 2427; x_wconf 85' lang='lat' dir='ltr'><strong>vna</strong></span> <span class='ocrx_word' id='word_1_270' title='bbox 3037 2368 3352 2441; x_wconf 77' lang='lat' dir='ltr'><strong>terrestriS,</strong></span> 
     </span>
     <span class='ocr_line' id='line_1_26' title="bbox 434 2448 3352 2531; baseline -0.001 -21"><span class='ocrx_word' id='word_1_271' title='bbox 434 2454 617 2511; x_wconf 89' lang='lat' dir='ltr'><strong>altera</strong></span> <span class='ocrx_word' id='word_1_272' title='bbox 658 2451 962 2525; x_wconf 77' lang='lat' dir='ltr'><strong>coelestiS,</strong></span> <span class='ocrx_word' id='word_1_273' title='bbox 1001 2452 1193 2531; x_wconf 89' lang='lat' dir='ltr'><strong>prima</strong></span> <span class='ocrx_word' id='word_1_274' title='bbox 1234 2464 1322 2513; x_wconf 87' lang='lat' dir='ltr'><strong>est</strong></span> <span class='ocrx_word' id='word_1_275' title='bbox 1361 2452 1529 2529; x_wconf 87' lang='lat' dir='ltr'><strong>panis</strong></span> <span class='ocrx_word' id='word_1_276' title='bbox 1570 2454 1626 2512; x_wconf 76' lang='grc' dir='ltr'><strong>δι</strong></span> <span class='ocrx_word' id='word_1_277' title='bbox 1672 2450 1904 2527; x_wconf 89' lang='lat' dir='ltr'><strong>vinum,</strong></span> <span class='ocrx_word' id='word_1_278' title='bbox 1944 2448 2232 2523; x_wconf 89' lang='lat' dir='ltr'><strong>secunda,</strong></span> <span class='ocrx_word' id='word_1_279' title='bbox 2273 2468 2490 2525; x_wconf 90' lang='lat' dir='ltr'><strong>corpus</strong></span> <span class='ocrx_word' id='word_1_280' title='bbox 2523 2451 2577 2509; x_wconf 73' lang='grc' dir='ltr'><strong>δι</strong></span> <span class='ocrx_word' id='word_1_281' title='bbox 2618 2448 2852 2525; x_wconf 88' lang='lat' dir='ltr'><strong>sanguis</strong></span> <span class='ocrx_word' id='word_1_282' title='bbox 2893 2448 3129 2508; x_wconf 87' lang='lat' dir='ltr'><strong>Christi.</strong></span> <span class='ocrx_word' id='word_1_283' title='bbox 3181 2450 3352 2509; x_wconf 90' lang='lat' dir='ltr'><strong>Illam</strong></span> 
     </span>
     <span class='ocr_line' id='line_1_27' title="bbox 436 2526 3356 2611; baseline -0.001 -20"><span class='ocrx_word' id='word_1_284' title='bbox 436 2534 615 2609; x_wconf 81' lang='lat' dir='ltr'><strong>vulgo</strong></span> <span class='ocrx_word' id='word_1_285' title='bbox 656 2531 899 2591; x_wconf 90' lang='lat' dir='ltr'><strong>nomine</strong></span> <span class='ocrx_word' id='word_1_286' title='bbox 938 2530 1121 2611; x_wconf 87' lang='lat' dir='ltr'><strong>signi,</strong></span> <span class='ocrx_word' id='word_1_287' title='bbox 1162 2552 1267 2609; x_wconf 87' lang='lat' dir='ltr'><strong>per</strong></span> <span class='ocrx_word' id='word_1_288' title='bbox 1310 2533 1473 2609; x_wconf 90' lang='lat' dir='ltr'><strong>quod</strong></span> <span class='ocrx_word' id='word_1_289' title='bbox 1515 2550 1607 2592; x_wconf 85' lang='lat' dir='ltr'><strong>res</strong></span> <span class='ocrx_word' id='word_1_290' title='bbox 1646 2530 1970 2592; x_wconf 87' lang='lat' dir='ltr'><strong>inuisibiles</strong></span> <span class='ocrx_word' id='word_1_291' title='bbox 2009 2534 2156 2604; x_wconf 84' lang='lat' dir='ltr'><strong>(non</strong></span> <span class='ocrx_word' id='word_1_292' title='bbox 2199 2526 2407 2588; x_wconf 71' lang='lat' dir='ltr'><strong>natura</strong></span> <span class='ocrx_word' id='word_1_293' title='bbox 2444 2527 2572 2602; x_wconf 67' lang='lat' dir='ltr'><strong>sua)</strong></span> <span class='ocrx_word' id='word_1_294' title='bbox 2594 2528 2922 2588; x_wconf 76' lang='lat' dir='ltr'><strong>secundum</strong></span> <span class='ocrx_word' id='word_1_295' title='bbox 2943 2527 3356 2588; x_wconf 88' lang='lat' dir='ltr'><strong>imbecillitatis</strong></span> 
     </span>
     <span class='ocr_line' id='line_1_28' title="bbox 436 2606 3354 2691; baseline -0.002 -21"><span class='ocrx_word' id='word_1_296' title='bbox 436 2621 671 2671; x_wconf 86' lang='lat' dir='ltr'><strong>nostrae</strong></span> <span class='ocrx_word' id='word_1_297' title='bbox 730 2624 972 2689; x_wconf 90' lang='lat' dir='ltr'><strong>captum</strong></span> <span class='ocrx_word' id='word_1_298' title='bbox 1024 2610 1200 2673; x_wconf 89' lang='lat' dir='ltr'><strong>nobis</strong></span> <span class='ocrx_word' id='word_1_299' title='bbox 1250 2622 1759 2691; x_wconf 85' lang='lat' dir='ltr'><strong>repraesentantur</strong></span> <span class='ocrx_word' id='word_1_300' title='bbox 1798 2610 2055 2688; x_wconf 82' lang='lat' dir='ltr'><strong>(signum</strong></span> <span class='ocrx_word' id='word_1_301' title='bbox 2098 2606 2256 2667; x_wconf 87' lang='lat' dir='ltr'><strong>enim</strong></span> <span class='ocrx_word' id='word_1_302' title='bbox 2297 2609 2434 2667; x_wconf 75' lang='lat' dir='ltr'><strong>cum</strong></span> <span class='ocrx_word' id='word_1_303' title='bbox 2476 2608 2551 2668; x_wconf 90' lang='lat' dir='ltr'><strong>sit</strong></span> <span class='ocrx_word' id='word_1_304' title='bbox 2589 2627 2663 2667; x_wconf 87' lang='lat' dir='ltr'><strong>ex</strong></span> <span class='ocrx_word' id='word_1_305' title='bbox 2703 2626 2918 2685; x_wconf 87' lang='lat' dir='ltr'><strong>genere</strong></span> <span class='ocrx_word' id='word_1_306' title='bbox 2960 2610 3071 2665; x_wconf 76' lang='grc' dir='ltr'><strong>τῶν</strong></span> <span class='ocrx_word' id='word_1_307' title='bbox 3111 2609 3252 2687; x_wconf 78' lang='grc' dir='ltr'><strong>πρὸς</strong></span> <span class='ocrx_word' id='word_1_308' title='bbox 3294 2630 3354 2666; x_wconf 78' lang='grc' dir='ltr'><strong>τι</strong></span> 
     </span>
     <span class='ocr_line' id='line_1_29' title="bbox 438 2687 3351 2782; baseline -0.002 -31"><span class='ocrx_word' id='word_1_309' title='bbox 438 2710 671 2782; x_wconf 79' lang='lat' dir='ltr'><strong>semper</strong></span> <span class='ocrx_word' id='word_1_310' title='bbox 710 2690 852 2751; x_wconf 86' lang='lat' dir='ltr'><strong>facit</strong></span> <span class='ocrx_word' id='word_1_311' title='bbox 890 2691 1053 2752; x_wconf 92' lang='lat' dir='ltr'><strong>aliud</strong></span> <span class='ocrx_word' id='word_1_312' title='bbox 1090 2690 1151 2751; x_wconf 90' lang='lat' dir='ltr'><strong>in</strong></span> <span class='ocrx_word' id='word_1_313' title='bbox 1194 2692 1615 2769; x_wconf 88' lang='lat' dir='ltr'><strong>cogitationem</strong></span> <span class='ocrx_word' id='word_1_314' title='bbox 1656 2691 1889 2768; x_wconf 87' lang='lat' dir='ltr'><strong>venire,</strong></span> <span class='ocrx_word' id='word_1_315' title='bbox 1930 2692 2113 2766; x_wconf 77' lang='lat' dir='ltr'><strong>quam</strong></span> <span class='ocrx_word' id='word_1_316' title='bbox 2152 2688 2228 2747; x_wconf 87' lang='lat' dir='ltr'><strong>sit</strong></span> <span class='ocrx_word' id='word_1_317' title='bbox 2267 2687 2486 2765; x_wconf 86' lang='lat' dir='ltr'><strong>ipsum)</strong></span> <span class='ocrx_word' id='word_1_318' title='bbox 2525 2689 2680 2747; x_wconf 89' lang='lat' dir='ltr'><strong>hanc</strong></span> <span class='ocrx_word' id='word_1_319' title='bbox 2721 2690 2862 2747; x_wconf 80' lang='lat' dir='ltr'><strong>vero</strong></span> <span class='ocrx_word' id='word_1_320' title='bbox 2903 2690 3145 2747; x_wconf 89' lang='lat' dir='ltr'><strong>nomine</strong></span> <span class='ocrx_word' id='word_1_321' title='bbox 3177 2688 3351 2765; x_wconf 85' lang='lat' dir='ltr'><strong>signi-</strong></span> 
     </span>
     <span class='ocr_line' id='line_1_30' title="bbox 438 2765 3354 2850; baseline -0.001 -21"><span class='ocrx_word' id='word_1_322' title='bbox 438 2772 597 2830; x_wconf 78' lang='lat' dir='ltr'><strong>ficati</strong></span> <span class='ocrx_word' id='word_1_323' title='bbox 640 2771 1049 2850; x_wconf 85' lang='lat' dir='ltr'><strong>designamus,</strong></span> <span class='ocrx_word' id='word_1_324' title='bbox 1089 2772 1255 2849; x_wconf 91' lang='lat' dir='ltr'><strong>quod</strong></span> <span class='ocrx_word' id='word_1_325' title='bbox 1292 2782 1381 2831; x_wconf 91' lang='lat' dir='ltr'><strong>est</strong></span> <span class='ocrx_word' id='word_1_326' title='bbox 1422 2790 1513 2831; x_wconf 89' lang='lat' dir='ltr'><strong>res</strong></span> <span class='ocrx_word' id='word_1_327' title='bbox 1554 2770 1681 2849; x_wconf 85' lang='lat' dir='ltr'><strong>illa,</strong></span> <span class='ocrx_word' id='word_1_328' title='bbox 1722 2788 1873 2848; x_wconf 91' lang='lat' dir='ltr'><strong>quae</strong></span> <span class='ocrx_word' id='word_1_329' title='bbox 1916 2768 2092 2829; x_wconf 89' lang='lat' dir='ltr'><strong>nobis</strong></span> <span class='ocrx_word' id='word_1_330' title='bbox 2131 2766 2508 2828; x_wconf 87' lang='lat' dir='ltr'><strong>credentibus</strong></span> <span class='ocrx_word' id='word_1_331' title='bbox 2551 2785 2660 2846; x_wconf 89' lang='lat' dir='ltr'><strong>per</strong></span> <span class='ocrx_word' id='word_1_332' title='bbox 2698 2769 2968 2844; x_wconf 83' lang='lat' dir='ltr'><strong>symbola</strong></span> <span class='ocrx_word' id='word_1_333' title='bbox 3007 2765 3180 2826; x_wconf 90' lang='lat' dir='ltr'><strong>simul</strong></span> <span class='ocrx_word' id='word_1_334' title='bbox 3211 2768 3354 2845; x_wconf 90' lang='lat' dir='ltr'><strong>figu-</strong></span> 
     </span>
     <span class='ocr_line' id='line_1_31' title="bbox 440 2851 1063 2911; baseline 0.002 -1"><span class='ocrx_word' id='word_1_335' title='bbox 440 2862 600 2910; x_wconf 90' lang='lat' dir='ltr'><strong>ratur</strong></span> <span class='ocrx_word' id='word_1_336' title='bbox 639 2853 696 2910; x_wconf 86' lang='lat'>&amp;</span> <span class='ocrx_word' id='word_1_337' title='bbox 734 2851 1063 2911; x_wconf 83' lang='lat' dir='ltr'><strong>exhibetur.</strong></span> 
     </span>
    </p>

    <p class='ocr_par' dir='ltr' id='par_1_7' title="bbox 438 2926 3360 3647">
     <span class='ocr_line' id='line_1_32' title="bbox 519 2926 3349 3010; baseline -0.002 -20"><span class='ocrx_word' id='word_1_338' title='bbox 519 2932 577 2993; x_wconf 90' lang='lat'><strong>6.</strong></span> <span class='ocrx_word' id='word_1_339' title='bbox 657 2932 739 2991; x_wconf 90' lang='lat' dir='ltr'><strong>Vt</strong></span> <span class='ocrx_word' id='word_1_340' title='bbox 798 2942 995 2992; x_wconf 88' lang='lat' dir='ltr'><strong>autem</strong></span> <span class='ocrx_word' id='word_1_341' title='bbox 1056 2931 1275 3010; x_wconf 77' lang='lat' dir='ltr'><strong>duplex</strong></span> <span class='ocrx_word' id='word_1_342' title='bbox 1337 2941 1427 2991; x_wconf 83' lang='lat' dir='ltr'><strong>est</strong></span> <span class='ocrx_word' id='word_1_343' title='bbox 1484 2932 1790 3004; x_wconf 77' lang='lat' dir='ltr'><strong>Materia,</strong></span> <span class='ocrx_word' id='word_1_344' title='bbox 1842 2928 1922 2989; x_wconf 91' lang='lat' dir='ltr'><strong>ita</strong></span> <span class='ocrx_word' id='word_1_345' title='bbox 1965 2928 2185 3005; x_wconf 82' lang='lat' dir='ltr'><strong>duplex</strong></span> <span class='ocrx_word' id='word_1_346' title='bbox 2227 2936 2317 2987; x_wconf 88' lang='lat' dir='ltr'><strong>est</strong></span> <span class='ocrx_word' id='word_1_347' title='bbox 2355 2926 2808 2987; x_wconf 85' lang='lat' dir='ltr'><strong>instrumentum</strong></span> <span class='ocrx_word' id='word_1_348' title='bbox 2848 2926 3126 2988; x_wconf 89' lang='lat' dir='ltr'><strong>materiae</strong></span> <span class='ocrx_word' id='word_1_349' title='bbox 3169 2926 3349 3004; x_wconf 90' lang='lat' dir='ltr'><strong>perci-</strong></span> 
     </span>
     <span class='ocr_line' id='line_1_33' title="bbox 438 3005 3352 3089; baseline -0.002 -18"><span class='ocrx_word' id='word_1_350' title='bbox 438 3011 719 3089; x_wconf 88' lang='lat' dir='ltr'><strong>piendae:</strong></span> <span class='ocrx_word' id='word_1_351' title='bbox 764 3028 943 3071; x_wconf 87' lang='lat' dir='ltr'><strong>vnum</strong></span> <span class='ocrx_word' id='word_1_352' title='bbox 986 3010 1215 3072; x_wconf 87' lang='lat' dir='ltr'><strong>visibile</strong></span> <span class='ocrx_word' id='word_1_353' title='bbox 1231 3055 1247 3086; x_wconf 91' lang='lat'><strong>,</strong></span> <span class='ocrx_word' id='word_1_354' title='bbox 1290 3012 1346 3071; x_wconf 76' lang='grc' dir='ltr'><strong>δι</strong></span> <span class='ocrx_word' id='word_1_355' title='bbox 1386 3012 1731 3088; x_wconf 90' lang='lat' dir='ltr'><strong>corporale,</strong></span> <span class='ocrx_word' id='word_1_356' title='bbox 1775 3027 1843 3069; x_wconf 89' lang='lat' dir='ltr'><strong>os</strong></span> <span class='ocrx_word' id='word_1_357' title='bbox 1882 3005 2108 3068; x_wconf 88' lang='lat' dir='ltr'><strong>scilicet</strong></span> <span class='ocrx_word' id='word_1_358' title='bbox 2148 3006 2450 3085; x_wconf 75' lang='lat' dir='ltr'><strong>corporiS,</strong></span> <span class='ocrx_word' id='word_1_359' title='bbox 2492 3008 2741 3067; x_wconf 89' lang='lat' dir='ltr'><strong>alterum</strong></span> <span class='ocrx_word' id='word_1_360' title='bbox 2781 3006 3074 3067; x_wconf 87' lang='lat' dir='ltr'><strong>inuisibile</strong></span> <span class='ocrx_word' id='word_1_361' title='bbox 3102 3010 3159 3067; x_wconf 74' lang='grc' dir='ltr'><strong>δι</strong></span> <span class='ocrx_word' id='word_1_362' title='bbox 3190 3007 3352 3085; x_wconf 89' lang='lat' dir='ltr'><strong>spiri-</strong></span> 
     </span>
     <span class='ocr_line' id='line_1_34' title="bbox 440 3086 3357 3166; baseline -0.002 -15"><span class='ocrx_word' id='word_1_363' title='bbox 440 3092 627 3159; x_wconf 80' lang='lat' dir='ltr'><strong>tuale,</strong></span> <span class='ocrx_word' id='word_1_364' title='bbox 666 3090 941 3151; x_wconf 88' lang='lat' dir='ltr'><strong>nimirum</strong></span> <span class='ocrx_word' id='word_1_365' title='bbox 986 3091 1150 3152; x_wconf 85' lang='lat' dir='ltr'><strong>fides.</strong></span> <span class='ocrx_word' id='word_1_366' title='bbox 1213 3092 1463 3151; x_wconf 89' lang='lat' dir='ltr'><strong>Constat</strong></span> <span class='ocrx_word' id='word_1_367' title='bbox 1508 3090 1665 3149; x_wconf 87' lang='lat' dir='ltr'><strong>enim</strong></span> <span class='ocrx_word' id='word_1_368' title='bbox 1708 3088 1925 3166; x_wconf 88' lang='lat' dir='ltr'><strong>requiri</strong></span> <span class='ocrx_word' id='word_1_369' title='bbox 1967 3088 2046 3147; x_wconf 88' lang='lat' dir='ltr'><strong>acl</strong></span> <span class='ocrx_word' id='word_1_370' title='bbox 2089 3106 2214 3147; x_wconf 90' lang='lat' dir='ltr'><strong>rem</strong></span> <span class='ocrx_word' id='word_1_371' title='bbox 2257 3086 2528 3165; x_wconf 89' lang='lat' dir='ltr'><strong>quamuis</strong></span> <span class='ocrx_word' id='word_1_372' title='bbox 2549 3086 2986 3165; x_wconf 86' lang='lat' dir='ltr'><strong>percipiendam</strong></span> <span class='ocrx_word' id='word_1_373' title='bbox 3009 3086 3357 3147; x_wconf 86' lang='lat' dir='ltr'><strong>instrumen-</strong></span> 
     </span>
     <span class='ocr_line' id='line_1_35' title="bbox 440 3166 3358 3247; baseline -0.001 -17"><span class='ocrx_word' id='word_1_374' title='bbox 440 3181 565 3230; x_wconf 90' lang='lat' dir='ltr'><strong>tum</strong></span> <span class='ocrx_word' id='word_1_375' title='bbox 628 3169 1017 3230; x_wconf 89' lang='lat' dir='ltr'><strong>conueniens:</strong></span> <span class='ocrx_word' id='word_1_376' title='bbox 1081 3171 1331 3247; x_wconf 89' lang='lat' dir='ltr'><strong>deinde,</strong></span> <span class='ocrx_word' id='word_1_377' title='bbox 1384 3171 1852 3247; x_wconf 87' lang='lat' dir='ltr'><strong>vnumquodque</strong></span> <span class='ocrx_word' id='word_1_378' title='bbox 1908 3167 2090 3246; x_wconf 88' lang='lat' dir='ltr'><strong>recipi</strong></span> <span class='ocrx_word' id='word_1_379' title='bbox 2130 3168 2456 3228; x_wconf 79' lang='lat' dir='ltr'><strong>secundum</strong></span> <span class='ocrx_word' id='word_1_380' title='bbox 2499 3167 2746 3227; x_wconf 90' lang='lat' dir='ltr'><strong>modum</strong></span> <span class='ocrx_word' id='word_1_381' title='bbox 2785 3166 3176 3246; x_wconf 77' lang='lat' dir='ltr'><strong>percipientis,</strong></span> <span class='ocrx_word' id='word_1_382' title='bbox 3219 3168 3358 3227; x_wconf 76' lang='lat' dir='ltr'><strong>cum</strong></span> 
     </span>
     <span class='ocr_line' id='line_1_36' title="bbox 440 3248 3360 3328; baseline -0.001 -19"><span class='ocrx_word' id='word_1_383' title='bbox 440 3262 636 3311; x_wconf 88' lang='lat' dir='ltr'><strong>autern</strong></span> <span class='ocrx_word' id='word_1_384' title='bbox 697 3268 947 3328; x_wconf 76' lang='lat' dir='ltr'><strong>corpuS,</strong></span> <span class='ocrx_word' id='word_1_385' title='bbox 1003 3252 1059 3311; x_wconf 79' lang='lat'><strong>81</strong></span> <span class='ocrx_word' id='word_1_386' title='bbox 1112 3250 1349 3327; x_wconf 88' lang='lat' dir='ltr'><strong>sanguis</strong></span> <span class='ocrx_word' id='word_1_387' title='bbox 1387 3250 1605 3311; x_wconf 89' lang='lat' dir='ltr'><strong>Christi</strong></span> <span class='ocrx_word' id='word_1_388' title='bbox 1646 3250 1761 3311; x_wconf 86' lang='lat' dir='ltr'><strong>sint</strong></span> <span class='ocrx_word' id='word_1_389' title='bbox 1804 3249 1980 3309; x_wconf 87' lang='lat' dir='ltr'><strong>nobis</strong></span> <span class='ocrx_word' id='word_1_390' title='bbox 2022 3248 2192 3309; x_wconf 91' lang='lat' dir='ltr'><strong>cibus</strong></span> <span class='ocrx_word' id='word_1_391' title='bbox 2231 3250 2288 3308; x_wconf 85' lang='lat'>&amp;</span> <span class='ocrx_word' id='word_1_392' title='bbox 2329 3259 2504 3325; x_wconf 89' lang='lat' dir='ltr'><strong>potus</strong></span> <span class='ocrx_word' id='word_1_393' title='bbox 2547 3248 2905 3325; x_wconf 81' lang='lat' dir='ltr'><strong>spirituales,</strong></span> <span class='ocrx_word' id='word_1_394' title='bbox 2947 3266 3068 3307; x_wconf 91' lang='lat' dir='ltr'><strong>non</strong></span> <span class='ocrx_word' id='word_1_395' title='bbox 3109 3257 3360 3325; x_wconf 89' lang='lat' dir='ltr'><strong>possunt</strong></span> 
     </span>
     <span class='ocr_line' id='line_1_37' title="bbox 440 3326 3358 3408; baseline -0.001 -18"><span class='ocrx_word' id='word_1_396' title='bbox 440 3349 545 3391; x_wconf 90' lang='lat' dir='ltr'><strong>ore</strong></span> <span class='ocrx_word' id='word_1_397' title='bbox 596 3330 893 3408; x_wconf 87' lang='lat' dir='ltr'><strong>corporali</strong></span> <span class='ocrx_word' id='word_1_398' title='bbox 942 3330 1203 3408; x_wconf 89' lang='lat' dir='ltr'><strong>percipi,</strong></span> <span class='ocrx_word' id='word_1_399' title='bbox 1246 3332 1350 3390; x_wconf 87' lang='lat' dir='ltr'><strong>sed</strong></span> <span class='ocrx_word' id='word_1_400' title='bbox 1391 3328 1693 3408; x_wconf 88' lang='lat' dir='ltr'><strong>spirituali.</strong></span> <span class='ocrx_word' id='word_1_401' title='bbox 1756 3332 1963 3407; x_wconf 88' lang='lat' dir='ltr'><strong>Itaque</strong></span> <span class='ocrx_word' id='word_1_402' title='bbox 2001 3330 2214 3389; x_wconf 80' lang='lat' dir='ltr'><strong>frustra</strong></span> <span class='ocrx_word' id='word_1_403' title='bbox 2253 3327 2467 3387; x_wconf 89' lang='lat' dir='ltr'><strong>dicitur</strong></span> <span class='ocrx_word' id='word_1_404' title='bbox 2507 3345 2722 3405; x_wconf 90' lang='lat' dir='ltr'><strong>corpus</strong></span> <span class='ocrx_word' id='word_1_405' title='bbox 2762 3326 2978 3387; x_wconf 88' lang='lat' dir='ltr'><strong>Christi</strong></span> <span class='ocrx_word' id='word_1_406' title='bbox 3022 3328 3112 3388; x_wconf 91' lang='lat' dir='ltr'><strong>ori</strong></span> <span class='ocrx_word' id='word_1_407' title='bbox 3151 3337 3358 3387; x_wconf 91' lang='lat' dir='ltr'><strong>nostro</strong></span> 
     </span>
     <span class='ocr_line' id='line_1_38' title="bbox 440 3406 3359 3489; baseline -0.001 -20"><span class='ocrx_word' id='word_1_408' title='bbox 440 3410 693 3487; x_wconf 88' lang='lat' dir='ltr'><strong>imponi,</strong></span> <span class='ocrx_word' id='word_1_409' title='bbox 752 3421 815 3470; x_wconf 86' lang='lat' dir='ltr'><strong>vt</strong></span> <span class='ocrx_word' id='word_1_410' title='bbox 860 3410 931 3471; x_wconf 68' lang='lat' dir='ltr'><strong>ea</strong></span> <span class='ocrx_word' id='word_1_411' title='bbox 986 3410 1155 3487; x_wconf 85' lang='lat' dir='ltr'><strong>quasi</strong></span> <span class='ocrx_word' id='word_1_412' title='bbox 1194 3410 1369 3470; x_wconf 70' lang='lat' dir='ltr'><strong>ianua</strong></span> <span class='ocrx_word' id='word_1_413' title='bbox 1407 3409 1698 3489; x_wconf 68' lang='lat' dir='ltr'><strong>patefacta</strong></span> <span class='ocrx_word' id='word_1_414' title='bbox 1736 3409 1795 3468; x_wconf 91' lang='lat' dir='ltr'><strong>in</strong></span> <span class='ocrx_word' id='word_1_415' title='bbox 1836 3409 2098 3469; x_wconf 88' lang='lat' dir='ltr'><strong>animum</strong></span> <span class='ocrx_word' id='word_1_416' title='bbox 2139 3418 2408 3468; x_wconf 87' lang='lat' dir='ltr'><strong>nostrum</strong></span> <span class='ocrx_word' id='word_1_417' title='bbox 2449 3406 2836 3485; x_wconf 85' lang='lat' dir='ltr'><strong>ingrediatur,</strong></span> <span class='ocrx_word' id='word_1_418' title='bbox 2877 3406 3359 3485; x_wconf 84' lang='lat' dir='ltr'><strong>quandoquidem</strong></span> 
     </span>
     <span class='ocr_line' id='line_1_39' title="bbox 440 3487 3358 3568; baseline -0.001 -18"><span class='ocrx_word' id='word_1_419' title='bbox 440 3492 568 3550; x_wconf 86' lang='lat' dir='ltr'><strong>sola</strong></span> <span class='ocrx_word' id='word_1_420' title='bbox 611 3490 761 3550; x_wconf 83' lang='lat' dir='ltr'><strong>fides</strong></span> <span class='ocrx_word' id='word_1_421' title='bbox 796 3501 886 3550; x_wconf 88' lang='lat' dir='ltr'><strong>est</strong></span> <span class='ocrx_word' id='word_1_422' title='bbox 924 3490 1131 3567; x_wconf 86' lang='lat' dir='ltr'><strong>ianua,</strong></span> <span class='ocrx_word' id='word_1_423' title='bbox 1172 3490 1291 3568; x_wconf 69' lang='lat' dir='ltr'><strong>qua</strong></span> <span class='ocrx_word' id='word_1_424' title='bbox 1330 3490 1598 3550; x_wconf 87' lang='lat' dir='ltr'><strong>Christus</strong></span> <span class='ocrx_word' id='word_1_425' title='bbox 1638 3488 1959 3567; x_wconf 87' lang='lat' dir='ltr'><strong>ingreditur</strong></span> <span class='ocrx_word' id='word_1_426' title='bbox 1989 3489 2046 3549; x_wconf 88' lang='lat' dir='ltr'><strong>in</strong></span> <span class='ocrx_word' id='word_1_427' title='bbox 2078 3487 2309 3548; x_wconf 88' lang='lat' dir='ltr'><strong>animos</strong></span> <span class='ocrx_word' id='word_1_428' title='bbox 2337 3498 2602 3567; x_wconf 83' lang='lat' dir='ltr'><strong>nostrOS,</strong></span> <span class='ocrx_word' id='word_1_429' title='bbox 2623 3498 2770 3548; x_wconf 87' lang='lat' dir='ltr'><strong>teste</strong></span> <span class='ocrx_word' id='word_1_430' title='bbox 2791 3490 3116 3566; x_wconf 88' lang='lat' dir='ltr'><strong>Apostolo:</strong></span> <span class='ocrx_word' id='word_1_431' title='bbox 3142 3488 3358 3566; x_wconf 74' lang='lat' dir='ltr'><strong>Ephes.</strong></span> 
     </span>
     <span class='ocr_line' id='line_1_40' title="bbox 442 3566 2564 3647; baseline -0.002 -15"><span class='ocrx_word' id='word_1_432' title='bbox 442 3590 499 3647; x_wconf 85' lang='lat'><strong>3.</strong></span> <span class='ocrx_word' id='word_1_433' title='bbox 550 3588 640 3645; x_wconf 88' lang='lat'><strong>17.</strong></span> <span class='ocrx_word' id='word_1_434' title='bbox 680 3572 795 3631; x_wconf 90' lang='lat' dir='ltr'><strong>Per</strong></span> <span class='ocrx_word' id='word_1_435' title='bbox 832 3570 1011 3631; x_wconf 84' lang='lat' dir='ltr'><strong>fidem</strong></span> <span class='ocrx_word' id='word_1_436' title='bbox 1056 3570 1295 3647; x_wconf 88' lang='lat' dir='ltr'><strong>(inquit)</strong></span> <span class='ocrx_word' id='word_1_437' title='bbox 1336 3570 1603 3631; x_wconf 90' lang='lat' dir='ltr'><strong>Christus</strong></span> <span class='ocrx_word' id='word_1_438' title='bbox 1644 3568 1867 3629; x_wconf 89' lang='lat' dir='ltr'><strong>habitat</strong></span> <span class='ocrx_word' id='word_1_439' title='bbox 1906 3569 1966 3629; x_wconf 91' lang='lat' dir='ltr'><strong>in</strong></span> <span class='ocrx_word' id='word_1_440' title='bbox 2008 3568 2289 3628; x_wconf 90' lang='lat' dir='ltr'><strong>cordibus</strong></span> <span class='ocrx_word' id='word_1_441' title='bbox 2327 3566 2564 3628; x_wconf 80' lang='lat' dir='ltr'><strong>nostris,</strong></span> 
     </span>
    </p>

    <p class='ocr_par' dir='ltr' id='par_1_8' title="bbox 433 3646 3364 4446">
     <span class='ocr_line' id='line_1_41' title="bbox 524 3646 3358 3727; baseline -0.002 -17"><span class='ocrx_word' id='word_1_442' title='bbox 524 3667 577 3727; x_wconf 86' lang='lat'><strong>7.</strong></span> <span class='ocrx_word' id='word_1_443' title='bbox 658 3652 785 3711; x_wconf 87' lang='lat' dir='ltr'><strong>Nec</strong></span> <span class='ocrx_word' id='word_1_444' title='bbox 828 3652 1025 3712; x_wconf 86' lang='lat' dir='ltr'><strong>obstat</strong></span> <span class='ocrx_word' id='word_1_445' title='bbox 1058 3651 1219 3727; x_wconf 87' lang='lat' dir='ltr'><strong>quod</strong></span> <span class='ocrx_word' id='word_1_446' title='bbox 1244 3650 1548 3711; x_wconf 88' lang='lat' dir='ltr'><strong>obiicitur:</strong></span> <span class='ocrx_word' id='word_1_447' title='bbox 1590 3650 1651 3709; x_wconf 92' lang='lat' dir='ltr'><strong>Si</strong></span> <span class='ocrx_word' id='word_1_448' title='bbox 1674 3649 2050 3708; x_wconf 86' lang='lat' dir='ltr'><strong>manducatio</strong></span> <span class='ocrx_word' id='word_1_449' title='bbox 2071 3648 2338 3725; x_wconf 89' lang='lat' dir='ltr'><strong>corporis</strong></span> <span class='ocrx_word' id='word_1_450' title='bbox 2359 3648 2576 3709; x_wconf 87' lang='lat' dir='ltr'><strong>Christi</strong></span> <span class='ocrx_word' id='word_1_451' title='bbox 2595 3646 2932 3726; x_wconf 89' lang='lat' dir='ltr'><strong>intelligitur</strong></span> <span class='ocrx_word' id='word_1_452' title='bbox 2954 3646 3358 3725; x_wconf 88' lang='lat' dir='ltr'><strong>spiritualiter,</strong></span> 
     </span>
     <span class='ocr_line' id='line_1_42' title="bbox 442 3726 3360 3809; baseline -0.001 -21"><span class='ocrx_word' id='word_1_453' title='bbox 442 3748 659 3809; x_wconf 86' lang='lat' dir='ltr'><strong>corpus</strong></span> <span class='ocrx_word' id='word_1_454' title='bbox 713 3730 929 3791; x_wconf 88' lang='lat' dir='ltr'><strong>Christi</strong></span> <span class='ocrx_word' id='word_1_455' title='bbox 988 3748 1109 3790; x_wconf 90' lang='lat' dir='ltr'><strong>non</strong></span> <span class='ocrx_word' id='word_1_456' title='bbox 1162 3730 1277 3789; x_wconf 89' lang='lat' dir='ltr'><strong>iam</strong></span> <span class='ocrx_word' id='word_1_457' title='bbox 1334 3748 1461 3790; x_wconf 89' lang='lat' dir='ltr'><strong>esse</strong></span> <span class='ocrx_word' id='word_1_458' title='bbox 1502 3746 1747 3806; x_wconf 79' lang='lat' dir='ltr'><strong>corpus3</strong></span> <span class='ocrx_word' id='word_1_459' title='bbox 1786 3730 1891 3788; x_wconf 87' lang='lat' dir='ltr'><strong>sed</strong></span> <span class='ocrx_word' id='word_1_460' title='bbox 1932 3728 2218 3807; x_wconf 89' lang='lat' dir='ltr'><strong>spiritum.</strong></span> <span class='ocrx_word' id='word_1_461' title='bbox 2259 3729 2413 3788; x_wconf 90' lang='lat' dir='ltr'><strong>Nam</strong></span> <span class='ocrx_word' id='word_1_462' title='bbox 2453 3726 2778 3787; x_wconf 85' lang='lat' dir='ltr'><strong>differentia</strong></span> <span class='ocrx_word' id='word_1_463' title='bbox 2817 3726 3232 3787; x_wconf 87' lang='lat' dir='ltr'><strong>constituenda</strong></span> <span class='ocrx_word' id='word_1_464' title='bbox 3271 3738 3360 3786; x_wconf 90' lang='lat' dir='ltr'><strong>est</strong></span> 
     </span>
     <span class='ocr_line' id='line_1_43' title="bbox 442 3806 3364 3887; baseline -0.001 -18"><span class='ocrx_word' id='word_1_465' title='bbox 442 3809 591 3869; x_wconf 88' lang='lat' dir='ltr'><strong>inter</strong></span> <span class='ocrx_word' id='word_1_466' title='bbox 636 3830 759 3870; x_wconf 90' lang='lat' dir='ltr'><strong>rem</strong></span> <span class='ocrx_word' id='word_1_467' title='bbox 800 3808 1018 3887; x_wconf 85' lang='lat' dir='ltr'><strong>ipsam,</strong></span> <span class='ocrx_word' id='word_1_468' title='bbox 1059 3812 1115 3870; x_wconf 87' lang='lat'>&amp;</span> <span class='ocrx_word' id='word_1_469' title='bbox 1154 3810 1303 3870; x_wconf 88' lang='lat' dir='ltr'><strong>inter</strong></span> <span class='ocrx_word' id='word_1_470' title='bbox 1342 3811 1589 3870; x_wconf 89' lang='lat' dir='ltr'><strong>modum</strong></span> <span class='ocrx_word' id='word_1_471' title='bbox 1628 3807 2108 3887; x_wconf 69' lang='lat' dir='ltr'><strong>participationis</strong></span> <span class='ocrx_word' id='word_1_472' title='bbox 2164 3807 2564 3885; x_wconf 86' lang='lat' dir='ltr'><strong>Agnoscimus</strong></span> <span class='ocrx_word' id='word_1_473' title='bbox 2604 3807 2842 3884; x_wconf 86' lang='lat' dir='ltr'><strong>quidem</strong></span> <span class='ocrx_word' id='word_1_474' title='bbox 2887 3824 3103 3883; x_wconf 86' lang='lat' dir='ltr'><strong>corpus</strong></span> <span class='ocrx_word' id='word_1_475' title='bbox 3143 3806 3364 3867; x_wconf 88' lang='lat' dir='ltr'><strong>Christi</strong></span> 
     </span>
     <span class='ocr_line' id='line_1_44' title="bbox 441 3886 3362 3968; baseline -0 -20"><span class='ocrx_word' id='word_1_476' title='bbox 441 3908 645 3949; x_wconf 88' lang='lat' dir='ltr'><strong>verum</strong></span> <span class='ocrx_word' id='word_1_477' title='bbox 694 3908 821 3949; x_wconf 88' lang='lat' dir='ltr'><strong>esse</strong></span> <span class='ocrx_word' id='word_1_478' title='bbox 858 3908 1077 3967; x_wconf 89' lang='lat' dir='ltr'><strong>corpus</strong></span> <span class='ocrx_word' id='word_1_479' title='bbox 1117 3900 1259 3967; x_wconf 88' lang='lat' dir='ltr'><strong>post</strong></span> <span class='ocrx_word' id='word_1_480' title='bbox 1296 3888 1787 3968; x_wconf 84' lang='lat' dir='ltr'><strong>glorificationem</strong></span> <span class='ocrx_word' id='word_1_481' title='bbox 1840 3902 1901 3948; x_wconf 88' lang='lat' dir='ltr'><strong>vt</strong></span> <span class='ocrx_word' id='word_1_482' title='bbox 1940 3892 1998 3949; x_wconf 74' lang='grc' dir='ltr'><strong>δι</strong></span> <span class='ocrx_word' id='word_1_483' title='bbox 2037 3888 2143 3947; x_wconf 89' lang='lat' dir='ltr'><strong>fuit</strong></span> <span class='ocrx_word' id='word_1_484' title='bbox 2180 3892 2346 3966; x_wconf 78' lang='lat' dir='ltr'><strong>ante,</strong></span> <span class='ocrx_word' id='word_1_485' title='bbox 2386 3906 2498 3947; x_wconf 89' lang='lat' dir='ltr'><strong>nec</strong></span> <span class='ocrx_word' id='word_1_486' title='bbox 2537 3906 2668 3947; x_wconf 92' lang='lat' dir='ltr'><strong>eam</strong></span> <span class='ocrx_word' id='word_1_487' title='bbox 2710 3886 2764 3946; x_wconf 85' lang='lat' dir='ltr'><strong>ci</strong></span> <span class='ocrx_word' id='word_1_488' title='bbox 2805 3886 3023 3963; x_wconf 88' lang='lat' dir='ltr'><strong>aliquid</strong></span> <span class='ocrx_word' id='word_1_489' title='bbox 3045 3888 3362 3947; x_wconf 84' lang='lat' dir='ltr'><strong>detraxisse</strong></span> 
     </span>
     <span class='ocr_line' id='line_1_45' title="bbox 442 3966 3362 4047; baseline -0.001 -19"><span class='ocrx_word' id='word_1_490' title='bbox 442 3970 643 4044; x_wconf 90' lang='lat' dir='ltr'><strong>quoad</strong></span> <span class='ocrx_word' id='word_1_491' title='bbox 682 3986 853 4029; x_wconf 87' lang='lat' dir='ltr'><strong>suum</strong></span> <span class='ocrx_word' id='word_1_492' title='bbox 892 3988 1042 4030; x_wconf 90' lang='lat' dir='ltr'><strong>esse.</strong></span> <span class='ocrx_word' id='word_1_493' title='bbox 1081 3970 1315 4029; x_wconf 88' lang='lat' dir='ltr'><strong>Deinde</strong></span> <span class='ocrx_word' id='word_1_494' title='bbox 1360 3968 1609 4029; x_wconf 88' lang='lat' dir='ltr'><strong>dicimus</strong></span> <span class='ocrx_word' id='word_1_495' title='bbox 1648 3986 1868 4047; x_wconf 87' lang='lat' dir='ltr'><strong>corpus</strong></span> <span class='ocrx_word' id='word_1_496' title='bbox 1906 3968 2124 4029; x_wconf 87' lang='lat' dir='ltr'><strong>Christi</strong></span> <span class='ocrx_word' id='word_1_497' title='bbox 2165 3986 2293 4027; x_wconf 86' lang='lat' dir='ltr'><strong>esse</strong></span> <span class='ocrx_word' id='word_1_498' title='bbox 2333 3968 2531 4028; x_wconf 88' lang='lat' dir='ltr'><strong>cibum</strong></span> <span class='ocrx_word' id='word_1_499' title='bbox 2566 3966 2892 4027; x_wconf 89' lang='lat' dir='ltr'><strong>animarum</strong></span> <span class='ocrx_word' id='word_1_500' title='bbox 2929 3978 3285 4039; x_wconf 85' lang='lat' dir='ltr'><strong>nostrarum,</strong></span> <span class='ocrx_word' id='word_1_501' title='bbox 3307 3967 3362 4025; x_wconf 77' lang='grc' dir='ltr'><strong>δι</strong></span> 
     </span>
     <span class='ocr_line' id='line_1_46' title="bbox 441 4046 3360 4127; baseline -0 -20"><span class='ocrx_word' id='word_1_502' title='bbox 441 4048 729 4109; x_wconf 89' lang='lat' dir='ltr'><strong>rationem</strong></span> <span class='ocrx_word' id='word_1_503' title='bbox 790 4050 1006 4110; x_wconf 81' lang='lat' dir='ltr'><strong>habere</strong></span> <span class='ocrx_word' id='word_1_504' title='bbox 1060 4049 1205 4117; x_wconf 82' lang='lat' dir='ltr'><strong>cibi.</strong></span> <span class='ocrx_word' id='word_1_505' title='bbox 1262 4068 1385 4109; x_wconf 87' lang='lat' dir='ltr'><strong>non</strong></span> <span class='ocrx_word' id='word_1_506' title='bbox 1426 4048 1565 4127; x_wconf 90' lang='lat' dir='ltr'><strong>quia</strong></span> <span class='ocrx_word' id='word_1_507' title='bbox 1604 4060 1691 4108; x_wconf 79' lang='lat' dir='ltr'><strong>est</strong></span> <span class='ocrx_word' id='word_1_508' title='bbox 1731 4066 2020 4126; x_wconf 85' lang='lat' dir='ltr'><strong>corporea</strong></span> <span class='ocrx_word' id='word_1_509' title='bbox 2059 4047 2406 4123; x_wconf 85' lang='lat' dir='ltr'><strong>substantia,</strong></span> <span class='ocrx_word' id='word_1_510' title='bbox 2448 4065 2570 4123; x_wconf 91' lang='lat' dir='ltr'><strong>quo</strong></span> <span class='ocrx_word' id='word_1_511' title='bbox 2611 4048 2795 4107; x_wconf 89' lang='lat' dir='ltr'><strong>modo</strong></span> <span class='ocrx_word' id='word_1_512' title='bbox 2837 4058 2990 4107; x_wconf 87' lang='lat' dir='ltr'><strong>esset</strong></span> <span class='ocrx_word' id='word_1_513' title='bbox 3029 4046 3196 4105; x_wconf 88' lang='lat' dir='ltr'><strong>cibus</strong></span> <span class='ocrx_word' id='word_1_514' title='bbox 3233 4065 3360 4106; x_wconf 92' lang='lat' dir='ltr'><strong>cor·</strong></span> 
     </span>
     <span class='ocr_line' id='line_1_47' title="bbox 439 4126 3362 4207; baseline -0.001 -19"><span class='ocrx_word' id='word_1_515' title='bbox 439 4128 695 4205; x_wconf 88' lang='lat' dir='ltr'><strong>poralis,</strong></span> <span class='ocrx_word' id='word_1_516' title='bbox 752 4130 855 4189; x_wconf 86' lang='lat' dir='ltr'><strong>sed</strong></span> <span class='ocrx_word' id='word_1_517' title='bbox 908 4132 1199 4207; x_wconf 77' lang='lat' dir='ltr'><strong>quatenus</strong></span> <span class='ocrx_word' id='word_1_518' title='bbox 1236 4148 1455 4207; x_wconf 89' lang='lat' dir='ltr'><strong>corpus</strong></span> <span class='ocrx_word' id='word_1_519' title='bbox 1492 4128 1709 4189; x_wconf 87' lang='lat' dir='ltr'><strong>Christi</strong></span> <span class='ocrx_word' id='word_1_520' title='bbox 1748 4141 1838 4187; x_wconf 89' lang='lat' dir='ltr'><strong>est</strong></span> <span class='ocrx_word' id='word_1_521' title='bbox 1877 4127 2082 4188; x_wconf 87' lang='lat' dir='ltr'><strong>datum</strong></span> <span class='ocrx_word' id='word_1_522' title='bbox 2123 4146 2234 4205; x_wconf 90' lang='lat' dir='ltr'><strong>pro</strong></span> <span class='ocrx_word' id='word_1_523' title='bbox 2275 4127 2481 4187; x_wconf 89' lang='lat' dir='ltr'><strong>mundi</strong></span> <span class='ocrx_word' id='word_1_524' title='bbox 2523 4127 2642 4186; x_wconf 72' lang='lat' dir='ltr'><strong>vita</strong></span> <span class='ocrx_word' id='word_1_525' title='bbox 2689 4147 2736 4185; x_wconf 86' lang='lat'><strong>1.</strong></span> <span class='ocrx_word' id='word_1_526' title='bbox 2779 4127 3009 4197; x_wconf 80' lang='lat' dir='ltr'><strong>Tertio,</strong></span> <span class='ocrx_word' id='word_1_527' title='bbox 3051 4126 3362 4187; x_wconf 84' lang='lat' dir='ltr'><strong>asserimus</strong></span> 
     </span>
     <span class='ocr_line' id='line_1_48' title="bbox 436 4206 3363 4287; baseline -0.001 -20"><span class='ocrx_word' id='word_1_528' title='bbox 436 4208 580 4267; x_wconf 88' lang='lat' dir='ltr'><strong>illud</strong></span> <span class='ocrx_word' id='word_1_529' title='bbox 622 4228 745 4268; x_wconf 88' lang='lat' dir='ltr'><strong>non</strong></span> <span class='ocrx_word' id='word_1_530' title='bbox 798 4208 1117 4286; x_wconf 88' lang='lat' dir='ltr'><strong>impedire,</strong></span> <span class='ocrx_word' id='word_1_531' title='bbox 1158 4212 1280 4287; x_wconf 76' lang='lat' dir='ltr'><strong>quo</strong></span> <span class='ocrx_word' id='word_1_532' title='bbox 1322 4208 1517 4269; x_wconf 77' lang='lat' dir='ltr'><strong>minus</strong></span> <span class='ocrx_word' id='word_1_533' title='bbox 1558 4208 1773 4268; x_wconf 88' lang='lat' dir='ltr'><strong>modus</strong></span> <span class='ocrx_word' id='word_1_534' title='bbox 1812 4206 2275 4286; x_wconf 84' lang='lat' dir='ltr'><strong>participationis</strong></span> <span class='ocrx_word' id='word_1_535' title='bbox 2315 4206 2386 4266; x_wconf 92' lang='lat' dir='ltr'><strong>sit</strong></span> <span class='ocrx_word' id='word_1_536' title='bbox 2427 4206 2738 4284; x_wconf 80' lang='lat' dir='ltr'><strong>spiritualis</strong></span> <span class='ocrx_word' id='word_1_537' title='bbox 2767 4210 2912 4282; x_wconf 90' lang='lat' dir='ltr'><strong>(non</strong></span> <span class='ocrx_word' id='word_1_538' title='bbox 2945 4219 3141 4267; x_wconf 87' lang='lat' dir='ltr'><strong>tamen</strong></span> <span class='ocrx_word' id='word_1_539' title='bbox 3163 4206 3363 4284; x_wconf 89' lang='lat' dir='ltr'><strong>imagi-</strong></span> 
     </span>
     <span class='ocr_line' id='line_1_49' title="bbox 433 4285 3360 4366; baseline 0 -21"><span class='ocrx_word' id='word_1_540' title='bbox 433 4286 663 4366; x_wconf 86' lang='lat' dir='ltr'><strong>narius,</strong></span> <span class='ocrx_word' id='word_1_541' title='bbox 722 4300 787 4349; x_wconf 84' lang='lat' dir='ltr'><strong>vt</strong></span> <span class='ocrx_word' id='word_1_542' title='bbox 836 4290 986 4349; x_wconf 76' lang='lat' dir='ltr'><strong>salso</strong></span> <span class='ocrx_word' id='word_1_543' title='bbox 1038 4288 1469 4348; x_wconf 87' lang='lat' dir='ltr'><strong>calumniantur</strong></span> <span class='ocrx_word' id='word_1_544' title='bbox 1514 4285 1829 4363; x_wconf 80' lang='lat' dir='ltr'><strong>Pontificij)</strong></span> <span class='ocrx_word' id='word_1_545' title='bbox 1868 4289 1924 4345; x_wconf 69' lang='grc' dir='ltr'><strong>δε</strong></span> <span class='ocrx_word' id='word_1_546' title='bbox 1966 4305 2154 4347; x_wconf 86' lang='lat' dir='ltr'><strong>verus.</strong></span> <span class='ocrx_word' id='word_1_547' title='bbox 2218 4288 2369 4345; x_wconf 86' lang='lat' dir='ltr'><strong>Nam</strong></span> <span class='ocrx_word' id='word_1_548' title='bbox 2417 4286 2794 4346; x_wconf 88' lang='lat' dir='ltr'><strong>manducatio</strong></span> <span class='ocrx_word' id='word_1_549' title='bbox 2835 4287 3106 4365; x_wconf 87' lang='lat' dir='ltr'><strong>corporis</strong></span> <span class='ocrx_word' id='word_1_550' title='bbox 3143 4286 3360 4347; x_wconf 90' lang='lat' dir='ltr'><strong>Christi</strong></span> 
     </span>
     <span class='ocr_line' id='line_1_50' title="bbox 434 4365 3360 4446; baseline -0.001 -20"><span class='ocrx_word' id='word_1_551' title='bbox 434 4368 579 4427; x_wconf 87' lang='lat' dir='ltr'><strong>nibil</strong></span> <span class='ocrx_word' id='word_1_552' title='bbox 620 4368 779 4429; x_wconf 88' lang='lat' dir='ltr'><strong>aliud</strong></span> <span class='ocrx_word' id='word_1_553' title='bbox 822 4380 942 4445; x_wconf 89' lang='lat' dir='ltr'><strong>est,</strong></span> <span class='ocrx_word' id='word_1_554' title='bbox 982 4372 1162 4446; x_wconf 80' lang='lat' dir='ltr'><strong>quam</strong></span> <span class='ocrx_word' id='word_1_555' title='bbox 1212 4368 1537 4429; x_wconf 87' lang='lat' dir='ltr'><strong>arctissima</strong></span> <span class='ocrx_word' id='word_1_556' title='bbox 1572 4386 1711 4427; x_wconf 87' lang='lat' dir='ltr'><strong>cum</strong></span> <span class='ocrx_word' id='word_1_557' title='bbox 1757 4366 1996 4427; x_wconf 89' lang='lat' dir='ltr'><strong>Christo</strong></span> <span class='ocrx_word' id='word_1_558' title='bbox 2035 4366 2405 4444; x_wconf 80' lang='lat' dir='ltr'><strong>coniunctiO,</strong></span> <span class='ocrx_word' id='word_1_559' title='bbox 2445 4367 2564 4442; x_wconf 88' lang='lat' dir='ltr'><strong>Qui</strong></span> <span class='ocrx_word' id='word_1_560' title='bbox 2607 4365 2731 4427; x_wconf 89' lang='lat' dir='ltr'><strong>edit</strong></span> <span class='ocrx_word' id='word_1_561' title='bbox 2767 4386 2958 4427; x_wconf 90' lang='lat' dir='ltr'><strong>meam</strong></span> <span class='ocrx_word' id='word_1_562' title='bbox 2999 4384 3270 4439; x_wconf 87' lang='lat' dir='ltr'><strong>carnem,</strong></span> <span class='ocrx_word' id='word_1_563' title='bbox 3304 4366 3360 4425; x_wconf 75' lang='grc' dir='ltr'><strong>δι</strong></span> 
     </span>
    </p>
   </div>
   <div class='ocr_carea' id='block_1_3' title="bbox 3209 4444 3362 4507">
    <p class='ocr_par' dir='ltr' id='par_1_9' title="bbox 3209 4444 3362 4507">
     <span class='ocr_line' id='line_1_51' title="bbox 3209 4444 3362 4507; baseline 0.007 -2"><span class='ocrx_word' id='word_1_564' title='bbox 3209 4444 3362 4507; x_wconf 89' lang='lat' dir='ltr'><strong>bibit</strong></span> 
     </span>
    </p>
   </div>
  </div>
 </body>
</html>
