3923 4875
610 365 734 444 282·
1549 375 1874 418 ‘rnesss
1935 373 2603 418 Tneonootcae.

792 597 923 656 LV.
1001 596 1136 655 DE
1198 595 1544 656 STATV
1607 596 1983 659 ANIMAE
2043 595 2645 656 SEPARATAE
2710 596 2767 653 A
2828 593 3343 655 CORPORE

1659 699 1922 761 POST
1980 699 2467 762 MORTEM.

1851 905 2182 964 Tnnsrs
2260 905 2313 964 1.

687 1107 972 1184 Paruum,
1015 1105 1230 1166 Vtrum
1269 1104 1468 1166 anima
1506 1105 1634 1165 sola
1673 1103 1749 1165 sit
1787 1107 2005 1184 homo,
2044 1103 2129 1165 ita
2162 1113 2229 1165 vt
2268 1120 2487 1182 corpus
2526 1103 2637 1182 ipsi
2676 1102 2751 1164 sit
2781 1113 3065 1181 tanquam
3100 1102 3270 1164 nauis
3292 1113 3538 1182 nautae,

604 1205 790 1266 equus
829 1185 1043 1265 equiti,
1085 1185 1370 1263 quoniam
1409 1187 1560 1245 haec
1601 1183 1788 1246 mutui
1827 1183 2141 1246 affectione
2178 1184 2483 1260 dicuntur,
2523 1194 2624 1244 aut
2664 1204 2741 1244 an
2782 1201 3001 1262 corpus
3034 1186 3231 1246 solum
3252 1185 3543 1262 quodam-

607 1267 791 1328 modo
831 1287 894 1328 se
934 1267 1159 1327 habens
1197 1265 1276 1327 ad
1315 1265 1601 1345 animam,
1649 1275 1713 1326 vt
1752 1264 1906 1326 calix
1947 1283 2049 1326 seu
2088 1267 2372 1342 poculum
2414 1263 2492 1324 ad
2532 1265 2869 1342 potionem,
2909 1263 3077 1341 quod
3119 1264 3353 1342 potioni
3396 1283 3538 1324 con-

606 1347 879 1408 tinendae
919 1346 1440 1408 accommodatum
1481 1345 1586 1424 sit,
1626 1363 1906 1424 quaerere
1946 1346 2227 1406 friuolum
2264 1364 2392 1408 esse
2434 1345 2735 1406 ducimus:
2774 1345 2881 1405 sed
2902 1344 3208 1405 hominem
3248 1343 3447 1405 anima
3483 1345 3539 1404 &

605 1446 854 1505 corpore
913 1436 1212 1505 constare,
1274 1425 1356 1490 ita
1411 1436 1474 1486 vt
1524 1444 1638 1486 nec
1691 1425 1888 1486 anima
1938 1428 2095 1504 sola,
2156 1445 2269 1486 nec
2326 1426 2520 1486 solum
2562 1442 2811 1504 corpuS,
2855 1425 2963 1484 sed
3006 1435 3324 1503 Vtrumque
3364 1423 3541 1484 simul

609 1508 793 1569 homo
843 1506 945 1586 sit,
995 1506 1162 1568 cuius
1215 1516 1410 1584 partes
1459 1517 1596 1566 sunt
1633 1505 1974 1567 essentiales
2006 1506 2205 1566 anima
2245 1505 2301 1566 &
2343 1523 2561 1584 corpus
2602 1505 2663 1567 S.
2705 1506 2767 1566 S.
2809 1504 3118 1583 perspicue
3160 1504 3303 1566 satis
3343 1505 3545 1566 docet.

609 1587 768 1648 idem
808 1604 1004 1667 quoq3
1048 1589 1104 1646 &
1144 1596 1370 1647 veteres
1412 1584 1662 1647 sensisse
1699 1584 2130 1668 Academicos,
2171 1584 2337 1647 testis
2370 1595 2460 1646 est
2502 1587 2725 1664 Varro,
2760 1586 3011 1646 authore
3032 1583 3341 1646 Antiocho
3360 1587 3544 1644 Asca—

606 1667 826 1746 lonita,
885 1666 1193 1728 Ciceronis
1251 1665 1602 1742 Lucullique
1665 1666 1979 1746 magistro,
2039 1678 2219 1744 atque
2282 1664 2462 1728 etiam
2503 1664 2925 1744 Peripateticos
2966 1668 3021 1725 &
3061 1664 3325 1726 melioris
3364 1676 3545 1725 notae

606 1748 998 1826 philosophos
1034 1746 1404 1808 Aristoteles,
1445 1747 1698 1824 August.
1739 1747 1836 1806 lib.
1887 1767 1978 1824 19.
2020 1749 2089 1806 de
2128 1747 2284 1806 cinit.
2327 1746 2466 1806 Dei.
2508 1748 2760 1807 Aristot.
2800 1747 2895 1806 lib.
2943 1765 2993 1805 1.
3038 1747 3108 1804 de
3147 1747 3368 1805 anima.

691 1849 746 1890 2.
826 1827 1024 1888 Omne
1063 1826 1304 1904 quidem
1344 1825 1590 1902 animal,
1630 1827 1798 1905 quod
1839 1825 2021 1887 vitam
2060 1825 2323 1906 accepit,
2363 1825 2571 1888 itidem
2612 1824 2789 1887 morti
2830 1825 3159 1887 obnoxium
3180 1844 3309 1886 esse
3330 1843 3537 1886 sensus

610 1906 944 1968 communis
983 1907 1040 1965 δι
1083 1905 1443 1984 experientia
1481 1907 1688 1967 docet:
1731 1906 2029 1967 Homines
2069 1909 2212 1967 vero
2255 1917 2393 1984 post
2434 1917 2687 1968 mortem
2728 1905 3052 1967 etiamnum
3074 1906 3273 1966 adhuc
3298 1924 3539 1966 manere

610 1987 892 2048 iudicium
933 1987 1115 2046 docet
1151 1989 1508 2064 Apostolus:
1549 1986 1746 2048 Hebr.
1789 2008 1846 2064 9.
1871 2003 1968 2062 27.
2008 1998 2278 2066 tempore
2304 1989 2444 2048 vero
2462 1986 2567 2048 illo
2586 1985 2972 2064 intermedio,
2994 2003 3117 2063 quo
3140 1985 3341 2046 anima
3360 2002 3543 2062 quae-

606 2067 754 2128 libet
813 2065 958 2128 olim
1013 2066 1256 2146 corpori
1294 2085 1402 2127 suo
1442 2065 1689 2144 pristino
1731 2066 2093 2128 restituenda
2133 2077 2493 2146 reseruatur,
2533 2068 2802 2146 breuius,
2844 2065 3079 2144 longius
3119 2067 3321 2142 fuerit,
3364 2075 3541 2143 prout

609 2145 860 2226 quisque
899 2145 994 2207 hic
1033 2147 1218 2207 serius
1259 2145 1502 2209 ociusue
1540 2145 1800 2206 animam
1839 2147 2055 2226 egerit,
2098 2146 2351 2208 essentia
2389 2165 2495 2208 sua
2533 2166 2769 2226 semper
2808 2157 3009 2208 tamen
3030 2145 3543 2224 incorruptibilem

609 2227 922 2288 subsistere
982 2226 1200 2304 passim
1259 2227 1323 2287 in
1379 2225 1560 2288 sacris
1621 2225 1792 2304 vbiq3
1851 2228 1991 2288 satis
2044 2229 2508 2300 demonstratur,
2562 2226 3073 2289 Immortalitatem
3128 2228 3271 2287 vero
3311 2225 3544 2286 animae

607 2317 814 2386 gentes
875 2305 1224 2386 credidisse,
1285 2325 1487 2368 earum
1537 2319 1924 2368 monumenta
1976 2306 2116 2368 satis
2168 2308 2485 2386 explicant.
2544 2309 2734 2368 Arist.
2778 2327 2835 2384 3.
2878 2309 2947 2368 de
2989 2309 3211 2366 anima.
3261 2314 3393 2367 teet.
3448 2325 3545 2365 20.

606 2388 980 2459 Pherecydes.
1023 2387 1386 2465 Phocylicles.
1422 2387 1640 2448 Herm.
1681 2389 1744 2447 in
1783 2387 2105 2450 Poemand.
2145 2398 2277 2471 cap.
2324 2407 2416 2450 10.
2456 2388 2809 2469 Epicharm.
2852 2389 3023 2468 apud
3052 2389 3320 2448 Clement.
3347 2388 3546 2447 Cicero

615 2488 667 2529 1.
714 2469 952 2527 Tus-cul.
993 2468 1071 2527 &⁴
1109 2469 1171 2527 in
1211 2469 1424 2527 consol.
1459 2470 1588 2527 item
1623 2468 1722 2528 lib.
1768 2488 1798 2527 2
1842 2470 1912 2529 de
1949 2470 2207 2530 Natura
2244 2470 2516 2531 Deorum
2558 2470 2637 2529 ὁ*
2675 2472 2769 2529 lib.
2814 2468 2885 2527 de
2921 2468 3099 2544 legib.

684 2568 742 2625 3.
821 2546 1175 2608 Animarum
1213 2550 1356 2609 vero
1396 2558 1532 2625 post
1577 2558 1833 2609 mortem
1873 2548 2282 2611 conditionem
2322 2550 2480 2610 hanc
2520 2567 2643 2609 non
2688 2547 2978 2611 desidiam
2994 2593 3013 2627 ,
3055 2564 3161 2609 seu
3200 2558 3509 2608 veternum
3527 2592 3545 2623 ,

607 2638 710 2688 aut
746 2627 937 2688 simile
975 2626 1282 2706 quippiam
1321 2646 1450 2689 esse
1491 2626 1742 2689 dicimus
1756 2674 1774 2705 ,
1815 2627 2111 2705 siquidem
2150 2628 2483 2690 exanimem
2524 2629 2715 2707 ipsam
2755 2628 2903 2689 illud
2945 2630 3171 2706 fingere
3194 2638 3349 2689 esset
3367 2672 3385 2706 ,
3406 2628 3547 2687 cum

606 2707 998 2785 (Tertulliano
1059 2718 1207 2768 teste
1248 2708 1346 2771 lib.
1387 2708 1456 2767 de
1493 2726 1674 2767 carne
1720 2706 1944 2769 Clm'sti
1979 2720 2110 2788 cap.
2152 2712 2236 2784 4.)
2276 2726 2481 2771 sensus
2522 2707 2758 2769 animae
2796 2708 2899 2787 sit,
2942 2727 3016 2768 ac
3058 2707 3184 2767 eius
3226 2706 3545 2786 proprium

605 2788 835 2868 vigere,
873 2787 1107 2848 moueri
1143 2786 1498 2866 intelligere,
1541 2788 1651 2850 διε.
1694 2790 1802 2849 sed
1841 2789 2218 2851 affectionem
2259 2790 2561 2867 quandam
2601 2790 2663 2849 in
2704 2799 3008 2851 aeternum
3043 2788 3386 2849 duraturam
3399 2833 3418 2866 ,
3438 2798 3543 2847 aut

605 2867 894 2930 moeroris
907 2912 926 2947 ,
987 2868 1404 2929 damnatorum
1461 2868 1684 2929 scilicet
1741 2885 1894 2946 quos
1955 2867 2017 2929 in
2074 2871 2189 2931 hac
2238 2870 2359 2930 vita
2396 2888 2520 2930 non
2560 2881 2651 2929 est
2688 2867 3152 2948 regenerationis
3191 2866 3399 2946 spiritu
3438 2876 3539 2927 aut

605 2946 1076 3027 perseuerantiae
1128 2948 1316 3027 gratia
1369 2947 1642 3027 dignatus
1693 2948 2020 3029 DominuS,
2060 2958 2161 3010 aut
2199 2948 2397 3028 gaudij
2412 2994 2431 3029 ,
2473 2966 2681 3011 eorum
2721 2949 2825 3028 qui
2864 2948 3193 3009 secundum
3233 2947 3544 3009 decretum

606 3028 724 3089 Dei
780 3028 842 3088 in
899 3026 1137 3089 Christo
1198 3026 1396 3089 vocati
1444 3039 1579 3089 sunt
1592 3073 1611 3108 ,
1651 3033 1774 3107 quo
1815 3028 2105 3107 gratuitae
2144 3032 2200 3091 &
2249 3028 2560 3091 ineffabilis
2602 3030 2828 3122 gloriae
2868 3038 3181 3091 consortes
3224 3044 3365 3089 cum
3406 3028 3545 3089 Deo

605 3107 810 3170 viuant
847 3108 1318 3187 corporibusque
1359 3107 1480 3170 suis
1519 3109 1664 3171 olim
1703 3108 2132 3201 gloriosissimo
2172 3109 2355 3189 ipsius
2396 3128 2638 3202 corpori
2678 3108 2900 3171 similes
2944 3108 3185 3170 tandem
3226 3108 3389 3169 fiant.

689 3208 746 3262 4.
825 3188 965 3249 Vita
1003 3190 1181 3268 haec,
1227 3187 1424 3249 donec
1466 3190 1633 3250 Deus
1675 3198 1752 3249 sit
1791 3188 1996 3249 omnia
2036 3190 2098 3249 in
2140 3188 2455 3265 omnibus,
2496 3209 2559 3250 1n
2600 3209 2676 3251 eo
2716 3188 2828 3251 sita
2870 3200 2987 3267 est,
3020 3208 3145 3249 non
3180 3188 3349 3268 quod
3370 3186 3553 3248 intali

603 3268 720 3330 sint
771 3268 1138 3329 beatitudine
1192 3271 1430 3347 qualem
1479 3269 1556 3329 de
1595 3268 1800 3329 aulicis
1843 3268 2180 3331 Salomonis
2222 3268 2284 3330 in
2321 3268 2590 3332 variabili
2629 3269 2982 3331 necessitate
3024 3271 3301 3347 stupebat
3342 3266 3545 3327 Austri

608 3347 843 3427 regina,
892 3347 1188 3426 siquidem
1243 3366 1380 3409 vere
1436 3350 1763 3409 secundum
1815 3348 2175 3410 Ciceronem
2214 3351 2444 3411 nullum
2485 3351 2717 3411 bonum
2754 3351 3117 3442 perfectum,
3157 3348 3269 3409 nisi
3309 3346 3553 3425 stabile,

603 3430 790 3489 fixum
833 3448 906 3489 ac
947 3447 1301 3506 permanens
1343 3427 1416 3489 sit
1431 3489 1452 3507 ,
1458 3445 1512 3506 5.
1564 3430 1797 3489 Tuscul.
1839 3428 2007 3503 (nihil
2050 3430 2209 3491 enim
2230 3430 2659 3491 inueterascere
2680 3430 2827 3491 nihil
2848 3430 3112 3509 extingui
3129 3474 3148 3505 ,
3168 3429 3313 3490 nihil
3332 3428 3549 3489 cadere

607 3508 791 3569 debet
831 3526 1072 3588 eorum,
1114 3526 1269 3587 quae
1307 3507 1369 3568 in
1410 3510 1584 3569 beata
1621 3507 1743 3569 vita
1783 3509 2143 3589 consistunt,
2183 3510 2406 3589 quippe
2446 3510 2551 3589 qui
2590 3510 2789 3590 timet,
2832 3530 2909 3570 ne
2942 3508 3087 3587 quid
3130 3528 3201 3570 ex
3234 3508 3328 3569 his
3376 3508 3545 3568 dece·

607 3589 740 3661 dat,
793 3588 967 3650 miser
1005 3588 1206 3649 adhuc
1245 3600 1335 3650 est
1349 3591 1393 3666 ,)
1433 3588 1540 3649 sed
1577 3590 1744 3667 quod
1784 3588 1961 3667 plena
1975 3634 1995 3669 ,
2033 3590 2223 3669 certa,
2265 3590 2475 3651 secura
2490 3636 2507 3669 ,
2552 3590 3029 3670 sempiternaque
3086 3588 3365 3650 felicitate
3410 3604 3551 3667 gau-

606 3668 786 3729 deant
823 3667 888 3729 in
925 3666 1143 3729 summi
1179 3668 1295 3729 Dei
1327 3668 1630 3747 laudibus,
1676 3668 1736 3729 in
1779 3688 1929 3747 pace
1971 3670 2087 3731 Dei
2126 3688 2277 3748 quae
2319 3672 2384 3748 (f.
2416 3673 2593 3747 1746)
2628 3690 2871 3732 omnem
2894 3670 3260 3730 intellectum
3280 3678 3553 3747 superat,

605 3758 784 3827 atque
822 3748 1047 3810 vnitate
1086 3747 1321 3827 spiritus
1362 3746 1541 3827 capiti
1581 3765 1690 3809 suo
1732 3748 1971 3810 Christo
2014 3752 2414 3829 coadunatae,
2456 3762 2519 3811 vt
2557 3753 2693 3812 Deo
2736 3752 3035 3830 fruantur,
3080 3748 3183 3827 qui
3223 3748 3402 3811 bonis
3462 3757 3552 3809 est

604 3828 870 3906 praemio
909 3849 984 3891 ac
1022 3828 1482 3889 remunerationi
1518 3828 1841 3906 promissus
1857 3875 1874 3910 ,
1915 3849 2133 3908 nempe
2176 3848 2475 3893 summum
2517 3829 2809 3893 felicitatis
2852 3832 3089 3894 culmen
3128 3850 3199 3890 ac
3233 3827 3551 3908 fastigium.

615 3908 764 3971 Gen.
809 3927 900 3985 17.
950 3925 1041 3987 15.
1081 3912 1248 3969 Psal.
1299 3911 1387 3969 16.
1430 3911 1489 3969 6.
1529 3909 1700 3972 Item.
1747 3926 1837 3985 17.
1889 3926 1981 3988 15.

685 4004 740 4067 5.
822 3990 1130 4069 Siquidem
1169 3991 1318 4050 haec
1360 3988 1665 4049 beatitudo
1705 4008 1947 4067 prorsus
1987 3991 2441 4069 supernaturalis
2480 4011 2553 4052 ac
2595 3989 2910 4070 spiritualis
2952 4001 3074 4052 est:
3117 4007 3239 4067 quo
3284 3991 3348 4049 fit
3387 3999 3450 4050 vt
3488 3987 3553 4048 in

605 4068 796 4131 carnis
849 4073 1146 4149 ergastulo
1197 4069 1361 4130 istius
1414 4070 1795 4132 excellentiae
1835 4069 2078 4131 minime
2119 4090 2371 4150 capaces
2413 4091 2541 4132 esse
2584 4089 2890 4149 queamus.
2941 4090 2990 4129 1.
3050 4070 3196 4131 Cor.
3242 4089 3297 4131 2.
3338 4090 3399 4147 9.
3460 4070 3552 4128 Ex

603 4160 772 4225 parte
811 4148 910 4209 hic
949 4152 1178 4209 tantum
1217 4150 1435 4209 scimus
1475 4153 1531 4210 81
1568 4152 2071 4229 prhophetamuS,
2112 4170 2184 4211 ac
2224 4152 2285 4211 in
2334 4151 2670 4230 aenigmate
2714 4152 3011 4211 cernimus
3030 4197 3047 4229 ,
3094 4150 3267 4228 quasi
3298 4168 3406 4227 per
3424 4167 3549 4227 spe-

602 4230 829 4308 culum,
889 4229 1092 4307 quoad
1149 4229 1316 4307 quod
1363 4232 1692 4307 perfectum
1747 4241 1834 4291 est
1889 4230 2120 4310 veniat,
2161 4243 2305 4292 tunc
2346 4233 2497 4292 facie
2544 4232 2623 4291 ad
2665 4230 2883 4292 faciem
2923 4230 3275 4291 videbimus
3319 4246 3555 4291 verum-

599 4320 801 4369 tamen
838 4328 952 4387 pro
994 4309 1243 4371 modulo
1284 4320 1490 4369 nostro
1529 4310 1981 4385 quodammodo
2022 4311 2301 4372 scintillas
2343 4312 2405 4372 in
2448 4312 2736 4372 cordibus
2778 4310 3033 4372 subinde
3071 4310 3543 4389 praesentiscere

600 4390 774 4451 datur
809 4406 1018 4450 eorum
1057 4408 1313 4467 quorum
1353 4390 1585 4449 Paulus.
1633 4408 1681 4449 1.
1731 4390 1870 4453 Cor.
1915 4410 1969 4450 2.
2020 4412 2109 4451 10.
2154 4391 2423 4454 meminit
2463 4402 2641 4470 atque
2688 4394 2846 4452 hanc
2888 4390 3000 4453 rite
3042 4392 3207 4452 Deus
3241 4400 3371 4469 opt.
3392 4391 3553 4531 Μῖκ.

3380 4486 3463 4531 no
3507 4488 3556 4531 is
