3923 4875
1433 349 1539 396 nl:
1596 353 1821 398 vltRA
1879 352 2420 400 THEOLOGIA.
3299 353 3375 414 79

468 515 825 596 Theologia:
879 515 1017 591 quia
1068 524 1170 575 aut
1206 514 1372 575 Deus
1412 513 1537 592 ipse
1576 525 1663 576 est
1703 515 1780 576 de
1819 531 1940 593 quo
1981 512 2200 591 agitur,
2241 523 2340 573 aut
2381 534 2473 575 res
2511 524 2647 575 sunt
2685 515 2764 575 ad
2801 513 2999 573 Deum
3037 513 3378 593 ordinatae,

466 608 531 660 vt
567 599 649 658 ad
688 593 1041 674 principium
1081 594 1411 655 vniuersale
1424 641 1442 674 ,
1480 598 1538 656 ἃς
1578 597 1759 655 finem
1798 595 2076 673 ipsarum.
2142 597 2344 670 Atque
2381 595 2536 654 hanc
2577 593 2765 671 ipsam
2806 610 3044 670 quoque
3084 594 3374 654 rationem

464 677 652 739 sancti
693 674 1003 754 Apostoli,
1042 684 1144 735 aut
1180 674 1433 752 proximi
1472 685 1741 754 tempora
1778 674 2014 736 illorum
2050 673 2160 733 viri
2198 673 2534 752 Apostolici
2573 673 2632 734 in
2653 684 2860 733 sancto
2878 674 3154 748 symbolo
3174 676 3374 735 obser-

464 767 677 818 uarunt
692 802 709 835 ,
768 773 954 833 quum
1012 754 1343 816 subiectum
1403 755 1826 833 principiorum
1842 799 1859 834 ,
1918 752 1982 814 in
2041 753 2254 830 quibus
2314 763 2440 814 tota
2479 751 2722 814 scientia
2758 753 2972 813 virtute
3010 752 3375 830 continetur,

470 848 792 915 posuerunt
850 837 1049 894 Deum
1107 853 1265 914 esse3
1320 837 1377 896 δε
1436 835 1692 896 articulis
1746 837 1823 895 de
1869 836 2006 893 Deo
2020 878 2039 911 ,
2093 843 2254 893 certa
2291 833 2485 912 capita
2523 835 2602 894 de
2640 831 2939 910 Ecclesia,
2981 831 3194 893 diuinis
3233 851 3376 911 erga

466 936 600 978 eam
658 915 963 978 beneficiis
1021 913 1427 995 subiecerunt3
1492 925 1557 976 vt
1602 913 1887 995 principia
1932 913 2131 991 priore
2171 915 2308 973 loco
2347 911 2568 991 posita,
2608 912 2672 974 id
2713 913 2880 990 quod
2919 911 3248 972 subiectum
3286 921 3377 972 est

464 1016 573 1075 per
612 1016 677 1058 se
690 1041 709 1075 ,
749 994 1115 1074 Theologiae
1153 1005 1388 1057 nostrae
1426 997 1833 1076 ostenderent3
1872 993 2202 1072 posteriore
2241 998 2384 1055 vero
2399 1039 2417 1072 ,
2457 1010 2610 1070 quae
2641 992 2719 1052 ad
2747 991 3077 1053 subiectum
3098 991 3376 1070 singulari

468 1078 655 1138 modo
696 1095 759 1136 se
798 1076 1051 1154 habent,
1092 1077 1150 1134 δε
1189 1078 1399 1138 affecta
1438 1085 1575 1136 sunt
1588 1121 1605 1156 ,
1646 1085 2000 1136 tenerentur.

542 1159 779 1216 Harum
840 1167 1034 1216 autem
1093 1171 1319 1235 rerum,
1379 1171 1531 1233 quae
1591 1155 1827 1216 diuinae
1879 1154 2277 1232 appellantur,
2319 1152 2617 1231 duplicem
2657 1151 2930 1214 ordinem
2943 1196 2962 1230 ,
3003 1171 3076 1212 ex
3111 1151 3182 1213 iis
3222 1169 3374 1228 quae

466 1237 653 1296 modo
712 1235 997 1314 diximus,
1059 1235 1337 1297 constitui
1394 1235 1657 1312 sequitur
1715 1245 2019 1313 oportere:
2069 1235 2272 1293 Vnum
2322 1234 2398 1292 de
2437 1235 2598 1312 Dee,
2638 1250 2760 1311 quo
2799 1251 2912 1293 nos
2952 1241 3190 1309 oportet
3229 1231 3378 1312 frui3

470 1318 738 1377 Alterum
778 1317 855 1376 de
894 1317 1072 1376 rebus
1110 1315 1257 1395 Dei,
1300 1315 1515 1393 quibus
1553 1335 1666 1376 nos
1706 1324 1943 1394 oportet
1982 1313 2066 1375 vti
2105 1313 2430 1374 secundum
2469 1315 2694 1374 Deum:
2734 1323 2799 1372 vt
2829 1310 3190 1390 Augustinus
3209 1311 3312 1372 lib.
3333 1329 3373 1371 1.

465 1396 542 1456 de
584 1395 855 1456 doctrina
896 1395 1229 1456 Christiana
1267 1396 1512 1475 copiose
1550 1394 1884 1475 explicauit.
1944 1395 2044 1454 Ad
2080 1395 2283 1454 locum
2321 1403 2518 1470 autem
2559 1392 2635 1454 de
2672 1395 2808 1452 Deo
2847 1390 3189 1469 simpliciter
3227 1393 3376 1452 haec

465 1476 590 1536 duo
630 1475 949 1555 pertinent,
989 1474 1139 1535 ratio
1178 1487 1449 1568 naturae,
1490 1477 1545 1535 81
1583 1475 1735 1536 ratio
1776 1473 2091 1536 voluntatis
2131 1473 2275 1532 eius·
2313 1475 2602 1549 Naturae3
2643 1473 2768 1532 siue
2807 1471 3133 1532 secundum
3179 1490 3374 1532 essen-

462 1554 609 1616 tiam
648 1555 711 1614 in
748 1554 935 1615 tribus
979 1556 1247 1633 personis
1288 1558 1739 1635 subsistentem3
1780 1555 1907 1617 siue
1940 1553 2264 1615 secundum
2285 1551 2722 1613 distinctionem
2739 1567 3126 1630 personarum
3146 1561 3376 1628 spectes

464 1634 527 1694 in
564 1634 789 1696 unitate
826 1635 1123 1696 essentiae.
1168 1635 1505 1697 Voluntatis
1544 1647 1773 1716 autem;
1816 1646 1941 1695 tum
1984 1635 2108 1694 eius
2147 1649 2301 1709 quae
2339 1631 2610 1692 vniuerse
2649 1632 2729 1693 ad
2767 1650 2861 1692 res
2899 1649 3109 1691 omnes
3147 1641 3374 1691 creatas

465 1716 649 1774 fertur
687 1715 1159 1793 quodammodo:
1205 1726 1332 1776 tum
1372 1715 1524 1777 illius
1564 1733 1718 1793 quae
1758 1713 2090 1776 communis
2131 1723 2250 1790 est,
2271 1711 2777 1790 communiterque
2795 1710 3060 1788 exposita
3077 1709 3140 1770 in
3159 1729 3375 1790 genere

470 1795 773 1854 humano:
830 1805 957 1855 tum
996 1794 1249 1872 denique
1289 1797 1461 1857 huius
1476 1841 1493 1874 ,
1536 1814 1689 1872 quae
1730 1793 2010 1874 singulari
2047 1791 2276 1854 ratione
2313 1791 2532 1871 gratiae
2571 1792 2630 1852 in
2670 1791 2940 1853 Ecclesia
2973 1789 3154 1868 ipsius
3195 1809 3374 1870 expo-

472 1873 651 1934 nitur.
709 1873 811 1934 Ad
860 1875 1107 1935 alterum
1145 1880 1287 1938 vere
1326 1878 1529 1937 locum
1568 1877 1645 1936 de
1687 1877 1862 1937 rebus
1901 1877 1981 1935 ad
2019 1874 2216 1933 Deum
2259 1871 2570 1952 ordinatiS,
2609 1872 2720 1933 tria
2754 1874 2941 1932 ferme
2979 1869 3272 1948 pertinent
3314 1869 3376 1930 in

476 1953 775 2032 scripturis
832 1953 1011 2014 sacris
1062 1954 1357 2046 exposita:
1420 1957 1653 2033 Nempe
1702 1973 1900 2016 rerum
1940 1963 2177 2030 natura,
2216 1955 2336 2029 qua
2373 1953 2452 2012 ad
2491 1952 2688 2014 Deum
2727 1951 3000 2014 ordinata
3038 1960 3156 2012 est:
3197 1969 3380 2030 opera

470 2033 591 2093 Dei
625 2031 686 2092 in
726 2031 869 2113 illis3
910 2033 966 2091 &
1006 2032 1095 2092 ius
1136 2033 1249 2094 illis
1288 2039 1325 2096 a
1357 2037 1493 2096 Deo
1512 2035 1890 2114 assignatum.
1922 2036 2208 2094 Naturam
2247 2041 2442 2092 autem
2476 2050 2670 2093 rerum
2689 2031 2997 2112 disciplina
3013 2029 3380 2109 Theologiae

474 2113 689 2172 Sacrae
727 2111 980 2173 dicimus
1020 2113 1329 2194 explicari,
1369 2134 1492 2176 non
1533 2116 1771 2193 quidem
1814 2112 2158 2192 simpliciter
2196 2115 2314 2189 qua
2352 2120 2488 2172 sunt
2530 2113 2671 2188 (hoc
2713 2111 2872 2173 enim
2893 2113 3234 2189 scrupulose
3252 2129 3376 2172 ves-

470 2190 682 2284 tigare,
738 2194 795 2253 δι
849 2211 1308 2274 recognoscere,
1350 2196 1407 2254 &
1446 2196 1706 2275 tradere,
1744 2193 2122 2274 physicorum
2139 2238 2156 2271 ,
2197 2191 2594 2270 medicorum,
2635 2196 2690 2254 &
2730 2192 3220 2270 philosophorum
3259 2201 3346 2252 est
3359 2235 3378 2270 ,

466 2289 595 2332 sese
656 2290 720 2331 m
776 2273 1209 2350 perscrutandis
1257 2278 1313 2336 &
1363 2275 1863 2353 recognoscendis
1903 2283 2148 2334 naturae
2185 2270 2465 2349 operibus
2505 2269 2630 2332 sine
2670 2273 2853 2332 modo
2894 2275 2949 2331 &
2986 2272 3104 2329 fine
3143 2271 3376 2331 immer-

468 2350 788 2432 gentium);
845 2355 951 2412 sed
1008 2355 1239 2414 tantum
1300 2355 1626 2415 secundum
1686 2355 1747 2415 id
1761 2401 1779 2434 ,
1838 2354 2004 2432 quod
2065 2355 2128 2427 (f.
2191 2371 2211 2410 ι
2225 2357 2386 2426 404.)
2438 2368 2605 2412 suam
2677 2351 3022 2415 relationem
3089 2355 3377 2428 suumque

469 2442 803 2510 respectum
840 2432 921 2494 ad
958 2434 1155 2495 Deum
1195 2434 1422 2495 habent
1458 2435 1805 2498 necessitate
1842 2444 2086 2496 naturae
2101 2478 2119 2512 ,
2159 2434 2215 2493 δι
2255 2433 2416 2493 Deus
2455 2432 2533 2494 ad
2583 2429 2710 2497 illas
2749 2431 3018 2493 libertate
3055 2430 3376 2492 voluntatis

462 2529 621 2573 suae.
674 2511 912 2573 Etenim
950 2532 1063 2575 nec
1102 2516 1470 2593 Angelorum
1508 2526 1778 2577 naturam
1818 2516 1998 2577 docet
2036 2511 2368 2590 Theologia
2383 2558 2400 2591 ,
2434 2521 2500 2572 vt
2538 2512 2760 2574 faciunt
2798 2510 3221 2589 Metaphysici3
3262 2529 3375 2571 nee

465 2590 853 2653 animantium
906 2602 1005 2654 aut
1055 2611 1252 2656 rerum
1306 2595 1779 2676 elementarium,
1818 2606 1881 2656 vt
1918 2593 2180 2673 Physici3
2215 2611 2327 2653 nec
2366 2595 2469 2668 τήν
2509 2595 2574 2657 ἐξ
2613 2592 3013 2671 ἀφαιρέσεως,
3049 2599 3115 2649 vt
3154 2590 3383 2650 mathe-
3451 2595 3461 2603 '

466 2670 695 2733 matici:
750 2672 857 2733 sed
904 2682 1177 2734 naturam
1216 2674 1743 2753 conditionemque
1780 2676 2021 2736 tradunt
2059 2672 2426 2751 singulorum
2467 2689 2622 2749 quae
2674 2672 2752 2731 ad
2804 2674 2958 2731 hanc
3008 2668 3377 2746 disciplinam

460 2750 788 2845 pertinent,
829 2772 941 2830 pro
979 2763 1044 2814 vt
1082 2754 1161 2814 ad
1198 2755 1397 2816 Deum
1437 2758 1793 2834 referuntur,
1833 2762 2057 2831 suaque
2097 2752 2409 2813 affectione
2447 2751 2526 2812 ad
2565 2750 2758 2829 ipsum
2797 2749 3144 2811 ordinantur
3163 2750 3377 2810 solum.

465 2832 558 2892 De
622 2834 901 2909 operibus
960 2849 1230 2913 quoque,
1290 2834 1572 2897 iudicium
1624 2836 1812 2896 idem:
1865 2834 2103 2895 Etenim
2137 2850 2318 2909 opera
2351 2830 2467 2891 Dei
2503 2830 2566 2890 in
2602 2833 2779 2893 rebus
2818 2828 3028 2891 creatis
3068 2827 3346 2890 omnibus
3359 2872 3378 2905 ,

464 2913 841 2989 praelucente
892 2912 1256 2991 Theologiae
1297 2913 1533 2977 diuinae
1571 2918 1703 2977 face
1716 2961 1735 2996 ,
1775 2914 1855 2975 ita
1892 2916 2310 2990 observantur,
2350 2921 2416 2970 vt
2451 2929 2577 2971 non
2617 2930 2688 2972 ea
2725 2909 3064 2988 simpliciter
3102 2908 3163 2968 in
3204 2908 3378 2967 ratio-

466 3010 604 3052 nem
665 2992 905 3055 veniant
953 3003 1130 3071 atque
1182 2993 1479 3074 vniuerse,
1538 3012 1689 3074 quae
1748 3003 2007 3074 praestat
2055 2993 2115 3053 in
2157 2991 2239 3052 eis
2277 2993 2472 3070 Deus3
2513 2991 2620 3051 sed
2659 2989 3074 3051 tantummodo
3114 3007 3188 3049 ea
3225 3006 3378 3065 quae

468 3071 795 3133 secundum
848 3074 1005 3133 hanc
1058 3072 1489 3135 ordinationem
1548 3093 1725 3153 quam
1790 3073 1974 3135 modo
2028 3070 2414 3150 expressimus
2428 3116 2445 3149 ,
2487 3080 2590 3131 aut
2627 3072 2791 3131 Deus
2832 3067 2955 3147 agit
2993 3068 3054 3129 in
3093 3067 3236 3147 illis,
3277 3076 3381 3127 aut

472 3149 605 3211 illae
646 3162 829 3230 agunt
866 3152 1191 3213 secundum
1231 3154 1449 3214 Deum.
1490 3154 1633 3233 Agit
1669 3163 1867 3216 autem
1904 3154 2070 3213 Deus
2109 3149 2407 3213 liberrime
2445 3148 2745 3211 liberrima
2782 3151 3086 3211 voluntate
3118 3164 3224 3208 sua
3241 3192 3259 3224 ,
3279 3156 3380 3207 aut

468 3230 768 3323 vniuerse²
810 3234 949 3292 cum
987 3232 1282 3294 ordinarie
1322 3235 1648 3295 secundum
1686 3243 1956 3294 naturam
1971 3278 1990 3312 ,
2029 3243 2158 3293 tum
2196 3240 2358 3291 extra
2397 3230 2668 3290 ordinem
2707 3229 3034 3290 secundum
3063 3226 3382 3306 prouiden-

470 3308 613 3369 tiam
651 3310 861 3389 ipsius:
901 3322 1003 3373 aut
1044 3313 1466 3393 communiter,
1500 3314 1826 3375 secundum
1857 3312 2236 3375 vocationem
2277 3326 2659 3370 communem
2699 3308 2963 3369 salutaris
3003 3306 3224 3386 gratiae
3255 3325 3382 3367 om-

474 3388 646 3449 nibus
689 3390 1014 3472 expositae5
1065 3402 1165 3452 aut
1213 3392 1468 3470 denique
1506 3392 1901 3474 singulariter,
1940 3392 2268 3455 secundum
2312 3389 2688 3451 vocationem
2727 3388 3080 3468 singularem
3118 3385 3383 3447 salutaris

468 3468 689 3546 gratiae
748 3470 947 3532 electis
1007 3471 1185 3549 ipsius
1244 3472 1465 3533 inditae
1524 3494 1630 3551 per
1695 3472 1961 3551 spiritum
2024 3468 2500 3532 sanctificationis
2559 3471 2638 3531 ad
2703 3470 2885 3531 vitam
2934 3478 3252 3529 aeternam.
3327 3466 3382 3525 E

472 3547 707 3611 diuerso
746 3560 943 3612 autem
984 3550 1117 3611 illae
1158 3562 1340 3630 agunt
1378 3553 1773 3615 ministrantes
1812 3550 2174 3614 ordinationi
2211 3548 2354 3627 Dei,
2393 3562 2493 3611 aut
2530 3549 2828 3629 vniuerse,
2869 3557 3112 3608 naturae
3149 3545 3381 3606 vniuer-

468 3628 603 3689 salis
642 3628 947 3708 instinctu,
990 3632 1046 3689 δι
1086 3634 1390 3693 communi
1430 3634 1561 3712 lege
1602 3636 1996 3711 obsequentes
2034 3642 2276 3691 naturae
2317 3630 2373 3689 δι
2410 3630 2819 3707 prouidentiae
2857 3628 3042 3707 illius;
3081 3634 3182 3686 aut
3220 3643 3382 3685 com·

470 3707 722 3770 munitet
781 3710 1155 3789 respicientes
1215 3712 1296 3772 ad
1344 3732 1723 3775 communem
1773 3714 1934 3774 illam
1984 3710 2362 3773 vocationem
2403 3710 2678 3771 omnibus
2717 3706 3042 3787 expositam
3076 3702 3382 3767 communi

470 3789 680 3849 modo:
723 3801 823 3850 aut
861 3790 1112 3869 denique
1152 3791 1519 3869 singulariter
1532 3840 1549 3872 ,
1592 3791 1979 3871 multiplicem
2019 3793 2075 3851 δι
2115 3788 2522 3852 admirabilem
2563 3789 2910 3867 sapientiam
2949 3786 3074 3847 eius
3113 3785 3192 3845 ad
3232 3786 3378 3844 salu-

468 3876 589 3928 tem
627 3867 889 3947 ipsarum
928 3870 1393 3931 efficacissimam
1434 3874 1599 3935 omni
1638 3877 1869 3936 honore
1910 3873 1967 3932 δε
2007 3869 2326 3948 obsequi0,
2366 3880 2430 3929 vt
2467 3889 2577 3947 par
2615 3881 2732 3947 est,
2776 3874 3221 3946 prosequentes.

547 3948 665 4007 Sed
727 3948 865 4025 quia
921 3950 1115 4010 omnis
1166 3953 1291 4010 laus
1337 3951 1564 4014 virtutis
1614 3954 1675 4013 in
1728 3952 1964 4014 actione
2013 3950 2312 4028 consistit,
2374 3959 2436 4008 vt
2485 3948 2682 4009 aiebat
2739 3947 2997 4025 Tullius3
3059 3964 3131 4006 ea
3182 3952 3378 4004 autem

465 4027 708 4088 demum
758 4048 899 4089 vera
950 4031 1075 4090 laus
1130 4039 1247 4109 est,
1288 4047 1440 4105 quae
1479 4052 1601 4094 non
1640 4035 1719 4093 ab
1760 4032 2100 4095 hominibus
2141 4030 2358 4091 iudicio
2399 4027 2587 4107 falsis,
2629 4028 2944 4105 studieque
2980 4024 3376 4097 instabilibus;

463 4107 572 4167 sed
628 4110 667 4167 e
720 4110 853 4169 Deo
894 4108 1024 4187 ipso
1064 4108 1481 4187 proficiscitur:
1523 4114 1842 4191 Propterea
1882 4109 2350 4175 euidentissimus
2391 4108 2669 4171 materiae
2707 4112 2876 4169 locus
2892 4150 2911 4181 ,
2950 4105 3011 4167 in
3052 4122 3173 4184 quo
3217 4104 3379 4165 The-

460 4186 663 4264 ologia
718 4190 895 4249 Sacra
934 4190 1087 4250 solet
1126 4188 1416 4270 insistere,
1459 4190 1507 4251 is
1547 4204 1668 4272 est,
1708 4211 1888 4271 quem
1927 4193 2142 4253 Paulus
2182 4186 2492 4265 aliquoties
2532 4190 2600 4247 τό
2634 4190 2927 4265 δικαίωμα
2959 4192 3064 4247 τοῦ
3099 4188 3246 4245 θεοῦ
3275 4203 3376 4261 ap-

456 4266 703 4357 pellauit
748 4270 923 4333 Rom.
980 4288 1032 4331 1.
1084 4289 1182 4346 32·
1237 4272 1392 4331 Nam
1446 4269 1537 4331 ius
1578 4284 1805 4335 certum
1848 4283 1936 4334 est
1974 4279 2218 4332 naturae
2259 4273 2296 4329 a
2335 4270 2469 4330 Deo
2510 4268 2850 4346 impositum
2865 4312 2884 4347 ,
2925 4270 2981 4327 δε
3020 4267 3110 4328 ius
3149 4274 3377 4325 certum

458 4356 709 4425 granae3
764 4350 931 4425 quod
978 4348 1069 4409 ius
1122 4352 1259 4410 cum
1300 4349 1603 4429 principiis
1643 4364 1889 4414 naturae
1929 4352 2058 4430 hic,
2101 4352 2226 4411 tum
2266 4353 2409 4409 vero
2451 4352 2706 4426 superne
2745 4346 3047 4427 principiis
3085 4344 3304 4480 gratialg
3343 4345 3382 4401 a

3303 4439 3378 4481 eo
