3923 4875
1350 1170 2348 1253 EIRENICI

1426 1426 1732 1493 PARS
1800 1426 2220 1505 PRIMA,

993 1682 1141 1727 SEV
1204 1680 1713 1725 MEDITATIO
1774 1681 1860 1725 IN
1923 1680 2338 1725 PSALMVM
2396 1680 2665 1725 cxxu.

444 2130 799 2191 Nummus
838 2128 1096 2191 studium
1140 2142 1229 2190 est
1272 2130 1539 2192 omnium
1569 2142 1635 2191 vt
1662 2130 1930 2191 fruantur
1946 2131 2144 2209 bon03
2185 2129 2340 2191 &ad
2361 2133 2618 2191 fructum
2638 2130 2784 2191 boni
2803 2131 3292 2209 consequendum

362 2208 670 2289 depellunt
711 2212 749 2270 a
788 2228 853 2271 se
893 2208 1191 2271 contraria
1232 2220 1476 2271 naturae
1514 2211 1679 2285 luce,
1724 2210 1941 2287 quibus
1979 2220 2358 2290 oppugnatur
2395 2211 2643 2271 bonum.
2685 2213 2868 2272 Hunc
2901 2223 3099 2273 autem
3119 2230 3294 2289 appe-

367 2290 539 2351 titum
557 2335 576 2371 ,
629 2290 731 2368 qui
787 2292 963 2351 rebus
1014 2290 1295 2352 omnibus
1350 2290 1631 2351 namralis
1686 2300 1807 2369 est,
1846 2292 2034 2351 multa
2071 2290 2311 2369 insuper
2350 2290 2678 2352 accidentia
2717 2293 2912 2352 solent
2948 2308 3193 2369 acuere,
3233 2290 3294 2351 in

364 2368 573 2450 primis
623 2380 823 2431 autem
876 2370 1161 2431 molestae
1200 2370 1495 2431 malorum
1534 2368 1937 2431 infestantium
1980 2372 2171 2431 moles
2209 2372 2265 2431 81
2303 2370 2516 2431 fluctus
2555 2373 2980 2451 procellarum:
3027 2372 3130 2450 qui
3169 2388 3292 2450 quo

364 2451 600 2532 grauius
642 2451 991 2531 impendent
1028 2463 1209 2530 atque
1250 2451 1577 2530 exagitant,
1617 2470 1693 2514 eo
1744 2453 1875 2530 plus
1913 2449 2098 2512 animi
2117 2451 2362 2512 humani
2381 2461 2727 2530 premuntur
2745 2452 3161 2514 sollicitudine.
3195 2454 3290 2513 Ac

364 2531 704 2592 sollicitudo
767 2530 1012 2610 quidem
1068 2533 1147 2592 de
1206 2531 1453 2610 proprio
1508 2531 1563 2592 ἃ
1612 2531 1891 2610 singulari
1942 2532 2111 2593 bono
2159 2531 2241 2592 ita
2281 2543 2371 2592 est
2410 2531 2652 2611 singulis
2699 2531 2910 2612 indita,
2955 2544 3019 2592 vt
3057 2531 3293 2594 moneri

363 2629 745 2703 quemquam·
766 2629 891 2705 non
931 2611 1007 2672 sit
1044 2629 1199 2706 opus
1243 2611 1319 2672 de
1361 2611 1537 2672 bonis
1577 2611 1968 2705 singularibus
2007 2614 2064 2674 &
2087 2609 2336 2704 priuatis
2357 2612 2691 2674 commodis
2711 2611 3135 2706 persequendis
3152 2656 3170 2689 ,
3190 2623 3292 2674 aut

360 2689 1594 2849 Ξὲοῖῖῗὶῗᾶὲῗεᾶῗιὲἓωὲἓὲῗὰῃῗωωίὶῗη
1613 2695 2016 2849 affigam?
2041 2702 2725 2851 §ffmffipzzss‘ffispss
2759 2695 3290 2850 issgssissffffifflss

362 2849 716 2930 singularem
756 2851 872 2914 Dei
912 2851 1162 2931 gratiam
1201 2853 1336 2912 luoe
1376 2850 1619 2912 rationis
1632 2897 1650 2931 ,
1691 2855 1749 2914 ὅτ
1788 2855 1970 2930 quam
2008 2851 2274 2930 plurimis
2293 2853 2372 2914 ad
2393 2855 2623 2914 bonum
2643 2852 2998 2914 adiumentis
3019 2853 3290 2914 instructi

362 2931 509 2992 sint:
549 2933 715 3010 quod
754 2930 1064 3011 indignum
1103 2931 1233 2992 aliis
1272 2933 1451 2992 rebus
1496 2931 1829 2992 existimant
1844 2977 1861 3010 ,
1902 2951 2002 2994 eas
2045 2935 2083 2992 a
2124 2934 2292 2993 bono
2332 2931 2636 2993 communi
2658 2933 2993 3012 discedere,
3015 2933 3077 2995 id
3097 2934 3287 2994 multo

364 3011 616 3089 amplius
669 3013 748 3072 de
800 3030 865 3072 se
916 3011 1027 3090 ipsi
1078 3013 1297 3072 debent
1337 3021 1621 3073 stamere:
1670 3011 1775 3090 qui
1814 3015 1870 3074 δι
1908 3014 2076 3074 bono
2119 3011 2364 3091 proprio
2405 3011 2699 3092 instructi,
2752 3016 2808 3075 δι
2845 3013 2926 3074 ad
2963 3031 3284 3075 commune

372 3093 746 3154 documentis
794 3101 915 3152 tam
958 3092 1155 3152 multis
1194 3092 1533 3171 prouocati,
1582 3101 1703 3152 tam
1746 3091 1978 3172 fugiunt
2017 3096 2198 3170 quam
2238 3091 2342 3172 qui
2379 3093 2638 3154 maxime
2675 3093 3082 3155 suauissimum
3119 3091 3285 3154 illum

370 3173 625 3232 fructum
664 3171 999 3234 communis
1039 3171 1185 3233 boni
1201 3218 1219 3250 ,
1260 3174 1317 3233 δι
1358 3171 1418 3232 in
1461 3171 1764 3250 publicum
1807 3173 2032 3233 malum
2071 3173 2231 3232 velut
2269 3170 2559 3234 coniurati
2599 3183 2776 3234 ruunt
2802 3173 3286 3252 pertinacissime.

448 3249 577 3311 Etsi
626 3251 770 3330 quid
812 3252 889 3311 de
929 3253 1095 3314 bono
1135 3251 1240 3313 illo
1278 3263 1521 3313 naturae
1560 3252 1842 3330 ponendo
1883 3263 2021 3314 ante
2061 3255 2270 3314 oculos
2311 3253 2580 3314 omnium
2595 3299 2612 3331 ,
2661 3266 2763 3314 aut
2802 3255 2880 3315 de
2923 3252 3144 3314 malitia
3181 3255 3284 3314 ho-

370 3331 593 3392 minum
652 3331 921 3392 dicamus
974 3331 1202 3408 multis,
1254 3347 1575 3394 commune
1628 3335 1855 3394 bonum
1869 3377 1888 3405 ,
1942 3333 2110 3410 quod
2145 3343 2352 3394 natura
2393 3333 2660 3414 exhibet,
2702 3331 3122 3413 oppugnante?
3179 3337 3286 3396 Est

368 3414 595 3472 bonum
651 3413 831 3490 longe
870 3411 1311 3489 praestabilius,
1360 3429 1657 3474 summum
1696 3413 1925 3473 bonum
1939 3456 1957 3491 ,
2007 3413 2299 3506 optimum
2337 3415 2568 3475 bonum
2607 3414 2668 3475 in
2709 3415 2843 3476 Deo
2883 3415 3142 3494 positum
3160 3459 3178 3493 ,
3229 3415 3285 3475 &

370 3493 447 3552 ab
486 3491 702 3552 eodem
742 3491 1078 3570 expositum
1094 3537 1112 3571 ,
1153 3493 1315 3554 velut
1352 3491 1643 3572 principio
1682 3493 1876 3554 omnis
1913 3493 2088 3564 bom,
2129 3495 2268 3554 cum
2309 3493 2370 3555 in
2409 3504 2646 3565 natura,
2668 3505 2794 3554 tum
2817 3511 2995 3572 supra
3013 3505 3284 3556 naturam

368 3589 561 3632 rerum
605 3582 936 3633 creatarum
975 3571 1270 3633 omnium:
1315 3574 1392 3633 ad
1432 3571 1601 3634 cuius
1639 3572 1785 3634 boni
1827 3573 2254 3634 conscientiam
2270 3617 2289 3654 ,
2317 3574 2818 3654 exspectationem
2831 3619 2852 3653 ,
2883 3575 2939 3635 δι
2957 3576 3282 3654 apprehen·

370 3651 597 3714 sionem
636 3655 675 3712 a
715 3654 851 3713 Deo
890 3653 1277 3744 regignimur,
1318 3651 1703 3728 instituimur,
1730 3670 2164 3731 prouocamur,
2196 3653 2496 3734 ducimur,
2525 3653 2925 3733 trahimurque
2947 3655 3004 3714 vi
3025 3655 3282 3732 quadam

372 3730 608 3793 salutari
622 3775 641 3809 ,
696 3733 751 3792 &
804 3731 1139 3794 incredibili
1191 3731 1619 3794 misericordiat
1672 3737 1727 3794 δι
1772 3737 1895 3812 quo
1936 3735 2100 3796 Deus
2141 3731 2388 3814 impium
2429 3736 2590 3796 hunc
2631 3735 2922 3796 mundum
2961 3746 3251 3813 prouocat
3265 3781 3284 3810 ,

370 3829 507 3874 suos
560 3811 997 3874 transmissurus
1050 3812 1130 3874 ad
1180 3810 1689 3892 participationem
1734 3813 2190 3892 supernaturalis
2228 3833 2370 3876 suae
2408 3816 2466 3875 ὅτ
2505 3814 2742 3876 diuinae
2779 3814 3022 3908 gloriae.
3085 3815 3283 3877 Huius

370 3891 515 3953 tanti
554 3893 700 3953 boni
738 3893 966 3954 fontem
1008 3911 1073 3954 se
1109 3892 1352 3970 exponit
1389 3895 1581 3972 Deus,
1622 3892 2050 3971 plenitudinem
2089 3893 2150 3954 in
2191 3894 2430 3956 Christo
2469 3894 2736 3972 exhibet,
2767 3914 2927 3956 nuos
2960 3895 3020 3956 in
3055 3896 3282 3956 mundo

370 3971 569 4033 statui-t
588 4017 605 4050 ,
658 3989 844 4050 aquas
898 3973 1180 4033 salutares
1230 3972 1291 4032 in
1340 3973 1591 4045 ecclesia
1630 3973 1925 4035 distribuit
1965 3973 2111 4052 suis,
2152 3991 2364 4036 omnes
2404 3976 2657 4053 denique
2699 3975 2760 4036 in
2801 3975 3286 4036 communionem

375 4062 715 4114 sanctorum
776 4051 1055 4115 omnibus
1112 4053 1308 4114 modis
1364 4053 1715 4115 salutaribus
1768 4064 2084 4132 prouocat,
2135 4054 2216 4114 ad
2265 4054 2448 4132 ipsius
2496 4067 2734 4116 aeterna
2784 4056 2946 4116 bona
2981 4057 3282 4118 aeternum

374 4131 755 4225 percipienda
792 4131 855 4193 in
896 4132 1135 4194 Christo
1172 4135 1307 4194 Iesu
1323 4178 1341 4212 ,
1378 4136 1435 4194 δι
1473 4131 1573 4194 hic
1608 4133 1783 4195 etiam
1824 4133 1885 4194 in
1924 4133 2094 4195 terris
2109 4180 2125 4213 ,
2158 4135 2298 4195 dum
2341 4139 2585 4214 peregre
2616 4135 2901 4197 absumus
2930 4139 2967 4198 a
2986 4135 3283 4217 Domino,

374 4231 431 4273 m
472 4212 695 4274 vnitate
736 4210 1005 4292 corporis
1044 4216 1101 4275 δι
1141 4211 1375 4292 spiritus
1414 4211 1531 4273 vna
1570 4214 1691 4275 fide
1728 4233 1835 4292 per
1872 4213 2174 4275 vinculum
2211 4213 2374 4293 pacis
2414 4215 2801 4294 degustanda.

452 4291 577 4354 Hic
635 4296 781 4354 vero
841 4292 985 4372 quid
1047 4291 1265 4354 dicturi
1320 4307 1522 4354 sumus
1537 4336 1556 4368 ,
1614 4295 1755 4355 cnm
1804 4292 2200 4356 miserabilem
2251 4294 2421 4356 istam
2462 4293 3038 4374 funestissimamque
3075 4297 3282 4358 mundi

372 4371 590 4436 ruentis
648 4372 1135 4436 constitutionem
1188 4371 1747 4436 anitnaduertimus?
1804 4373 1978 4436 simul
2031 4372 2302 4437 videmus
2316 4420 2335 4456 ,
2385 4374 2560 4437 simul
2619 4378 2959 4438 horremus:
3016 4378 3086 4518 δὲ
3123 4375 3280 4518 {gsto

3085 4475 3126 4518 o
3187 4475 3282 4538 re,
