3923 4875
1335 373 1659 417 ‘rnnsas
1722 368 2386 420 ruaotoorcan.
3205 366 3318 442 ²⁶9

373 537 829 614 Respondemus
888 535 1143 614 primum
1196 535 1467 596 vniuerse
1518 536 1683 596 nullo
1724 533 2060 628 Scripturae
2100 538 2240 596 loco
2279 537 2429 597 haec
2469 539 2724 598 actualia
2765 537 2825 598 in
2867 539 3103 600 Christo
3151 540 3304 602 desi-

374 618 597 696 derari3
658 618 764 677 sed
818 620 1025 678 contra
1076 635 1149 676 ex
1189 617 1492 692 Baptismo
1532 616 1699 693 sequi
1738 614 1800 675 in
1838 615 2262 677 communione
2303 617 2541 678 Christi.
2605 619 2840 679 Deinde
2881 620 3183 696 speciatim
3226 624 3301 682 de

376 696 527 776 fide3
564 663 727 756 aliud
765 716 896 757 esse
934 715 1069 758 eam
1107 697 1517 774 considerare,
1558 708 1621 756 vt
1659 706 1749 756 est
1787 707 1923 757 actu
1967 697 2182 772 primo
2216 700 2318 789 ·(vt
2359 695 2544 771 aiunt)
2588 697 2748 758 aliud
2787 700 3072 761 secund0.
3115 701 3174 761 Si
3225 703 3304 762 de

378 777 525 854 fide,
566 788 630 837 vt
668 787 758 837 est
797 787 933 837 actu
974 777 1197 855 primo,
1238 780 1581 854 loquamur,
1622 773 1869 838 dicimus
1902 794 2034 837 eam
2063 776 2314 854 requiri,
2354 778 2615 839 saltem
2599 797 2658 838 m
2679 779 2906 857 specie,
2931 780 3030 854 (de
3052 783 3306 843 occultis

380 857 539 918 enirn
582 858 638 916 &
676 861 917 918 secretis
956 858 1099 926 Dei,
1142 857 1401 918 iudicare
1444 875 1567 917 non
1606 865 1697 917 est
1734 856 2066 932 hominum)
2109 857 2164 916 δι
2207 856 2496 934 principio
2537 875 2681 931 suo,
2725 858 2864 936 quia
2904 871 2994 920 est
3029 860 3308 922 accidens

381 937 771 1014 inseparabile
811 903 1124 1011 foederati,
1164 956 1268 998 seu
1305 936 1664 1028 baptizandi.
1706 936 1767 997 Si
1806 936 1885 996 de
1926 938 2076 1014 fide,
2117 946 2182 997 vt
2221 948 2310 998 est
2347 948 2483 998 actu
2515 938 2809 1016 secundo,
2830 939 2893 1000 id
2919 951 3034 1014 est,
3059 944 3312 1020 actuali,

384 1035 670 1096 negamus
734 1035 863 1078 esse
923 1016 1266 1094 simpliciter
1316 1017 1739 1090 necessariam,
1780 1017 1895 1078 sed
1948 1028 2178 1078 tantum
2219 1018 2546 1078 secundum
2585 1017 2767 1098 quid,
2807 1018 2866 1078 id
2906 1031 3030 1098 est,
3069 1021 3308 1082 adultis:

384 1099 542 1157 Nam
600 1117 705 1175 per
756 1116 891 1158 eam
932 1097 995 1156 hi
1035 1095 1148 1158 sibi
1189 1099 1409 1158 debent
1449 1099 1529 1157 ad
1572 1097 1780 1157 foedus
1820 1097 2044 1157 aditum
2085 1116 2310 1174 parare.
2373 1097 2638 1159 Dicimus
2681 1099 2909 1176 itaque,
2951 1099 3000 1159 si
3041 1101 3310 1163 absolute

384 1179 613 1238 dicatur
649 1179 907 1238 Infantes
950 1195 1071 1237 non
1116 1197 1243 1238 esse
1284 1177 1422 1238 fidei
1462 1197 1743 1254 capaceS,
1784 1180 1994 1238 falsum
2034 1177 2180 1237 illud
2219 1197 2376 1254 esse,
2419 1178 2556 1256 quia
2596 1180 2774 1239 fidem
2814 1181 3038 1240 habent
3074 1179 3134 1240 in
3155 1181 3313 1259 prin-

384 1257 544 1336 cipio
592 1257 858 1328 habitus,
899 1257 1164 1335 spiritum
1206 1260 1425 1318 habent
1464 1256 1619 1318 fidei.
1684 1257 1882 1318 Omne
1922 1268 2121 1317 autem
2163 1257 2516 1336 principium
2558 1258 2844 1320 rationem
2887 1261 3069 1321 habet
3105 1261 3314 1340 totius,

385 1341 439 1398 δι
478 1338 555 1398 ad
596 1337 953 1416 categoriam
1003 1337 1091 1398 sui
1132 1337 1311 1398 totius
1352 1337 1553 1398 referri
1592 1338 1789 1398 debet.
1834 1337 2234 1398 Concedimus
2271 1341 2416 1398 vero
2457 1357 2562 1399 eos
2596 1339 2840 1400 actualis
2874 1341 3012 1400 fidei
3033 1359 3154 1401 non
3179 1360 3308 1403 esse

383 1437 660 1494 capaces
719 1437 831 1479 nec
892 1416 1143 1495 proinde
1203 1417 1367 1494 sequi
1426 1417 1813 1496 baptizandos
1874 1437 1997 1477 non
2059 1436 2206 1478 esse.
2269 1419 2363 1478 De
2422 1418 2814 1496 poenitentia.
2857 1420 3141 1500 dicimus,
3185 1441 3312 1513 esse

383 1498 597 1558 eodem
640 1498 825 1558 modo
860 1499 1235 1588 poenitentes
1274 1516 1396 1576 quo
1437 1507 1576 1558 sunt
1616 1507 1980 1590 peccatore&
2043 1499 2246 1573 Quum
2284 1517 2428 1576 ergo
2469 1497 2584 1558 sint
2625 1511 2971 1576 peccatores
3011 1501 3306 1580 principio

383 1579 443 1638 in
495 1579 731 1637 Adamo
785 1575 980 1655 priore
1036 1579 1093 1637 &
1132 1578 1336 1639 habitu
1378 1579 1638 1650 tantum,
1678 1577 1970 1656 principio
2012 1577 2072 1637 in
2113 1577 2442 1668 posteriore
2483 1579 2722 1639 Adamo
2763 1583 2818 1640 δι
2857 1581 3065 1641 habitu
3107 1581 3309 1658 poeni-

384 1669 575 1718 tentes
615 1677 746 1718 esse
784 1659 1067 1730 fatemur,
1108 1677 1231 1718 non
1271 1669 1470 1718 autem
1510 1668 1669 1718 actu.
1710 1659 1805 1718 De
1842 1657 2315 1736 regeneratione,
2355 1659 2522 1719 aliter
2561 1660 3020 1720 consideratur'
3003 1679 3064 1720 ιιι
3103 1662 3310 1722 funda-

390 1748 623 1817 ment0,
663 1739 726 1797 id
766 1748 888 1816 est,
930 1737 993 1797 in
1032 1739 1272 1800 Christo
1322 1739 1560 1815 habitu,
1597 1737 1765 1798 aliter
1804 1741 1865 1796 in
1905 1738 2084 1798 nobis
2123 1749 2280 1800 actu.
2324 1737 2520 1799 Prima
2561 1739 2929 1817 regeneratio
2969 1743 3152 1818 (quae
3191 1742 3308 1803 dici

386 1828 582 1896 potest
633 1818 1079 1910 transplantatio
1119 1822 1156 1878 a
1194 1829 1391 1880 vetere
1431 1818 1671 1878 Adamo
1710 1818 1770 1877 in
1812 1822 2064 1893 nouum)
2102 1828 2382 1896 tanquam
2425 1836 2603 1880 causa
2644 1832 2764 1895 est,
2803 1822 2988 1882 altera
3023 1831 3306 1899 tanquam

384 1900 606 1958 fructus
644 1897 925 1976 sequitur.
968 1901 1060 1958 De
1100 1899 1290 1976 prima
1320 1899 1589 1992 loquitur
1621 1899 1887 1959 Christus
1928 1900 2144 1959 Iollan.
2187 1919 2245 1976 3.
2287 1901 2610 1976 Apostolus
2633 1911 2943 1978 vtramque
2973 1901 3308 1994 coniungit,

384 1980 555 2038 Rom.
598 1979 653 2038 6.
697 1981 835 2039 Hac
872 1989 1285 2070 regenerantur
1320 1967 1571 2040 infantes
1608 1979 1810 2057 electi,
1850 1997 1988 2039 curn
2031 1977 2269 2040 Christo
2301 1977 2663 2059 inseruntur,
2694 1983 2750 2042 δι
2783 1979 2956 2042 huius
2985 1980 3316 2060 obsignatio

388 2059 455 2118 fit
496 2057 567 2119 iis
605 2057 749 2118 dum
790 2061 1181 2136 baptlzantur.

465 2140 527 2200 8.
606 2137 873 2199 Tertium
914 2157 1126 2199 eorum
1166 2150 1577 2232 argumentum
1618 2137 1859 2198 maioris
1900 2138 2189 2199 momenti
2226 2157 2350 2198 non
2393 2150 2497 2200 est.
2542 2139 2602 2200 Si
2642 2141 2890 2200 infantes
2927 2159 3054 2201 non
3094 2141 3320 2202 debent

393 2218 626 2278 admitti
675 2219 753 2278 ad
807 2219 1073 2278 Coenam
1124 2218 1401 2297 Domini,
1441 2237 1557 2280 nec
1598 2220 1773 2280 etiam
1814 2218 2037 2279 debent
2091 2218 2166 2278 ad
2207 2218 2607 2311 Baptismum:
2651 2219 2791 2297 quia
2831 2219 3150 2298 (inquiunt)
3189 2221 3319 2299 pari

388 2297 620 2358 ratione
678 2297 754 2357 ad
793 2307 1109 2375 Vtrumque
1146 2310 1398 2378 possunt
1435 2298 1693 2360 admitti·
1733 2317 1846 2360 nos
1886 2303 2098 2359 contra
2138 2296 2388 2360 dicimus
2429 2301 2609 2377 longe
2645 2299 2940 2377 disparem
2981 2321 3107 2361 esse
3145 2302 3317 2362 ratio-

389 2397 529 2439 nem
546 2423 563 2457 ,
605 2394 789 2456 quum
832 2381 1029 2439 nullae
1067 2380 1106 2437 a
1142 2378 1512 2458 baptizandis
1554 2379 1922 2459 requirantur
1960 2379 2364 2441 actione5.1is
2393 2383 2536 2441 vero
2557 2379 2658 2457 qui
2680 2381 3064 2441 Sacramento
3087 2383 3316 2443 Eucha-

390 2458 587 2519 ristiae
626 2460 1106 2531 communicant,
1146 2460 1294 2521 haec
1334 2460 1728 2538 imperantur,
1767 2471 1830 2521 vt
1869 2459 2192 2539 accipiant,
2233 2461 2584 2537 comedant,
2625 2464 2682 2521 δι
2720 2460 2960 2553 bibant,
3001 2460 3271 2523 faciant
3253 2482 3316 2521 ιιι

389 2540 770 2615 memoriam,
830 2538 1179 2601 annuntient
1237 2552 1488 2601 mortem
1549 2540 1826 2620 Domini,
1880 2541 2139 2618 probent
2191 2558 2256 2600 se
2294 2540 2489 2633 ipsos,
2532 2556 2685 2619 quae
2724 2540 2925 2601 omnia
2964 2541 3026 2600 in
3066 2540 3316 2603 infantes

388 2619 603 2680 cadere
643 2636 769 2679 non
808 2630 1075 2696 possunt.
1116 2622 1427 2681 Praeterea
1462 2621 1797 2700 Baptismus
1828 2632 1915 2681 est
1936 2619 2418 2681 Sacramentum
2401 2638 2726 2700 mgresstis,
2747 2622 2954 2682 Coena
2972 2632 3060 2682 est
3081 2624 3314 2701 signum

396 2698 987 2761 commemorationis
1028 2698 1089 2761 in
1128 2701 1415 2761 Ecclesia.

469 2799 527 2856 9.
606 2782 690 2839 Vt
745 2790 945 2840 autem
985 2797 1247 2841 errorem
1292 2798 1465 2873 suum
1505 2782 1778 2849 fnlciant,
1819 2791 2089 2841 asserunt
2129 2782 2210 2839 Ba
2218 2780 2498 2857 ptismum
2539 2798 2664 2840 non
2704 2799 2830 2841 esse
2869 2780 3013 2841 noui
3054 2780 3311 2843 foederis

388 2860 865 2920 Sacramentum.
924 2860 1029 2920 sed
1080 2862 1308 2921 tantum
1350 2860 1579 2939 signum
1622 2826 1996 2921 obedientiae
2036 2864 2073 2920 a
2115 2859 2356 2921 Christo
2395 2859 2728 2923 mandatae.
2789 2861 3083 2921 Posterius
3124 2864 3315 2922 exclu-

390 2938 518 2998 siua
570 2938 801 2999 semota
854 2940 1271 3018 concedimus,
1321 2942 1483 3019 prius
1522 2959 1827 3018 negamus.
1887 2943 2043 2999 Nam
2084 2958 2238 3016 quae
2278 2949 2415 2999 sunt
2453 2939 2642 3019 sigilla
2682 2943 2722 3000 a
2759 2942 2893 3001 Deo
2934 2940 3198 3002 instituta
3235 2943 3313 3003 ad

386 3017 787 3095 obsignandas
825 3019 889 3079 in
926 3019 1201 3081 fidelibus
1239 3021 1355 3081 Dei
1395 3021 1846 3114 promissiones,
1888 3037 2052 3081 nouo
2093 3020 2330 3081 foedere
2371 3022 2588 3097 factas,
2629 3039 2702 3081 ea
2735 3031 2868 3080 sunt
2903 3020 3089 3100 sigilla
3110 3024 3312 3083 Sacra-

390 3100 665 3159 mentalia
720 3099 863 3159 noui
915 3100 1187 3164 foederis.
1252 3101 1585 3193 Baptismus
1636 3112 1834 3161 autem
1874 3119 1974 3160 eas
2014 3091 2304 3191 obsignat
2329 3120 2404 3160 ex
2443 3101 2645 3161 diuina
2685 3098 3075 3161 institutione:
3118 3103 3310 3179 Bapti-

390 3178 561 3238 zabat
602 3178 760 3239 enim
799 3179 1144 3240 Iohannes'
1127 3200 1187 3240 ιιι
1230 3180 1664 3257 remissionem,
1706 3180 1767 3241 id
1807 3192 1928 3260 est,
1967 3179 2026 3239 in
2059 3180 2292 3259 signum
2325 3180 2686 3241 remissionis
2705 3192 3116 3274 peccatorum3
3138 3186 3312 3243 Mar.

397 3279 447 3318 1.
491 3261 547 3317 6.
587 3258 921 3350 Baptismus
962 3259 1139 3319 etiam
1180 3260 1393 3321 dicitur
1432 3263 1735 3321 lauacrum
1773 3225 2262 3340 regenerationiS,
2313 3262 2431 3323 Tit.
2473 3280 2530 3337 3.
2575 3279 2630 3339 5.
2672 3260 2903 3339 signum
2942 3260 3232 3323 insitionis
3254 3262 3312 3322 in

390 3337 608 3399 Christi
649 3356 888 3431 corpus,
928 3342 1100 3400 Rom.
1143 3343 1196 3402 6.
1242 3360 1299 3417 3.
3333 3338 3340 3346 ’

478 3438 568 3478 ιο.
650 3418 871 3479 Dicunt
912 3419 1087 3479 etiam
1134 3420 1194 3479 in
1236 3420 1554 3499 pangendo
1594 3421 1865 3498 foedere,
1906 3422 1984 3481 ab
2026 3430 2274 3499 vtraque
2311 3431 2478 3499 parte
2518 3421 2730 3499 Capita
2758 3420 3014 3482 foederis
3031 3422 3315 3501 ,agnosci

389 3498 607 3559 debere
649 3502 705 3559 δι
743 3510 970 3577 partem
1010 3520 1189 3559 vnam
1231 3500 1397 3561 alteri
1436 3500 1759 3579 spondere:
1802 3502 2063 3561 Infantes
2096 3510 2290 3561 autem
2323 3501 2468 3560 illud
2503 3520 2625 3561 non
2649 3500 2890 3561 faciunt.
2930 3502 3314 3579 Regerimus,

388 3579 627 3639 Foedus
682 3578 1048 3639 considerari
1100 3582 1336 3641 duobus
1385 3581 1607 3641 modis:
1649 3581 2070 3659 communiter,
2111 3598 2248 3640 cum
2291 3599 2545 3673 corpore
2589 3581 2923 3653 Ecclesiae,
2963 3584 3019 3642 δι
3061 3583 3310 3660 particu-

386 3658 583 3719 lariter
622 3675 761 3718 cum
803 3658 1076 3739 singulis,
1116 3664 1255 3721 vere
1297 3661 1577 3722 membris
1617 3660 1956 3723 eius.Ci1m
1997 3660 2368 3739 baptizantur
2409 3660 2693 3739 infanteS,
2715 3663 2880 3721 Deus
2901 3663 3074 3722 offert
3095 3666 3150 3723 &
3171 3682 3312 3722 con-

387 3741 499 3800 fert
539 3738 742 3799 omnia
780 3740 945 3799 bona
983 3706 1269 3820 foederis,
1309 3745 1366 3803 &
1404 3741 1731 3819 stipulatur.
1780 3740 1874 3802 Illi
1915 3751 2148 3815 autem,
2189 3752 2252 3801 vt
2293 3757 2498 3801 eorum
2543 3741 2778 3801 vocatio
2821 3751 2911 3801 est
2951 3744 3314 3821 communis,

386 3818 474 3881 sic
532 3819 593 3881 in
656 3820 963 3880 communi
1010 3822 1409 3901 respondent,
1459 3825 1579 3899 qua
1626 3821 1685 3881 in
1728 3820 2017 3901 principio
2059 3838 2202 3897 su0,
2241 3820 2280 3881 i.
2321 3820 2680 3899 parentibus,
2721 3820 3054 3899 intelligunt
3090 3822 3312 3883 habere

383 3901 617 3961 foedus.
675 3902 840 3960 Deus
883 3905 1026 3961 vero
1076 3904 1229 3962 hanc
1269 3900 1651 3995 sponsionem
1692 3910 1997 3993 acceptat,
2041 3900 2238 3961 donec
2277 3920 2384 3979 per
2421 3914 2706 3981 aetatem,
2748 3901 2798 3961 si
2835 3900 3008 3962 electi
3046 3902 3315 3980 fuerunt,

388 3984 445 4041 δι
485 3978 823 4071 particulari
862 3982 1175 4042 vocatione
1218 3982 1439 4057 vocati,
1480 3981 1818 4059 particulari
1859 3980 2036 4042 etiam
2077 3982 2498 4059 respondeant.

472 4081 496 4119 1
514 4080 567 4120 1.
648 4058 953 4120 Obiiciunt
991 4072 1293 4138 praeterea
1331 4062 1492 4139 prius
1534 4062 1841 4123 docendos
1881 4080 2014 4121 esse
2051 4080 2156 4122 eos
2195 4060 2297 4138 qui
2338 4062 2736 4140 baptizantur,
2777 4062 3118 4123 Secundum
3153 4061 3312 4121 insti-

389 4140 683 4201 tutionem
726 4138 1002 4218 Domini,
1041 4143 1274 4202 Docete
1309 4162 1517 4203 omnes
1556 4152 1793 4235 gentes,
1833 4140 2196 4220 baptizantes
2237 4160 2370 4220 e08,
2403 4142 2513 4202 διε.
2554 4108 2763 4203 Mattl’z.
2793 4146 3003 4219 18.19.
3044 4140 3314 4202 Dicimus

388 4220 644 4299 primum
684 4221 981 4281 Graecum
1021 4227 1390 4297 μαθητεύειν
1426 4242 1555 4283 esse
1598 4187 1918 4299 discipulos
1960 4224 2174 4281 facere.
2215 4224 2390 4283 Iubet
2428 4223 2584 4283 enim
2618 4222 2701 4283 ibi
2720 4222 2987 4282 Christus
3009 4222 3314 4299 Apostolis

393 4301 545 4377 suis,
596 4318 719 4361 non
759 4310 823 4360 vt
862 4301 1119 4360 doceant
1158 4301 1499 4377 simpliciter
1539 4302 1725 4379 (quod
1767 4305 1976 4380 postea
2018 4302 2304 4379 sequitur)
2343 4303 2448 4363 sed
2493 4312 2554 4363 vt
2592 4302 2651 4362 in
2695 4320 2864 4363 suum
2907 4302 3116 4362 foedus
3159 4305 3212 4362 δι
3254 4301 3312 4360 in

395 4399 565 4442 suam
606 4380 853 4441 domum
892 4399 1102 4441 omnes
1143 4381 1410 4443 nationes
1450 4383 1767 4443 adducant.
1800 4384 2108 4443 Praeterea
2121 4428 2138 4459 ,
2173 4383 2279 4444 etsi
2301 4383 2697 4445 concedamus
2717 4382 2828 4443 illis
2850 4383 3108 4473 priorem
3128 4401 3314 4459 expo-

2993 4462 3264 4522 sitionem
3287 4510 3302 4539 ,
