3923 4875
605 340 720 400 228
1539 347 1864 392 'tunsae
1925 340 2587 394 rnnotocrcAt.

602 515 716 578 Dei
755 524 964 593 vocat3
1010 513 1088 572 Et
1127 515 1337 572 contra
1376 518 1666 592 Λιτραια,
1706 511 1956 572 seruitus
1997 529 2150 588 quae
2188 511 2416 572 homini
2438 521 2765 590 praestatur
2782 559 2797 586 ,
2836 517 2891 574 &
2914 515 3262 574 nominatim
3286 525 3531 593 propter

607 595 972 672 mercedem,
1014 601 1150 652 teste
1183 593 1394 655 Suida.
1440 591 1558 652 Sed
1597 591 1708 651 ista
1747 590 1922 652 missa
1961 592 2265 652 faciamus·
2312 591 2401 652 Illi
2442 593 2543 670 qui
2588 595 2741 652 hanc
2784 593 3229 654 distinctionem
3270 595 3533 656 introdu-

603 685 779 753 cunt,
819 691 952 735 eam
991 691 1116 732 non
1153 679 1410 732 seruant.
1449 669 1604 730 Nam
1645 673 1892 732 Sanctos
1933 671 2015 731 ita
2056 671 2335 748 adorant,
2382 683 2440 731 vt
2481 683 2714 750 praeter
2756 673 2867 733 Dei
2912 693 3132 734 nomen
3178 677 3381 736 omnia
3425 676 3537 736 illis

601 753 1056 835 quodammodo
1085 751 1374 823 tribuant,
1408 749 1881 812 omniscientiam
1895 797 1909 826 ,
1943 751 2435 830 omnipotentiam
2452 798 2469 828 ,
2502 751 3059 830 omnipraesentiam
3076 799 3092 831 ,
3130 758 3187 816 &
3206 756 3352 831 quid
3374 775 3495 815 non
3524 753 3545 815 ?

609 835 802 898 inanis
835 833 1012 912 igitur
1050 830 1316 892 redditur
1355 829 1654 892 distinctio
1669 877 1688 910 ,
1729 832 1785 890 &
1825 829 1973 891 nihil
2013 831 2123 893 nisi
2166 831 2363 892 inania
2405 833 2587 892 habet
2628 833 2891 893 nomina.

679 936 737 994 9.
817 914 1012 990 Quid,
1055 912 1221 990 quod
1261 910 1466 972 Sancti
1503 911 1566 970 in
1607 911 1722 971 hac
1761 921 1919 971 terra
1959 914 2277 971 noluerunt
2310 912 2545 973 adorari
2586 913 2643 974 81
2682 911 2830 990 coli,
2874 924 2937 972 vt
2981 913 3168 990 liquet
3188 933 3261 974 ex
3284 917 3420 975 Act.
3447 932 3536 974 ιο.

601 1015 734 1074 oep.
775 997 979 1054 Petrus
1017 995 1054 1052 a
1087 991 1374 1053 Cornelio
1419 989 1611 1050 noluit
1651 990 1997 1069 admittere,
2038 994 2173 1054 Act.
2224 1011 2315 1066 14.
2350 993 2567 1053 Paulus
2608 994 2663 1051 &
2704 994 3007 1053 Barnabas
3046 998 3082 1053 a
3124 995 3541 1071 Lystrensibus

605 1077 845 1138 oblatos
906 1074 1167 1134 honores
1208 1071 1448 1132 diuinos
1486 1081 1802 1149 respuunt,
1842 1069 2239 1150 indignantur.
2283 1073 2380 1132 Sic
2422 1073 2499 1134 de
2536 1074 2781 1150 Angelis
2822 1074 3231 1152 sentiendum3
3272 1077 3536 1152 Angelus

598 1157 932 1216 Iohannem
989 1151 1228 1231 prohiff.
1281 1152 1617 1230 1699.)bet,
1658 1170 1737 1211 ne
1773 1169 1836 1211 se
1876 1152 2103 1211 adoret.
2148 1154 2331 1229 Apoc.
2382 1172 2471 1230 19.
2517 1154 2595 1213 ὁ·
2638 1171 2729 1212 22.
2784 1155 2995 1230 Itaque
3038 1153 3343 1215 inuocatio
3384 1156 3535 1215 San-

596 1246 832 1296 ctorum
871 1233 928 1293 &
969 1234 1339 1312 Angelorum
1379 1230 1563 1308 impia
1595 1242 1704 1290 est.
1747 1231 2081 1306 Quomodo
2122 1232 2491 1294 inuocabant
2531 1249 2668 1294 eum
2690 1232 2749 1292 111
2770 1249 2951 1310 quem
2971 1251 3097 1294 non
3116 1233 3539 1296 crediderunt?

605 1317 781 1376 Rom.
830 1332 921 1374 10.
969 1331 1061 1387 14.
1103 1313 1312 1390 Neque
1353 1315 1500 1372 vero
1540 1320 1744 1388 posset
1783 1311 1893 1372 ista
1932 1310 2171 1372 Christo
2212 1313 2563 1389 conuenire,
2603 1311 2746 1392 nisi,
2786 1325 2851 1374 vt
2890 1315 3074 1374 homo
3118 1325 3228 1383 est,
3256 1314 3341 1375 sic
3362 1315 3537 1376 etiam

605 1397 772 1456 Deus
811 1403 996 1454 esset:
1038 1409 1163 1453 non
1203 1391 1362 1452 enim
1402 1389 1674 1451 adoratio
1715 1389 1792 1449 ad
1829 1390 2257 1453 humanitatem
2292 1395 2543 1452 refertur
2557 1440 2574 1471 ,
2617 1411 2723 1472 per
2762 1412 2827 1454 se
2846 1394 3307 1473 consideratam,
3330 1396 3435 1455 sed
3454 1397 3532 1456 ad

601 1473 935 1553 Deitatem,
975 1472 1074 1534 cui
1113 1489 1255 1532 caro
1303 1473 1671 1540 ὖποςατικῶς
1711 1469 1872 1531 vnita
1901 1481 2019 1550 est,
2038 1476 2095 1533 &
2116 1473 2195 1532 ad
2214 1490 2531 1550 personam
2552 1481 2741 1534 totam
2755 1520 2771 1551 ,
2794 1493 2865 1533 ex
2888 1473 3186 1551 Ephesina
3204 1475 3453 1552 Synodo
3480 1495 3529 1534 1.

694 1573 784 1614 10.
867 1557 1067 1631 Atque
1105 1561 1436 1612 creaturam
1477 1550 1698 1610 nullam
1741 1551 2144 1612 inuocandam
2188 1571 2316 1613 esse
2354 1553 2495 1614 inde
2534 1563 2808 1631 apparet,
2846 1555 3012 1631 quod
3053 1557 3282 1614 nullum
3320 1555 3435 1614 hac
3454 1556 3532 1614 de

605 1651 670 1694 re
733 1635 1080 1695 mandatum
1139 1640 1346 1692 exstat.
1409 1631 1564 1689 Nam
1625 1628 1685 1689 in
1751 1630 2081 1710 Religionis
2143 1633 2387 1710 negotio
2448 1643 2685 1711 oportet
2744 1632 2914 1694 inniti
2974 1636 3163 1694 verbo
3206 1634 3348 1708 Dei,
3391 1637 3531 1694 cum

607 1713 1085 1793 δὼλυθρησκεία
1133 1715 1171 1771 ὲ.
1215 1713 1346 1771 Deo
1385 1708 1447 1769 in
1488 1709 1788 1786 Scriptura
1827 1711 2169 1794 damnetur3
2208 1713 2447 1773 Frustra
2490 1730 2585 1774 me
2622 1715 2827 1774 colunt
2870 1715 3163 1774 mandatis
3202 1713 3533 1774 hominum.

603 1794 830 1853 Martie.
879 1806 971 1884 ¹5·
1014 1811 1070 1869 9.
1114 1791 1368 1851 Accedit
1407 1789 1570 1867 qued
1612 1807 1706 1849 res
1747 1789 1859 1851 ista
1899 1795 2175 1870 exemplo
2208 1803 2368 1853 caret
2390 1794 2450 1853 in
2470 1803 2724 1870 vtroque
2742 1797 3149 1854 Testamento.
3193 1797 3533 1868 Praeterea,

605 1871 773 1950 qued
830 1873 1012 1932 solius
1063 1882 1307 1932 naturae
1359 1868 1780 1946 omnipotentis
1827 1882 1916 1930 est
1977 1872 2237 1932 iudicare
2290 1884 2487 1934 motus
2542 1874 2817 1933 cordium
2833 1919 2850 1950 ,
2892 1875 2948 1932 81
2992 1877 3253 1954 φρόνημα
3293 1874 3529 1951 spiritus

607 1949 963 2012 discernere.
1024 1949 1146 2026 Qui
1205 1951 1346 2010 vero
1407 1957 1701 2008 scrutatur
1740 1949 1957 2026 corda,
1999 1951 2167 2012 nouit
2205 1957 2307 2030 qui
2347 1953 2421 2014 sit
2458 1971 2665 2014 sensus
2705 1954 2968 2033 spiritus3
3022 1952 3161 2030 quia
3202 1955 3530 2014 secundum

605 2033 806 2092 Deum
845 2031 1178 2108 interpellat
1215 2049 1328 2108 pro
1367 2027 1617 2090 SanctiS.
1666 2031 1831 2091 Rom.
1874 2035 1930 2092 8.
1976 2051 2067 2107 27.
2113 2035 2193 2092 Α1
2232 2033 2449 2094 Iesaias
2490 2033 2851 2094 contrarium
2890 2031 3031 2111 ipsis
3066 2033 3297 2094 Sanctis
3316 2035 3532 2094 adscri-

609 2109 730 2188 bit,
787 2110 892 2187 qui
952 2111 1360 2170 Abrahamum
1409 2107 1637 2169 nescire
1675 2125 1817 2185 1105,
1859 2113 1916 2171 81
1955 2114 2248 2172 Iacobum
2287 2111 2563 2190 ignorare
2612 2130 2723 2174 nos
2767 2113 2931 2174 dicit.
2972 2113 3079 2173 Es.
3122 2115 3220 2189 63.
3269 2116 3361 2174 16.
3406 2116 3535 2174 lob.

613 2209 701 2264 14.
749 2209 844 2250 22.
887 2191 1172 2270 Demum,
1213 2191 1378 2270 quod
1417 2190 1580 2248 solus
1621 2189 1784 2250 Deus
1823 2201 1910 2250 est
1956 2191 2213 2252 schadai
2253 2196 2310 2253 &
2353 2195 2813 2272 αὐταρκὸςωτος,
2864 2195 3008 2253 Gen.
3052 2211 3141 2267 17.
3164 2196 3294 2254 Act.
3324 2212 3413 2268 17.
3439 2209 3538 2270 25.

610 2269 812 2330 Sancti
871 2287 997 2330 non
1055 2281 1192 2330 sunt
1251 2289 1358 2348 per
1395 2287 1460 2329 se
1498 2266 1611 2328 sibi
1657 2269 2048 2348 sufficientes,
2086 2273 2192 2332 sed
2238 2272 2348 2332 Dei
2388 2272 2605 2331 virtute
2648 2284 2813 2350 sunt,
2856 2274 3023 2350 quod
3068 2281 3235 2346 sunt,
3276 2273 3533 2350 ideoque

607 2351 806 2412 honos
843 2352 942 2410 ille
984 2349 1268 2428 sacrilege
1306 2349 1392 2411 eis
1431 2349 1712 2409 defertur.
1755 2348 1884 2410 Nec
1923 2349 2285 2412 admittimus
2325 2352 2491 2430 quod
2528 2353 2627 2412 hic
2646 2351 2950 2430 excipiunt
2965 2399 2979 2425 ‚
3006 2355 3139 2413 Deo
3160 2352 3537 2432 permittente

611 2450 718 2493 eos
783 2429 986 2491 iuuare
1039 2450 1244 2509 posse:
1285 2448 1427 2491 nam
1467 2430 1632 2489 Deus
1670 2429 1963 2492 honorem
1998 2448 2168 2492 suum
2208 2450 2334 2494 non
2372 2431 2475 2493 dat
2516 2430 2701 2492 alteri.
2764 2435 2877 2493 les.
2922 2451 3019 2507 42.
3062 2437 3117 2493 8.
3164 2434 3281 2493 Sed
3326 2437 3535 2494 contra

609 2511 774 2572 iubet
813 2512 892 2571 ad
931 2530 996 2572 se
1033 2512 1235 2573 venire
1275 2526 1486 2572 omnes
1529 2520 1810 2571 oneratos
1849 2514 1906 2572 &
1943 2511 2239 2592 adflictos»,
2280 2532 2351 2573 ae
2394 2520 2618 2573 certam
2657 2513 2947 2590 promittit
2984 2515 3263 2591 requiem.
3300 2517 3522 2573 blank.

613 2612 678 2651 11
695 2636 710 2652 .
753 2594 848 2652 28.

690 2690 779 2731 11.
861 2672 989 2733 Nec
1031 2672 1148 2731 vlla
1189 2671 1286 2731 hic
1325 2669 1554 2747 vilitas,
1594 2686 1750 2747 quae
1788 2690 1899 2731 nos
1939 2672 2159 2733 debeat
2190 2673 2539 2743 excludere,
2582 2688 2722 2732 cum
2758 2673 3027 2733 Christus
3064 2672 3345 2733 omnibus
3394 2694 3529 2751 pec·

601 2751 900 2812 catoribus
941 2748 1016 2810 sit
1053 2756 1290 2827 praesto
1305 2796 1322 2828 ,
1363 2749 1611 2809 Latroni
1653 2750 1832 2811 etiam
1871 2751 1932 2811 in
1974 2768 2178 2831 cruce,
2222 2756 2397 2813 Petro
2419 2753 2707 2811 defectori
2722 2798 2736 2827 ,
2760 2753 3062 2830 discipulis
3082 2753 3527 2815 dubitantibus:

604 2833 766 2891 nulla
807 2830 984 2909 igitur
1023 2830 1214 2891 vilitas
1251 2848 1364 2891 nos
1405 2828 1586 2889 debet
1624 2830 1702 2889 ad
1735 2832 1892 2892 alios
1927 2832 2293 2893 Mediatores
2332 2832 2651 2893 detrudere
2665 2878 2681 2905 ,
2724 2834 2827 2909 qui
2866 2844 3153 2911 quantum
3196 2834 3376 2894 velint
3420 2848 3523 2895 aut

603 2910 858 2991 possint,
898 2911 1047 2971 scire
1087 2912 1256 2971 nullo
1301 2909 1486 2971 modo
1526 2920 1714 2986 potes.
1761 2914 2081 2973 Honorare
2122 2924 2321 2973 tamen
2364 2913 2413 2973 si
2456 2910 2541 2971 vis
2588 2913 2871 2988 Sanctos,
2911 2914 3175 2973 honores
3212 2912 3393 2991 igitur
3412 2932 3517 2974 eos

604 2992 902 3052 donorum
943 2990 1059 3049 Dei
1097 2990 1557 3069 approbatione..
1577 3000 1743 3066 grata
1763 2993 2073 3051 nominum
2094 2994 2508 3053 recordatione
2524 3038 2539 3067 ,
2564 2994 2619 3052 ὰ
2640 2992 2841 3053 sancta
2862 2992 3191 3053 imitatione
3212 3012 3448 3053 morum
3468 2998 3523 3055 &

603 3069 776 3132 vitae.
827 3071 964 3129 Gal.
1013 3089 1062 3130 1.
1111 3090 1203 3144 24.
1253 3088 1304 3132 1.
1357 3071 1556 3131 Thess.
1601 3084 1656 3146 5.
1703 3090 1794 3147 13.
1845 3072 2006 3133 Pha.
2052 3092 2105 3131 2.
2153 3091 2245 3145 29.
2294 3092 2342 3133 1.
2397 3075 2543 3132 Tim.
2592 3088 2647 3149 5.
2698 3089 2788 3148 17.
2840 3074 2996 3133 Heb.
3051 3092 3139 3149 13.
3185 3092 3237 3148 7.
3290 3092 3339 3133 1.
3384 3076 3519 3135 Gor.

610 3168 700 3209 11.
748 3168 800 3210 1.
841 3151 1002 3209 Phil.
1045 3168 1100 3226 3.
1153 3167 1244 3225 17.
1287 3151 1422 3211 Iole.
1479 3151 1534 3207 8.
1578 3168 1676 3227 39.
1717 3151 1794 3209 ἂν·
1833 3153 2085 3229 August.
2132 3154 2229 3211 lib.
2276 3155 2344 3211 de
2382 3152 2530 3213 verd
2572 3154 2768 3228 Reltk.

691 3248 779 3289 12.
859 3229 1127 3290 Omnino
1165 3229 1342 3308 igitur
1379 3244 1723 3307 persuasum
1754 3231 2108 3310 habeamuS,
2151 3235 2346 3292 solum
2389 3250 2596 3291 verum
2638 3234 2838 3292 Deum
2868 3232 3275 3292 inuocandum
3312 3236 3367 3293 &
3388 3234 3529 3293 ado·

604 3310 856 3369 randum
909 3326 1072 3387 esse,
1133 3310 1315 3385 idque
1375 3326 1498 3369 non
1557 3307 1618 3367 in
1655 3320 1826 3371 certo
1866 3312 2068 3389 aliquo
2101 3314 2273 3386 loc0,
2316 3312 2399 3372 vti
2436 3311 2498 3371 in
2541 3314 2617 3372 V.
2660 3314 3045 3373 Testamento
3086 3313 3214 3373 fieri
3255 3316 3488 3373 solebat
3511 3357 3528 3390 ,

607 3389 882 3449 videlicet
921 3392 1149 3466 templo
1185 3387 1764 3466 Hierosolymitano3
1815 3410 1838 3448 1
1851 3436 1864 3451 .
1907 3395 2060 3468 Reg.
2104 3412 2161 3469 9.
2211 3412 2264 3454 2.
2304 3394 2522 3452 Paral.
2568 3409 2621 3468 7.
2665 3394 2839 3452 Esai.
2884 3408 2979 3466 27.
3021 3394 3186 3451 Psal.
3230 3412 3328 3470 99.
3354 3395 3523 3453 Psal.

619 3488 751 3546 132.
797 3469 905 3529 sed
955 3468 1206 3547 vbique,
1245 3468 1459 3547 quouis
1500 3468 1672 3547 loco,
1709 3477 1859 3531 teste
1897 3474 2225 3550 Apostolo,
2276 3492 2325 3533 1.
2374 3472 2639 3532 Corinth.
2690 3488 2740 3532 1.
2784 3474 2861 3531 ὁ·
2904 3474 3077 3533 alibi.
3116 3480 3185 3534 vt
3216 3475 3428 3533 Martie.
3470 3476 3526 3533 6.

609 3551 823 3610 Iollan.
888 3567 944 3622 4.
1005 3552 1197 3608 Marc.
1259 3550 1318 3609 6.
1379 3551 1525 3609 Luc.
1589 3549 1647 3606 6.
1710 3549 1925 3614 Iohan.
1968 3555 2027 3612 6.
2068 3554 2281 3613 Matth.
2336 3572 2423 3625 14.
2488 3554 2633 3611 Luc.
2696 3570 2754 3624 4.
2798 3570 2849 3612 1.
2898 3553 3148 3613 Timoth.
3200 3572 3248 3612 1.
3292 3556 3421 3613 Act.
3467 3572 3525 3629 3.

609 3632 742 3690 Act.
789 3648 880 3690 ιο.
921 3630 1052 3688 Act.
1101 3648 1126 3686 1
1142 3650 1190 3687 1.
1233 3631 1362 3689 Act.
1409 3648 1500 3688 20.
1543 3628 1676 3687 Nec
1716 3630 1929 3705 quouis
1972 3632 2161 3693 modo
2181 3678 2197 3709 ,
2239 3632 2515 3692 videlicet
2552 3630 2748 3708 lapide
2764 3677 2780 3709 ,
2816 3632 3033 3707 statua,
3052 3631 3250 3710 ligno,
3272 3632 3529 3693 hominis

609 3720 711 3769 aut
750 3708 972 3769 bestiae
1013 3707 1296 3787 imagine,
1337 3727 1460 3769 non
1499 3704 1768 3768 simulate
1809 3721 1910 3771 aut
1949 3712 2182 3790 tepide,
2226 3714 2332 3773 sed
2375 3730 2526 3790 puro
2568 3722 2842 3789 pectore,
2884 3710 3159 3804 religiose
3216 3716 3272 3773 81
3301 3712 3432 3790 pie,
3473 3716 3529 3773 &

611 3798 677 3850 vt
713 3788 983 3849 Christus
1023 3787 1197 3865 dicit,
1233 3788 1296 3848 in
1337 3788 1543 3866 spiritu
1583 3789 1638 3847 81
1678 3790 1958 3870 veritate,
2000 3794 2135 3853 Iob.
2178 3812 2235 3865 4.
2278 3793 2335 3851 81
2376 3802 2441 3852 vt
2476 3794 2710 3869 MoseS,
2752 3790 2881 3852 tota
2914 3791 3145 3868 ammA,
3164 3801 3297 3852 toto
3318 3793 3531 3884 corde,

606 3870 666 3930 &
724 3868 1004 3930 omnibus
1063 3866 1315 3947 viribus,
1375 3872 1556 3929 Dent.
1601 3869 1656 3926 6.
1701 3870 1822 3930 Hic
1863 3890 2035 3931 amor
2074 3872 2134 3931 in
2177 3871 2546 3933 Adoratione
2583 3888 2713 3932 sese
2752 3870 2961 3949 aperit.
3001 3874 3049 3931 Ι.
3090 3874 3174 3932 Vt
3212 3872 3439 3933 tribuas
3478 3890 3533 3932 ei

605 3948 936 4027 potentiam
983 3946 1256 4029 iuuandi3
1295 3948 1439 4009 hinc
1477 3945 1742 4009 nascitur
1780 3950 1979 4027 auxilij
2024 3950 2362 4029 imploratio
2404 3955 2484 4011 11.
2530 3953 2915 4012 Voluntatem
2958 3950 3347 4033 exaudiendi3
3390 3953 3531 4013 hinc

609 4048 744 4107 spes
783 4031 840 4089 &
874 4026 1094 4088 fiducia
1131 4027 1192 4087 in
1232 4029 1582 4091 adoratione
1621 4031 2009 4091 confirmatur
2028 4076 2047 4107 ,
2084 4036 2317 4109 nempe.
2360 4034 2469 4091 HI.
2502 4032 2762 4092 Gratum
2804 4050 2933 4091 esse
2952 4032 3111 4090 hunc
3132 4034 3359 4091 cultum
3380 4034 3530 4092 Deo,

603 4110 712 4169 IV.
750 4110 880 4169 Nos
919 4124 1058 4167 eum
1099 4110 1236 4169 Deo
1285 4130 1357 4171 ex
1397 4109 1600 4171 officio
1641 4110 1864 4170 debere
1880 4157 1896 4188 ,
1937 4128 2093 4189 quae
2132 4112 2282 4191 grati
2326 4112 2530 4172 Animi
2564 4121 2709 4171 nota
2748 4113 2946 4171 futura
2980 4120 3089 4171 est.

691 4206 784 4264 13.
863 4190 1005 4247 Huc
1036 4189 1288 4266 pertinet
1327 4192 1518 4251 forma
1561 4188 1977 4268 AdorationiS,
2019 4193 2136 4253 hoc
2176 4201 2297 4270 est,
2339 4208 2461 4269 quo
2502 4210 2719 4269 genere
2738 4190 3105 4251 adorationis
3128 4192 3201 4250 sit
3218 4192 3525 4251 Vtendum.

613 4269 791 4327 Hanc
853 4268 1120 4329 Christus
1177 4270 1552 4348 praescripsit
1591 4270 1766 4330 Mati.
1809 4273 1866 4331 6.
1909 4274 2057 4331 Luc.
2106 4292 2194 4330 11.
2240 4273 2358 4332 Sed
2400 4281 2643 4332 vtuntur
2682 4270 2809 4331 aliis
2852 4270 3057 4332 formis
3098 4270 3273 4331 etiam
3309 4270 3395 4347 Pij
3411 4316 3429 4349 ,
3464 4280 3529 4329 vt

613 4349 944 4426 Stephanus
984 4354 1040 4407 in
1089 4350 1252 4411 Actis
1266 4397 1283 4429 ,
1319 4353 1524 4411 Petrus
1559 4350 1618 4411 in
1641 4369 1906 4429 carcere,
1947 4350 2163 4411 Paulus
2196 4352 2257 4411 in
2298 4350 2707 4412 conuersione.
2750 4354 2867 4411 Pro
2910 4369 2973 4411 re
3024 4362 3162 4409 nata
3202 4354 3523 4490 verbforum

3356 4448 3525 4490 orma
