3923 4875
1388 329 1709 374 THESES
1769 328 2428 374 THROLOGICAB..
3269 336 3377 392 29¹

538 517 631 570 ²4·
712 495 880 554 Haec
920 489 1250 570 Theologia
1286 494 1324 552 a
1364 494 1495 552 Deo
1537 489 1743 552 natura
1785 489 2036 568 inditur,
2056 490 2344 568 aliturque
2366 492 2739 553 documentis
2759 509 3070 571 sensuum,
3093 493 3338 554 rationis
3361 540 3378 566 ,

454 579 510 637 &
571 573 893 636 autoritatis
953 573 1297 632 doctorum:
1348 571 1615 633 omnium
1664 571 1974 631 hominum
2031 573 2364 633 communis
2405 587 2522 634 est:
2566 573 2790 634 semina
2833 573 3126 650 quaedam
3167 574 3380 651 princi-

456 657 669 735 piaque
706 655 888 714 habet
928 671 1103 713 verae
1136 652 1533 731 Theologiae‚
1574 662 1861 730 quatenus
1904 652 1971 710 τὸ
2013 651 2234 730 rra-367
2274 659 2380 713 τοῦ
2421 654 2557 713 θεοῦ
2601 653 2974 714 manifestum
3007 663 3096 714 est
3131 653 3190 714 in
3213 654 3384 732 ipsis;

454 741 511 799 &
553 735 773 796 nemini
812 753 943 794 esse
982 741 1179 810 potest
1218 752 1323 811 per
1364 753 1428 793 se
1470 731 1751 792 salutaris,

540 837 569 876 2
577 832 633 895 5.
712 815 798 876 Su
840 814 1200 873 ernaturalis
1242 814 1333 873 vel
1372 812 1653 890 inspirata
1689 811 2002 872 hominum
2041 811 2373 890 Theologia
2413 824 2501 873 est
2541 831 2676 890 pars
2715 831 2890 872 verae
2933 811 3088 872 illius
3123 811 3384 873 diuinae-

455 914 571 974 que
610 825 976 972 Theoiggiae
991 939 1007 970 ‚
1047 908 1198 970 quae
1241 894 1319 953 ad
1360 894 1682 953 naturalem
1722 891 2035 952 adhibetur
2073 909 2179 968 per
2222 891 2332 952 Dei
2370 891 2620 970 gratiam
2657 891 2875 970 Spiritu
2893 891 3074 970 ipsius
3094 895 3150 954 &
3173 894 3384 952 instru-

456 986 659 1038 mento
702 972 1025 1053 praedicati
1062 973 1228 1034 verbi
1266 993 1339 1033 ac
1380 973 1711 1050 Scripturae
1744 990 1976 1049 sacrae3
2011 989 2148 1046 neq.
2172 972 2442 1032 omnium
2463 971 2801 1047 hominum,
2824 973 2928 1033 sed
2949 975 3377 1033 nonnullorum

457 1057 740 1118 duntaxat
779 1051 1113 1114 communis
1152 1064 1266 1112 est:
1310 1054 1489 1112 habet
1528 1061 1723 1130 partes
1763 1051 1988 1128 aliquas
2029 1069 2200 1110 verae
2240 1051 2608 1130 Theologiae
2623 1099 2640 1132 ‚
2695 1051 2965 1130 quamuis
3009 1051 3380 1130 imperfecte:

457 1140 513 1198 δι
554 1135 703 1196 inest
740 1133 831 1195 his
871 1132 1114 1211 quidem
1154 1133 1509 1193 sufficienter
1550 1131 1627 1191 ad
1666 1132 1943 1209 salutem,
1979 1129 2090 1190 illis
2112 1134 2254 1191 vere
2279 1131 2596 1192 efficaciter
2615 1133 2692 1192 ad
2714 1131 3071 1192 euictionem
3092 1133 3382 1211 ipsorum.

542 1218 635 1277 26.
716 1212 1011 1274 Naturalis
1048 1212 1247 1290 itaque
1286 1212 1619 1291 Theologia
1658 1211 1925 1272 omnium
1967 1209 2276 1270 hominum
2317 1211 2653 1273 communis
2695 1222 2814 1290 est,
2856 1211 2916 1271 in
2937 1212 3152 1290 quibus
3173 1231 3385 1272 secun·

458 1297 602 1357 dum
650 1297 783 1374 plus
836 1295 892 1353 δι
948 1291 1137 1353 minus
1180 1292 1580 1371 distinguitur:
1623 1290 1901 1369 inspirata
1940 1291 2318 1370 quorundam
2357 1293 2551 1352 solum
2568 1336 2585 1368 ,
2627 1293 2896 1370 quamuis
2937 1293 3160 1351 effectu
3193 1293 3382 1353 ‹liuer-

457 1377 715 1437 sissimo:
756 1375 1027 1436 absoluta
1068 1377 1209 1434 vere
1250 1373 1500 1433 neminis
1542 1369 1795 1432 hominis
1834 1373 2097 1450 perfecte
2137 1369 2256 1431 dici
2276 1381 2504 1450 potest3
2526 1391 2599 1432 ac
2636 1391 2711 1432 ne
2731 1382 3084 1432 cunctorum
3105 1372 3348 1450 quidem
3365 1418 3381 1448 ,

460 1455 740 1534 tantisper
782 1456 925 1514 dum
967 1471 1073 1531 per
1112 1452 1293 1513 fidem
1334 1453 1393 1513 in
1434 1453 1525 1512 his
1565 1450 1732 1512 terris
1771 1453 2094 1512 ambulant.
2147 1470 2194 1508 1.
2245 1452 2378 1512 Gor.
2431 1471 2520 1529 13.
2563 1473 2618 1530 9.
2668 1473 2721 1513 2.
2769 1455 2902 1513 Gor.
2945 1471 3011 1529 3.
3055 1455 3144 1514 18.

544 1553 635 1612 27.
719 1535 841 1595 Sed
880 1534 1188 1594 absolutae
1226 1532 1379 1594 illius
1417 1535 1471 1591 Τ
1474 1529 1783 1609 heologiae
1822 1530 2167 1592 hominibus
2202 1549 2275 1590 ex
2304 1545 2470 1609 parte
2491 1532 2904 1595 admetiendae
2928 1531 3381 1592 instrumentum

460 1616 794 1676 absolutum
834 1612 1227 1690 omnibusque
1268 1611 1527 1674 numeris
1565 1612 1891 1690 perfectum
1935 1621 2025 1673 est
2063 1610 2207 1670 illud
2247 1613 2498 1672 verbum
2549 1611 2662 1673 Dei
2703 1611 3107 1690 praedicatum
3129 1615 3184 1672 &
3205 1611 3382 1688 scrip·

464 1707 586 1756 tum
602 1741 619 1770 ,
662 1697 821 1772 quod
864 1691 1225 1771 Scripturam
1265 1712 1493 1754 sacram
1532 1693 1927 1783 appellamus:
1971 1690 2108 1768 quia
2147 1691 2464 1770 Scriptura
2498 1711 2604 1769 per
2635 1711 2700 1752 se
2720 1691 2862 1752 nihil
2886 1704 2975 1752 est
2995 1691 3153 1751 aliud
3167 1738 3182 1766 .,
3204 1695 3382 1768 quarn

459 1778 797 1854 symbolum
837 1773 1334 1835 absolutissimum
1374 1771 1789 1834 absolutissimi
1828 1771 1981 1834 illius
2021 1770 2188 1831 verbi
2227 1771 2394 1848 quod
2435 1773 2594 1850 apud
2637 1771 2908 1833 homines
2943 1770 3384 1850 pronunciauit,

459 1857 515 1916 δι
554 1854 967 1934 consignatum
1008 1853 1313 1914 Ecclesiae
1353 1851 1651 1914 commisit
1691 1852 1878 1914 Deus.

461 2291 594 2351 DE
652 2290 1388 2352 DEFINITIONE
1448 2291 1575 2351 ET
1640 2289 2139 2350 MATERIA
2192 2289 2886 2350 SCRIPTVRAE
2949 2290 3382 2351 SACRAE·

1713 2486 2037 2547 Tunsls
2095 2486 2144 2545 1.

542 2662 891 2723 Semnum
932 2681 1101 2722 sacra
1139 2673 1228 2721 est
1268 2659 1533 2721 diuinum
1586 2660 2038 2729 instrumentum
2079 2681 2281 2723 sacrae
2319 2662 2714 2741 Theologiae‚
2749 2682 2822 2723 ex
2843 2662 3006 2723 libris
3024 2663 3388 2723 Testamenti

462 2741 673 2883 {eteris
732 2744 787 2801 δι
843 2742 986 2803 noui
1040 2752 1351 2813 constans,
1408 2739 1684 2803 diuinitus
1739 2740 2042 2803 Ecclesiae
2082 2742 2362 2803 traditum
2402 2743 2482 2803 ad
2519 2742 2769 2822 gloriam
2813 2742 2927 2803 Dei
2967 2746 3023 2804 δι
3063 2745 3388 2803 electorum

548 2839 713 2883 num.

544 2923 597 2962 2.
678 2904 785 2962 Est
842 2912 1040 2962 autem
1100 2900 1407 2980 proprium
1467 2899 1833 2993 Theologiae
1886 2903 2194 2961 subiectum
2235 2904 2398 2963 Deus
2413 2948 2430 2981 ,
2474 2903 2530 2961 δι
2571 2920 2664 2963 res
2703 2902 2966 2983 diuinae3
3009 2914 3184 2980 prout
3225 2922 3290 2963 se
3330 2906 3386 2965 δι

460 3001 555 3043 res
614 2999 749 3044 suas
804 2981 1089 3060 cognosci
1148 2980 1363 3058 voluit,
1405 2982 1460 3041 δι
1494 2978 1851 3043 reuelanone
1892 2984 2381 3061 cognoscendum
2423 2982 2598 3043 nobis
2638 2981 2951 3060 proposuit
2991 2984 3183 3043 Deus:
3227 2982 3386 3043 idem

460 3073 549 3122 est
588 3061 763 3141 igitur
801 3060 1135 3141 Scripturae
1177 3080 1401 3122 sacrae.

542 3160 597 3218 3.
679 3144 893 3203 Sacrae
934 3141 1271 3219 Scripturae
1312 3139 1615 3201 materiam
1655 3140 1733 3201 ad
1773 3141 2264 3203 commoditatem
2303 3141 2562 3203 docendi
2583 3140 2682 3203 hic
2701 3142 2938 3203 duobus
2961 3138 3156 3201 modis
3179 3137 3382 3201 distin·

462 3222 723 3300 guimus:
764 3222 1020 3299 primum
1059 3220 1287 3281 ratione
1332 3220 1603 3291 subiecti,
1648 3225 1769 3299 qua
1806 3232 1895 3281 est
1933 3221 2301 3301 Theologiae
2343 3220 2826 3298 instrumentum3
2867 3222 3132 3283 secunde
3154 3221 3382 3283 ratione

460 3304 741 3380 partium,
782 3305 902 3378 qua
938 3300 1224 3379 scriptum
1264 3313 1351 3361 est
1392 3300 1854 3362 instrumentum
1893 3300 2040 3362 eius.
2075 3322 2080 3329 ·

544 3402 601 3455 4.
681 3382 1005 3443 Subiectum
1059 3382 1115 3441 &
1154 3384 1405 3441 materia
1445 3380 1782 3459 Scripturae
1820 3382 1996 3443 huius
2045 3390 2134 3441 est
2174 3381 2426 3475 duplex:
2468 3398 2680 3461 vnum,
2719 3380 3030 3459 proprium
3044 3426 3062 3457 .,
3104 3383 3198 3441 vel
3239 3398 3394 3443 sum-

462 3480 655 3523 mum:
696 3464 974 3538 altemm,
1014 3458 1254 3521 inferius
1291 3462 1389 3521 vel
1428 3460 1875 3537 secundarium,
1915 3463 1972 3522 &
2013 3460 2390 3523 ordinatione
2429 3463 2507 3523 ad
2547 3478 2854 3523 summum
2896 3462 3214 3541 pertinens.

545 3558 599 3621 5.
682 3544 1006 3623 Proprium
1047 3546 1457 3619 summumque
1496 3540 1827 3601 subiectum
1868 3552 1959 3603 est
1997 3544 2192 3603 Deus:
2233 3559 2352 3619 qua
2389 3541 2452 3602 in
2495 3543 2740 3605 materia
2777 3541 2858 3603 ita
2897 3552 3164 3603 versatur
3205 3540 3394 3619 Scrip-

466 3634 621 3699 tura,
666 3634 731 3682 vt
770 3624 947 3699 quarn
988 3620 1419 3699 propriissimas
1448 3620 1968 3683 determinationes
1990 3622 2068 3682 de
2105 3622 2268 3699 De0‚
2289 3633 2353 3683 vt
2369 3622 2561 3714 prima
2583 3628 2876 3700 summaq.
2897 3640 3078 3683 causa
3094 3667 3111 3696 ,
3131 3621 3393 3681 adserat:

466 3720 589 3763 non
630 3703 823 3763 solum
866 3699 1190 3763 secundum
1213 3701 1359 3762 illud
1399 3700 1620 3780 γνωςόν
1664 3708 1763 3761 τοῦ
1806 3700 1973 3781 θεοῦ,
2014 3701 2180 3763 cuius
2205 3702 2476 3763 meminit
2494 3704 2738 3779 Paulus,
2763 3720 2964 3762 verum
2987 3700 3166 3761 etiam
3190 3718 3394 3761 secun-

468 3784 609 3842 dum
674 3802 807 3842 eam
859 3780 1207 3859 sapientiam
1265 3799 1385 3859 qua
1426 3780 1551 3857 ipse
1592 3782 1719 3859 (qui
1766 3782 1878 3841 sibi
1926 3782 2040 3843 soli
2085 3792 2262 3843 notus
2303 3791 2393 3843 est
2433 3781 2880 3860 perfectissime)
2919 3801 2982 3841 se
3023 3802 3130 3859 per
3173 3782 3396 3843 reuela-

468 3862 691 3923 tionem
736 3861 1223 3940 cognoscendum
1266 3861 1393 3922 aliis
1434 3859 1693 3921 exhibet.
1732 3864 1903 3921 Rom.
1955 3882 2007 3923 1.
2057 3883 2145 3940 19.
2197 3883 2248 3922 1.
2296 3864 2430 3923 Cor.
2477 3882 2531 3924 2.
2577 3879 2629 3938 7.
2673 3863 2740 3939 (f.
2789 3866 2984 3939 1754).

544 3946 601 4003 6.
686 3942 939 4003 Inferius
989 3942 1045 4001 δι
1086 3940 1501 4003 secundarium
1542 3939 1875 4002 subiectum
1918 3953 2007 4003 est
2047 3942 2232 4002 homo
2275 3942 2424 4003 inter
2468 3953 2792 4017 creaturaS,
2827 3946 2884 4005 δι,
2925 3942 2983 4001 in
3025 3940 3094 4001 iis
3127 3940 3402 4019 princeps

466 4021 731 4083 Ecclesia
772 4021 917 4083 Dei:
960 4039 1111 4097 quae
1154 4022 1231 4081 ad
1271 4023 1468 4082 Deum
1510 4020 1813 4100 ordinate,
1854 4032 1919 4082 vt
1960 4020 2312 4101 principium
2352 4024 2650 4101 finemque
2690 4040 2894 4099 suum,
2936 4022 3283 4081 referuntur.

563 4119 615 4178 7.
698 4104 1029 4179 Vtramque
1087 4102 1243 4161 hanc
1305 4099 1609 4161 materiam
1660 4100 1910 4179 exponit
1960 4101 2292 4180 Scriptura,
2345 4104 2473 4164 tum
2515 4104 2842 4163 secundem
2886 4110 3154 4161 naturam
3194 4100 3406 4181 ἱρείης,

464 4182 525 4242 in
582 4195 869 4261 quantum
924 4181 1314 4243 ordinationis
1368 4180 1521 4241 illius
1560 4179 1738 4241 causa
1778 4182 1998 4260 exponi
2043 4182 2335 4261 oportuit:
2376 4192 2500 4243 tum
2543 4183 2870 4243 secundum
2914 4182 3113 4242 officia
3151 4180 3407 4259 ipsarum

468 4262 623 4323 inter
662 4281 726 4322 se
766 4280 841 4323 ex
884 4260 1091 4323 diuina
1130 4262 1227 4321 illa
1265 4260 1656 4322 ordinatione.

548 4346 605 4403 8.
686 4344 781 4403 Ac
843 4344 1007 4405 Deus
1068 4340 1310 4420 quidem
1370 4340 1695 4403 secundum
1748 4352 2022 4403 naturam
2064 4342 2124 4403 in
2166 4342 2481 4422 Scripturis
2522 4340 2706 4405 sacris
2747 4341 3098 4423 exponitur,
3135 4361 3260 4405 non
3297 4361 3404 4434 per

3121 4434 3404 4485 essentiae
