3923 4875
587 376 703 437 350
1416 375 1517 416 DE
1578 371 2004 416 POLITIAE
2063 373 2317 418 Mosrs
2381 374 2672 418 OBSER.

586 531 1040 612 supernaturalis
1080 532 1230 592 illius
1272 532 1430 610 finis,
1472 537 1525 594 δι
1568 535 1645 594 de
1686 531 1929 596 scientia
1974 533 2231 594 veritatis
2273 533 2426 595 illius
2467 535 2678 595 dicturi
2719 531 2958 596 sumus?
3013 539 3153 596 Hoc
3195 543 3337 598 vero
3381 559 3516 600 non

584 613 861 674 scientiae
922 611 1224 692 naturalis,
1276 615 1383 674 sed
1434 613 1753 692 superioris
1793 613 2073 676 scientiae
2115 616 2313 674 lumen
2357 625 2473 675 est:
2517 634 2639 692 quo
2681 615 2902 676 lumine
2943 615 3205 694 singulos
3245 632 3518 680 nostrum

584 694 645 755 in
684 696 798 754 hac
836 693 1069 754 infirma
1108 703 1317 754 natura
1356 705 1593 772 oportet
1632 693 1906 756 illustrari
1946 713 2056 772 per
2099 693 2362 754 diuinam
2401 695 2562 756 illam
2583 694 3028 774 inspirationem
3053 697 3108 755 δι
3128 697 3482 760 infusionem
3501 747 3522 780 ,

582 793 733 852 quae
775 773 997 854 agitur,
1038 785 1101 834 vt
1145 773 1435 853 principia
1472 775 1791 854 superioris
1832 774 1985 836 illius
2023 773 2258 835 luminis
2301 775 2696 854 scientiaeque
2737 777 3196 854 prehendamuS.

664 857 901 914 Horum
964 865 1161 914 autem
1220 854 1647 934 principiorum
1703 855 2275 932 conclusionumque
2329 873 2507 934 supra
2545 867 2846 934 naturam,
2890 873 3042 933 quae
3085 857 3250 918 Deus
3291 857 3414 936 agit
3456 859 3512 916 δε

582 936 798 996 excitat
850 935 909 994 in
950 935 1156 1012 nobiS,
1202 935 1415 996 modus
1457 949 1547 996 est
1586 956 1692 1015 per
1731 935 1981 1016 gratiam
2021 937 2136 996 Dei
2179 937 2397 1014 duplex
2437 935 2754 998 institutus,
2814 937 2970 996 Nam
3013 939 3067 998 &
3110 937 3514 998 communiter

583 1015 821 1076 exhibet
860 1017 1219 1076 documenta
1259 1017 1527 1078 caelestis
1566 1015 1819 1096 gratiae,
1858 1021 1913 1077 &
1954 1013 2326 1094 singulariter
2363 1035 2472 1094 per
2512 1016 2782 1094 spiritum
2817 1016 3097 1076 informat
3126 1035 3264 1077 suos
3286 1017 3346 1078 in
3371 1037 3514 1078 vera

582 1096 727 1176 legis
779 1095 1013 1156 diuinae
1062 1096 1446 1156 conscientia.
1518 1099 1611 1156 Ac
1667 1096 1916 1175 proinde
1969 1097 2480 1173 quemadmodum
2527 1101 2564 1156 a
2619 1108 2828 1156 natura
2881 1096 2994 1174 ipsi
3046 1097 3266 1174 duplex
3303 1117 3514 1158 sensus

580 1177 807 1238 homini
852 1175 1069 1236 inditus
1110 1187 1229 1252 est,
1272 1177 1637 1255 communiS,
1678 1175 1929 1238 naturali
1969 1179 2132 1267 lege,
2174 1187 2238 1236 vt
2277 1175 2558 1255 (exempli
2603 1180 2805 1252 causa)
2849 1179 2986 1236 Non
3027 1177 3268 1238 occide:
3309 1177 3366 1236 &
3390 1177 3506 1238 sin-

579 1259 821 1336 gulariS,
884 1255 1222 1316 testimonio
1283 1255 1706 1332 conscientiae,
1766 1260 1849 1317 At
1907 1255 2180 1317 occidisti
2242 1256 2438 1333 (huius
2495 1255 2652 1316 enim
2692 1255 3094 1316 testimonium
3114 1303 3132 1336 ,
3187 1269 3248 1316 vt
3285 1259 3506 1318 Paulus

578 1337 869 1414 loquitur,
932 1339 1115 1397 Rom.
1174 1357 1223 1396 2.
1290 1353 1380 1414 15.
1438 1349 1680 1398 accusat
1720 1356 2052 1415 quemque,
2087 1349 2190 1396 aut
2235 1347 2476 1398 excusat
2513 1335 2906 1416 singulariter)
2949 1336 3032 1396 sic
3074 1336 3250 1397 etiam
3290 1340 3325 1396 a
3367 1340 3507 1398 Deo

578 1418 797 1496 duplex
838 1416 1238 1477 testimonium
1279 1436 1521 1479 necesse
1562 1417 1669 1478 fuit
1710 1417 2016 1497 adhiberi,
2059 1435 2179 1494 quo
2198 1437 2310 1478 nos
2329 1418 2699 1478 informaret:
2737 1419 2972 1492 Vnum,
3009 1417 3322 1478 notionum
3343 1437 3512 1478 com·

576 1497 841 1558 munium
886 1497 945 1556 in
986 1507 1209 1558 mente:
1252 1499 1533 1575 alterum,
1576 1495 1892 1558 notionum
1930 1495 2312 1575 singularium
2353 1498 2412 1558 in
2435 1497 2828 1569 conscientia,
2863 1509 2927 1556 vt
2947 1497 3092 1576 legis
3112 1497 3346 1557 diuinae
3367 1517 3510 1558 vsus

577 1581 907 1638 efficeretur
944 1579 1118 1638 nobis
1157 1579 1235 1638 ab
1276 1579 1405 1656 ipso
1448 1577 1743 1654 salutaris,
1786 1577 2103 1656 plurimum
2145 1577 2484 1655 communi,
2527 1577 2826 1638 interdum
2847 1575 3022 1638 etiam
3045 1576 3322 1656 singulari
3344 1577 3513 1636 testi-

579 1658 852 1720 ficatione
902 1661 957 1716 &
1006 1658 1365 1718 reuelatione
1418 1659 1602 1738 illius,
1656 1657 1981 1737 ordinarie,
2035 1659 2130 1718 vel
2185 1670 2349 1718 extra
2389 1657 2662 1718 ordinem
2701 1657 2984 1719 adhibita.
3045 1661 3254 1733 Itaque
3293 1659 3508 1718 harum

576 1739 875 1798 actionum
938 1738 1153 1798 modus
1194 1737 1418 1815 optime
1459 1759 1531 1798 ac
1574 1737 2000 1799 conuenienter
2043 1737 2272 1798 veritati
2311 1741 2350 1798 a
2389 1737 2564 1798 nobis
2603 1737 2900 1797 institutus
2942 1748 3056 1811 est,
3100 1739 3238 1796 cum
3279 1737 3508 1798 dicere·

576 1839 737 1893 muS,
781 1837 905 1879 esse
948 1817 1039 1878 his
1078 1819 1411 1879 actionibus
1452 1829 1749 1878 creaturas
1789 1819 1875 1878 ad
1908 1821 2084 1892 finem
2115 1821 2624 1896 supernaturalem
2645 1821 3094 1896 supernaturali
3111 1819 3283 1877 ductu
3305 1826 3505 1876 trans-

574 1901 895 1958 mittendas.
938 1899 1095 1958 Nam
1134 1900 1643 1976 quemadmodum
1686 1897 2042 1978 principium
2085 1917 2266 1976 agens
2308 1899 2368 1958 in
2409 1899 2584 1958 nobis
2623 1899 2702 1958 ad
2744 1897 3226 1958 informationem
3265 1899 3321 1957 δε
3361 1917 3506 1975 cog-

576 1978 861 2040 nitionem
922 1997 1117 2040 rerum
1177 1976 1513 2062 diuinarum
1574 1979 2018 2057 supernaturale
2073 1989 2188 2057 est,
2247 1978 2332 2040 sic
2375 1978 2552 2040 etiam
2594 1978 3038 2055 supernaturale
3079 1977 3278 2054 prin(f.
3327 1980 3506 2056 1496)

572 2058 821 2137 cipium,
862 2077 984 2135 quo
1027 2059 1313 2120 ducamur
1354 2058 1413 2118 in
1454 2059 1743 2136 obsequio
1772 2059 2260 2137 praeceptionum
2291 2059 2724 2135 notionumque
2744 2057 3014 2135 illarum,
3051 2063 3228 2134 ag'ere
3249 2055 3306 2116 in
3327 2059 3506 2116 nobis

506 2199 511 2204 .
574 2159 812 2200 necesse
855 2151 973 2199 est:
1018 2137 1201 2199 Cuius
1242 2139 1510 2217 principii
1556 2139 1782 2218 agentis
1821 2139 1883 2198 in
1924 2139 2100 2200 nobis
2139 2143 2194 2200 δι
2237 2140 2448 2200 ductus
2488 2137 2944 2216 supernaturalis
2983 2157 3094 2197 nos
3118 2135 3411 2197 mouentis
3431 2156 3508 2196 ea

576 2230 663 2278 est
702 2219 1047 2298 efficacita53
1086 2231 1151 2278 vt
1190 2221 1317 2280 sola
1358 2221 1567 2279 virtute
1608 2219 1789 2298 illius,
1834 2238 1956 2278 non
1999 2221 2116 2278 vlla
2157 2221 2432 2280 facultate
2473 2229 2716 2279 naturae
2737 2228 3003 2292 nostrae,
3039 2218 3116 2276 ad
3135 2217 3313 2276 finem
3335 2217 3504 2276 illum

575 2301 1074 2376 supernaturalem
1118 2299 1604 2360 transmittamur:
1648 2319 1773 2360 non
1815 2317 1985 2360 secus
2029 2303 2209 2376 quam
2231 2298 2440 2378 sagitta
2460 2299 2538 2358 ad
2559 2317 2809 2376 scopum
2833 2297 3204 2374 propositum
3231 2307 3507 2356 mouetur

572 2384 609 2439 a
660 2381 1009 2458 iaculatore,
1064 2390 1244 2457 atque
1298 2379 1723 2443 transmittitur.
1775 2381 1900 2441 Stat
1955 2379 2152 2457 itaque
2205 2379 2350 2440 illud
2389 2377 2778 2441 certissimum
2796 2424 2813 2456 ,
2851 2377 3018 2457 quod
3061 2377 3120 2436 in
3163 2376 3508 2436 definienda

572 2464 703 2539 lege
745 2460 945 2521 diuina
986 2460 1269 2523 diximus:
1312 2465 1367 2521 δι
1408 2460 1763 2539 principium
1802 2460 1955 2521 illius
1996 2463 2436 2539 supernaturale
2459 2480 2618 2537 esse,
2653 2463 2708 2520 &
2730 2460 3236 2535 supernaturalem
3258 2474 3504 2535 quoque

573 2542 987 2619 substantiam,
1032 2559 1215 2620 opuS,
1255 2540 1703 2619 actionemque:
1749 2545 1803 2603 δι
1826 2542 2074 2602 modum
2097 2540 2361 2600 similiter
2381 2542 2678 2616 finemque
2695 2539 2848 2599 illius
2868 2538 3202 2598 vniuersam
3225 2552 3498 2597 naturam

571 2624 1015 2683 transcendere:
1057 2640 1204 2699 quas
1244 2642 1337 2683 res
1376 2641 1455 2682 ne
1496 2622 1723 2701 integra
1763 2621 2007 2699 quidem
2048 2632 2260 2681 natura
2296 2620 2396 2680 illa
2435 2622 2496 2681 in
2536 2638 2656 2698 qua
2695 2619 2950 2697 primum
2991 2619 3179 2679 homo
3221 2616 3502 2677 conditus

571 2714 684 2781 est,
728 2704 845 2763 vlla
886 2701 943 2763 vi
984 2720 1089 2763 sua
1128 2700 1329 2763 fuisset
1370 2702 1691 2780 adeptura,
1733 2704 1959 2779 quanto
2005 2701 2197 2763 minus
2239 2700 2452 2761 misera
2485 2702 2636 2761 haec
2671 2709 2903 2767 nostra,
2937 2720 3009 2759 ex
3033 2715 3156 2776 quo
3178 2699 3311 2757 labe
3333 2698 3502 2775 igno-

572 2784 793 2843 rantiae
835 2786 889 2843 &
930 2782 1161 2860 peccati
1200 2792 1493 2861 prostrata
1533 2778 1678 2843 fuit?

647 2866 855 2923 Restat
895 2875 959 2922 vt
998 2862 1075 2922 de
1115 2865 1375 2923 humana
1415 2864 1549 2940 lege
1590 2861 1924 2923 videamus:
1967 2878 2146 2939 quam
2190 2860 2248 2921 in
2288 2862 2448 2920 hunc
2491 2862 2739 2921 modum
2781 2858 3113 2919 definimus.
3187 2916 3196 2925 ,

648 2945 829 3005 Thes,
876 2961 928 3019 7.
970 2945 1105 3002 LEx
1144 2944 1406 3002 humana
1446 2952 1560 3018 est,
1600 2964 1775 3021 quam
1801 2943 2026 3020 ferunt
2060 2944 2315 3001 homines
2355 2942 2584 3001 ratione
2608 2942 2988 3020 procedentes
3028 2940 3102 2997 al»
3135 2940 3255 2995 illis
3277 2938 3502 3011 legibus

568 3035 687 3083 tum
747 3026 834 3083 ad
879 3043 1202 3083 communes
1242 3026 1658 3100 conclusiones,
1698 3028 1913 3101 iustas,
1954 3024 2225 3082 honestas
2239 3068 2256 3099 ,
2297 3024 2488 3097 vtilcs,
2533 3024 2609 3081 ὁ*
2650 3022 3010 3079 necessarias
3025 3064 3040 3093 ,
3082 3027 3200 3078 tum
3245 3020 3331 3075 ad
3345 3027 3502 3093 par-

568 3108 843 3166 ticulares
903 3106 1404 3163 determinationes
1466 3106 1777 3163 conditzoni
1822 3112 2217 3179 personarum
2262 3122 2516 3179 quarum
2558 3102 2703 3160 bono
2729 3108 2966 3177 Jertur,
3004 3118 3207 3157 rerum
3249 3100 3500 3171 negotio·

568 3206 773 3245 rumne
827 3186 895 3243 de
945 3186 1150 3261 quibus
1188 3184 1424 3261 fertur,
1469 3186 1545 3242 ἐφ’
1585 3186 2143 3243 cercunstantiarum
2185 3203 2333 3259 quae
2373 3185 2454 3241 eis
2495 3182 2766 3241 accidunt
2801 3180 3217 3238 accommodas.
3276 3180 3346 3235 In
3388 3178 3502 3236 hac

564 3278 764 3325 autem
806 3264 1178 3341 definitione,
1220 3264 1729 3341 quemadmodum
1772 3262 1833 3322 in
1876 3262 2278 3341 superioribus
2309 3262 2448 3323 item
2471 3261 2871 3337 ostendimus,
2906 3278 3030 3317 non
3067 3266 3408 3335 repetuntur
3434 3276 3506 3316 ea

568 3364 718 3422 quae
780 3342 1084 3403 communi
1145 3346 1276 3421 lege
1318 3344 1379 3403 in
1423 3342 1615 3422 prima
1652 3343 1749 3403 illa
1790 3342 2138 3403 definitione
2179 3344 2373 3420 posita
2413 3352 2574 3402 sunt:
2617 3342 2722 3401 sed
2763 3358 2834 3399 ea
2876 3340 3062 3398 ferme
3103 3340 3296 3397 solum
3337 3336 3503 3396 adhi-

566 3428 806 3501 bentur,
850 3441 1003 3501 quae
1044 3425 1121 3483 ad
1161 3423 1603 3484 distinctionem
1623 3423 1797 3483 huius
1815 3422 1961 3500 legis
1985 3427 2040 3483 δι
2062 3422 2318 3501 speciem
2341 3420 2817 3483 constituendam
2838 3420 3076 3478 faciunt.
3122 3418 3504 3493 Quapropter

566 3506 625 3564 id
680 3505 923 3581 quidem
980 3504 1235 3581 primum
1279 3502 1353 3563 de
1396 3506 1509 3563 hac
1549 3506 1716 3581 lege,
1760 3512 1823 3562 vt
1867 3503 1942 3563 de
1985 3502 2418 3582 superioribus,
2460 3513 2802 3562 constanter
2842 3500 3166 3559 tenendum
3209 3506 3330 3575 est,
3373 3516 3502 3556 esse

564 3587 719 3645 hanc
783 3602 1025 3661 quoque
1096 3582 1337 3643 rationis
1401 3582 1836 3643 ordinationem
1892 3584 1972 3642 ad
2015 3601 2336 3643 commune
2377 3586 2638 3659 bonum,
2679 3582 2756 3641 ab
2799 3598 2904 3656 eo,
2948 3576 3051 3655 qui
3091 3596 3294 3636 curam
3335 3596 3500 3635 com-

564 3664 865 3725 munitatis
926 3666 1141 3740 habet,
1187 3662 1529 3723 institutam.
1572 3664 1690 3723 Sed
1731 3662 1792 3722 in
1834 3665 1950 3724 hac
1992 3662 2369 3724 ordinatione
2410 3664 2670 3722 humana
2716 3659 2987 3737 specialis
3031 3656 3500 3734 circumscriptio

566 3766 637 3805 ex
678 3745 865 3805 tribus
904 3744 1051 3804 locis
1092 3744 1408 3821 plurimum
1452 3744 1711 3821 petenda
1753 3754 1867 3803 est:
1910 3742 2190 3803 nimirum
2232 3764 2306 3803 ex
2343 3742 2667 3821 principio,
2702 3740 2966 3817 actione,
3002 3740 3058 3797 &
3081 3738 3266 3797 modo
3286 3735 3501 3815 ipsius:

568 3836 629 3885 vt
670 3825 729 3884 in
772 3825 1041 3903 proxime
1082 3825 1477 3902 praecedente
1519 3822 1865 3883 definitione
1910 3822 2448 3884 demonstrauimus
2489 3822 2849 3882 faciundum.

651 3906 1007 3983 Principium
1050 3906 1343 3964 humanae
1383 3903 1527 3981 legis
1571 3905 1807 3964 duobus
1849 3902 2045 3965 modis
2087 3902 2463 3981 distinguitur
2502 3904 2580 3961 ab
2613 3902 2681 3961 iis
2703 3918 2849 3977 quas
2872 3902 3008 3959 ante
3031 3896 3304 3958 diximus,
3347 3898 3503 3955 Nam

564 4006 757 4063 neque
798 3986 911 4046 Dei
954 3984 1275 4045 essentialis
1318 3995 1440 4059 est,
1482 3994 1546 4043 vt
1584 3994 1824 4044 aeterna
1864 3983 1994 4043 illa:
2039 4000 2234 4061 neque
2274 3988 2310 4043 ἐι
2353 3996 2560 4043 natura
2600 3992 2690 4041 est
2730 3978 3093 4057 simpliciter.
3118 3988 3180 4037 vt
3204 3978 3302 4037 illa
3323 3994 3507 4067 quam

564 4068 889 4127 naturalem
929 4066 1215 4145 dicimus;
1256 4082 1449 4141 neque
1489 4068 1527 4123 a
1566 4066 1701 4124 Deo
1747 4074 1865 4142 est,
1908 4074 1971 4123 vt
2010 4062 2211 4123 diuina
2245 4062 2542 4140 illaquam
2565 4072 2872 4139 postremo
2894 4062 3033 4119 loco
3057 4057 3500 4135 descripsimus:

562 4150 666 4207 sed
709 4150 785 4206 ab
827 4145 1171 4209 hominibus
1210 4155 1331 4221 est,
1374 4164 1447 4203 ex
1490 4143 1702 4221 quibus
1743 4146 1839 4203 lex
1880 4145 2142 4203 humana
2184 4146 2542 4221 appellatur:
2586 4145 2640 4203 δι
2679 4144 2872 4201 ferunt
2907 4158 3041 4199 eam
3075 4138 3348 4198 homines
3369 4155 3504 4215 pro-

562 4228 842 4287 cedentes
896 4230 933 4287 ὲ.
986 4225 1294 4285 communi
1336 4224 1627 4301 principio
1667 4226 1898 4303 legum,
1942 4226 2108 4301 quod
2149 4224 2441 4283 rationem
2481 4224 2883 4300 appellamus:
2947 4220 3064 4279 Sed
3104 4228 3306 4278 tamen
3347 4219 3503 4276 hanc

562 4308 641 4367 ita
684 4308 876 4365 serunt
918 4306 1190 4366 homines
1233 4305 1448 4381 quibus
1488 4316 1576 4364 est
1616 4305 1966 4381 auctoritas,
2009 4314 2072 4363 vt
2112 4304 2208 4364 lex
2249 4304 2508 4363 humana
2549 4300 2715 4379 quasi
2756 4309 2959 4378 partus
3001 4299 3072 4359 sit
3105 4300 3305 4375 legum
3342 4306 3504 4357 ante-

565 4386 902 4447 cedentium
925 4432 941 4465 ,
1005 4405 1127 4446 non
1169 4396 1366 4445 autem
1414 4402 1549 4445 cum
1594 4384 1705 4445 illis
1748 4384 2042 4463 principio
2083 4386 2247 4445 velut
2287 4382 2659 4461 immediato,
2704 4378 3082 4458 auctoritate,
3126 4382 3181 4439 δι
3220 4376 3504 4517 dignita?

3079 4475 3402 4535 comparan
