3923 4875
651 301 768 378 360
1475 314 1578 357 nx
1638 312 2063 359 Ροιιτιιιιι
2122 314 2373 361 mosis
2430 314 2721 361 ousta.

641 488 836 553 tuum,
876 488 938 536 vt
978 486 1205 537 reatum
1245 474 1545 555 sanguinis
1585 495 1708 537 non
1751 474 2023 555 imponas
2062 476 2267 537 domui
2300 486 2453 539 tuae.
2497 480 2677 537 Item·
2722 478 2815 537 Ne
2856 486 2983 538 esto
3022 476 3191 537 virile
3210 476 3559 541 instrumen-

641 567 768 617 tum
808 575 984 633 super
1023 557 1366 635 faeminam,
1409 574 1602 647 neque
1643 556 1871 617 induito
1913 556 2002 616 vir
2043 568 2264 617 vestem
2286 523 2785 617 faeminae.11bid.
2804 578 2861 618 v.
2887 572 2943 635 5.
2962 556 3321 635 Principium
3340 560 3561 639 duplex

645 639 968 698 secundum
1029 639 1280 695 formam
1334 637 1574 697 rationis
1627 648 1898 697 aeternae
1935 638 2015 697 ad
2058 640 2267 697 harum
2306 641 2504 715 legum
2546 637 2969 697 institutionem
3008 640 3293 717 pertinet·
3358 642 3555 700 Vnum

646 727 765 795 est,
819 717 1327 809 quemadmodum
1379 718 1731 778 laedendum
1782 736 1908 777 non
1959 736 2117 777 esse.
2178 720 2477 797 Alterum,
2534 718 2779 779 honeste
2818 718 3156 778 viuendum.
3220 719 3397 793 Quae
3436 720 3557 781 duo

645 798 932 876 principia
979 797 1091 887 ipsi
1140 797 1542 858 Iurisconsulti
1575 796 1747 889 olim,
1787 798 2075 889 quamuis·
2100 798 2437 876 ignorantes
2478 798 2708 876 Deum,
2749 798 2906 857 velut
2946 796 3245 859 columina
3286 801 3341 859 δι
3384 800 3555 861 bases

642 878 779 937 iuris
819 876 1061 938 humani
1099 888 1440 955 posuerunt.
1481 880 1574 937 Ex
1613 877 1807 955 priore
1847 878 1950 937 illo
1989 878 2279 955 principio
2320 878 2623 939 conclusio
2664 881 2815 939 haec
2844 882 2991 956 pure
3011 878 3351 939 conficitur:
3394 882 3555 959 Ergo

645 957 791 1018 nihil
832 975 954 1035 quo
995 958 1149 1016 laedi
1197 957 1506 1035 quisquam
1545 958 1733 1037 possit
1773 957 2267 1018 committendum
2301 977 2453 1019 esse:
2496 962 2551 1019 δι
2592 957 3049 1037 particulariter,
3092 958 3232 1035 quia
3275 960 3555 1037 Syrarum

643 1036 878 1099 aedium
919 1056 990 1097 ea
1027 1038 1133 1097 fuit
1173 1038 1351 1117 ratio,
1394 1049 1459 1098 vt
1497 1039 1558 1099 in
1596 1048 1754 1098 tecto
1794 1056 1997 1098 earum
2040 1040 2359 1099 commode
2399 1040 2703 1099 ambulare
2741 1057 2974 1117 posseS,
3012 1057 3139 1100 non
3178 1038 3359 1101 fuisse
3392 1060 3555 1101 com-

641 1118 990 1178 mittendum
1043 1127 1106 1177 vt
1164 1118 1283 1179 vita
1324 1117 1671 1195 cuiusquam
1715 1117 1790 1179 de
1831 1129 1993 1179 tecto
2035 1118 2484 1196 periclitaretur:
2526 1119 3029 1209 quemadmodum
3070 1118 3318 1180 omnino
3358 1120 3559 1181 fuisset

641 1209 1020 1277 euenturum,
1079 1198 1128 1258 si
1191 1208 1346 1259 tecta
1395 1197 1787 1259 ambulatoria
1827 1198 2118 1259 eiusmodi
2154 1198 2397 1259 fuissent
2437 1202 2728 1278 ἄφρακτα,
2770 1199 2826 1258 δι
2864 1198 3213 1259 loricatione
3250 1211 3357 1259 aut
3396 1220 3559 1279 repa·

643 1277 794 1357 gulis
855 1278 916 1337 in
977 1242 1267 1338 ambitum
1315 1278 1579 1357 ipsorum
1633 1278 1970 1339 caruissent.
2032 1280 2122 1339 Ex
2176 1278 2501 1358 posteriore
2540 1290 2739 1339 autem
2777 1278 3069 1357 principio
3110 1281 3418 1341 conclusio
3460 1281 3557 1341 illa

641 1358 910 1436 procedit
947 1362 1093 1436 pure
1133 1378 1314 1435 quam
1359 1362 1522 1420 Deus
1567 1359 1844 1450 imperat.
1887 1360 2135 1420 honeste
2179 1360 2531 1439 viuendum3
2573 1360 2733 1438 Ergo
2776 1362 2831 1421 δι
2870 1362 3147 1419 honestas
3174 1361 3558 1421 conenienter

644 1449 886 1498 naturae
945 1442 1274 1499 secundum
1339 1438 1627 1500 rationem
1680 1440 1965 1517 cuiusque
2022 1442 2349 1501 naturalem
2400 1440 2463 1499 in
2516 1450 2646 1501 toto
2700 1439 2853 1500 vitae
2890 1438 3191 1529 instituto,
3230 1442 3287 1501 δι
3326 1442 3391 1501 ιιι
3428 1440 3557 1519 ipsa

644 1535 887 1596 quoque
937 1518 1134 1596 specie
1175 1521 1327 1580 vitae
1370 1522 1622 1581 colenda
1661 1530 1750 1581 est
1789 1520 2246 1597 diligentissime.
2311 1522 2449 1597 Quo
2490 1529 2837 1611 argumento
2880 1519 3059 1579 etiam
3100 1518 3163 1579 in
3200 1530 3554 1581 testamento

643 1616 805 1660 nouo
862 1603 1172 1676 persancte
1231 1600 1501 1661 Vtebatur
1549 1603 1794 1679 Paulus,
1849 1602 1988 1660 cum
2030 1602 2106 1661 de
2147 1620 2325 1661 coma
2362 1600 2441 1660 ad
2483 1598 2823 1661 Corinthios
2862 1600 3163 1660 scriberet.
3224 1602 3409 1677 Apud
3448 1619 3557 1661 vos

643 1676 804 1757 ipsos
841 1678 1124 1751 iudicate,
1165 1696 1312 1739 num
1353 1682 1636 1743 decorum
1677 1693 1763 1742 est
1803 1680 2105 1741 mulierem
2149 1700 2269 1741 non
2312 1690 2579 1770 opertam
2618 1682 2817 1741 Deum
2854 1677 3062 1740 orare?
3100 1699 3259 1741 anne
3290 1684 3559 1758 (121505)

645 1770 856 1818 natura
915 1758 1160 1835 quidem
1219 1760 1346 1838 ipsa
1395 1762 1514 1822 hoc
1567 1780 1674 1821 vos
1713 1762 1918 1837 docet,
1961 1760 2127 1837 quod
2165 1760 2293 1821 viro
2333 1759 2575 1838 quidem
2615 1772 2917 1821 comatum
2958 1778 3088 1821 esse
3127 1759 3412 1853 dedecori
3452 1760 3557 1834 sit,

643 1838 873 1899 mulieri
934 1850 1142 1900 contra
1180 1850 1479 1901 comatam
1521 1861 1648 1903 esse
1691 1840 1928 1903 decori?
1986 1843 2142 1901 Nam
2186 1859 2363 1901 coma
2401 1858 2511 1918 pro
2552 1840 2841 1901 velamine
2879 1841 3019 1901 data
3052 1850 3143 1900 est
3182 1840 3253 1901 ei.
3324 1861 3378 1902 1.
3414 1840 3555 1902 Cor.

649 1939 674 1977 1
690 1938 1016 1997 1.1314.
1066 1936 1158 1997 15.
1215 1922 1424 1982 Statuit
1463 1922 1623 1982 enim
1663 1924 1987 1999 Apostolus
2027 1920 2273 1999 vestigia
2310 1921 2495 1983 Mosis
2535 1920 2821 1999 imitatus,
2882 1930 3157 1981 naturam
3197 1921 3391 1999 ipsam
3434 1939 3559 1981 non

644 1999 840 2059 solum
880 2000 1054 2077 aequi
1093 2001 1268 2093 boni,
1311 2002 1693 2063 verumetiam
1733 2002 2087 2080 honestatiS,
2128 2000 2388 2078 itemque
2412 2000 2673 2093 ordiniS,
2714 2001 2770 2060 &
2804 1965 3027 2078 speciei
3066 2000 3145 2061 ad
3176 2002 3559 2062 honestatem

647 2080 987 2157 pertinentis
1047 2082 1432 2141 certissimam
1471 2081 1810 2174 magistram
1851 2101 2010 2155 esse,
2065 2100 2186 2159 quo
2226 2100 2300 2141 ex
2336 2080 2629 2160 principio
2670 2084 2828 2141 recte
2868 2080 3281 2159 concluditur,
3340 2099 3454 2141 nos
3498 2080 3559 2140 in

649 2160 877 2220 ratione
938 2160 1084 2221 boni
1140 2161 1196 2220 δι
1254 2162 1487 2223 honesti
1539 2162 1861 2223 imitatores
1903 2174 2147 2223 naturae
2180 2182 2307 2221 esse
2349 2174 2651 2239 oportere,
2708 2180 2831 2221 non
2868 2172 3069 2221 autem
3108 2180 3173 2221 re
3213 2170 3317 2221 aut
3356 2160 3555 2239 specie

647 2242 987 2301 conuellere
1029 2240 1294 2301 instituta
1331 2241 1432 2303 illa
1473 2253 1747 2320 naturae,
1786 2244 1950 2303 cuius
1992 2254 2197 2303 auctor
2238 2244 2422 2301 DeuS.

725 2320 1100 2381 Immutabile
1155 2332 1242 2383 est
1293 2324 1557 2383 secundo
1599 2322 1814 2402 mod0,
1855 2322 2139 2400 quicquid
2178 2321 2239 2383 in
2278 2321 2505 2399 legibus
2545 2320 2630 2381 sic
2669 2320 3005 2382 ordinatum
3047 2330 3137 2381 est
3174 2320 3450 2413 obiecto,
3496 2330 3559 2381 vt

645 2400 870 2462 ratione
924 2404 1085 2463 certa
1126 2403 1342 2464 feratur
1379 2404 1458 2465 ad
1499 2422 1816 2465 commune
1857 2405 2116 2480 bonum,
2177 2402 2501 2463 secundum
2544 2402 2793 2462 eandem
2829 2403 3083 2463 formam
3121 2400 3370 2462 rationis
3408 2400 3561 2462 illius

642 2493 914 2543 aeternae
934 2528 952 2559 ,
995 2499 1175 2559 quam
1215 2483 1635 2545 adumbrauit
1620 2505 1680 2544 m
1714 2495 1948 2562 natura,
1972 2495 2071 2544 aut
2091 2484 2151 2543 in
2174 2485 2359 2544 verbo
2381 2482 2662 2560 expressit
2681 2483 2863 2542 DeuS.
2896 2483 3075 2542 Thes.
3105 2482 3195 2542 16.
3230 2483 3353 2540 Est
3368 2491 3559 2540 autem

640 2566 738 2638 sic,
775 2565 1109 2623 ordinatum
1148 2567 1379 2623 ratione
1416 2566 1616 2624 obiecti
1625 2609 1642 2644 ,
1680 2567 1960 2642 quicquid
1990 2565 2077 2622 ad
2108 2567 2320 2624 iustum
2361 2565 2784 2639 legetimu‘mque
2830 2563 3103 2622 obiectum
3142 2565 3389 2622 actionis
3427 2563 3553 2637 lege

641 2644 964 2721 imperatae
999 2647 1251 2723 respicit
1296 2645 1449 2704 Cum
1492 2645 1650 2705 enim
1691 2648 1875 2705 homo
1917 2645 1995 2704 ad
2034 2643 2331 2704 actionem
2372 2653 2542 2703 natus
2580 2643 2681 2720 sit,
2724 2645 2781 2702 &
2822 2642 2949 2703 Lex
2990 2642 3141 2703 inter
3181 2642 3457 2702 homines
3474 2640 3549 2702 sit

647 2723 950 2784 actionum
989 2725 1236 2802 arbitra,
1287 2735 1350 2784 vt
1389 2725 1545 2785 actio
1581 2744 1702 2785 non
1742 2726 1985 2824 quaeuis
2024 2723 2084 2784 in
2127 2723 2395 2815 quosuiS,
2454 2727 2491 2783 a
2533 2721 2860 2800 quibusuiS,
2922 2733 3024 2783 aut
3063 2722 3547 2799 quandocunque

647 2801 839 2863 visum
878 2803 1048 2864 fuerit
1088 2803 1452 2883 perficiatur,
1491 2805 1596 2864 sed
1634 2805 1832 2884 potius
1871 2807 2021 2864 haec
2060 2807 2249 2882 actiO,
2290 2803 2351 2863 ιιι
2390 2805 2550 2863 hunc
2584 2807 2639 2863 δι
2674 2804 2751 2862 ab
2792 2805 2929 2878 hoc,
2970 2803 3152 2894 idque
3194 2805 3313 2862 hoc
3348 2802 3559 2882 mode,

646 2885 786 2944 loco
849 2886 905 2943 &
961 2895 1231 2975 tempore
1287 2885 1568 2962 praestari
1628 2887 1874 2964 debeat,
1934 2887 1991 2945 δι
2030 2885 2131 2944 illa
2168 2849 2249 2944 ab'
2286 2883 2414 2944 illo.
2478 2883 2701 2962 optime
2739 2881 3041 2960 prospexit
3082 2882 3275 2960 Βειιε,
3315 2893 3378 2943 vt
3423 2883 3557 2960 lege

643 2964 903 3024 humana
961 2964 1264 3025 actionum
1324 2965 1558 3026 obiecta
1605 2967 1760 3025 iusta
1804 2967 1879 3024 (ἓν
1919 2966 2177 3040 legitima
2221 2963 2770 3056 determinarentur,
2808 2963 2871 3022 id
2910 2973 3035 3040 est,
3078 2961 3359 3022 materiae
3398 2962 3561 3022 circa

647 3060 793 3119 quas
831 3055 1262 3122 occuparentur
1301 3045 1563 3106 actiones
1602 3047 1732 3124 lege
1771 3045 2107 3124 imperatae.
2152 3047 2281 3106 Has
2320 3049 2463 3105 vero
2500 3043 2771 3104 materias
2810 3043 2935 3102 siue
2976 3042 3211 3103 obiecta
3238 3044 3395 3101 iusta
3413 3042 3557 3118 legi-

646 3126 896 3201 timctque
928 3126 1291 3202 appellamus
1311 3169 1330 3204 ,
1370 3126 1509 3218 quia
1548 3137 1860 3204 vtrumque
1901 3144 2050 3203 opus
2092 3138 2179 3186 est
2220 3125 2279 3186 ιιι
2302 3123 2553 3184 obiectis
2570 3125 2877 3184 actionum
2896 3133 3231 3184 nostrarum
3252 3121 3560 3196 omnibus»,

648 3213 774 3263 tum
814 3216 879 3264 vt
917 3209 1074 3265 iusta
1113 3205 1348 3266 obiecta
1385 3207 1539 3285 sint,
1579 3205 1644 3266 id
1681 3218 1799 3284 est,
1841 3225 1915 3266 ex
1965 3217 2173 3265 natura
2212 3205 2383 3284 iuris,
2422 3203 2627 3281 aequi,
2667 3204 2838 3281 boni,
2878 3204 2959 3263 ad
2998 3201 3265 3264 actiones
3285 3203 3412 3262 illas
3432 3221 3561 3292 ρει·

650 3281 892 3344 tinentia
931 3287 1260 3345 secundum
1299 3297 1570 3347 naturam
1611 3296 1879 3347 aeternae
1919 3285 2102 3361 illius,
2162 3286 2218 3346 δι
2259 3285 2568 3364 naturalis,
2610 3287 2665 3344 &
2704 3283 2939 3344 diuinae
2980 3283 3155 3362 legis:
3216 3293 3344 3342 tum
3386 3281 3565 3342 etiam

649 3373 712 3423 vt
750 3365 1006 3440 legitzma
1045 3365 1192 3444 sint,
1251 3365 1312 3426 id
1347 3377 1462 3446 est,
1503 3377 1566 3426 vt
1602 3368 1732 3444 lege
1772 3367 2030 3426 humana
2070 3383 2237 3426 suam
2278 3367 2535 3426 habeant
2552 3329 3161 3442 determinationem,
3200 3365 3257 3422 δι
3296 3365 3563 3422 humano

651 3443 860 3504 ordine
919 3445 1272 3506 sanciantur.
1351 3411 1462 3507 Id
1487 3446 1643 3507 enim
1702 3447 1816 3508 nisi
1875 3445 2170 3524 obtineat,
2232 3445 2355 3506 fieri
2408 3463 2531 3504 non
2583 3454 2810 3523 potest,
2868 3443 3012 3521 quin
3049 3445 3191 3503 loco
3234 3441 3461 3504 ordinis
3502 3442 3563 3502 ιιι

650 3524 932 3585 societate
973 3527 1228 3586 humana
1269 3527 1680 3604 perneeessarij
1696 3571 1712 3604 ,
1755 3525 2050 3588 horribilis
2092 3545 2285 3586 rerum
2330 3525 2597 3586 omnium
2638 3525 2917 3584 succedat
2935 3523 3327 3602 perturbatio,
3362 3521 3561 3581 Huius

651 3603 735 3662 rei
800 3607 1070 3683 exempla
1127 3609 1226 3682 (ne
1281 3608 1511 3686 longiiis
1549 3609 1848 3671 abeamus)
1889 3627 1961 3666 ex
2001 3605 2071 3666 iis
2110 3606 2248 3685 ipsis
2291 3605 2565 3697 depromi
2602 3615 2853 3682 possunt
2892 3621 3043 3680 quae
3078 3607 3215 3695 ante
3254 3603 3315 3662 in
3354 3604 3561 3662 locum

651 3683 906 3762 primum
947 3687 1317 3749 adduximus.
1355 3689 1510 3747 Nam
1551 3689 1686 3746 cum
1729 3687 1807 3748 ita
1846 3688 2011 3747 Deus
2050 3686 2337 3764 praecipit
2374 3687 2451 3746 de
2489 3697 2732 3746 auctore
2765 3683 3091 3763 apostasiae
3112 3683 3173 3742 in
3198 3685 3561 3742 Iudaeorum

649 3774 854 3842 gente:
897 3767 990 3826 Ne
1029 3766 1256 3844 parcito
1298 3771 1504 3828 oculus
1547 3778 1680 3828 tuus
1721 3765 1835 3846 illi,
1875 3784 2069 3843 neque
2110 3766 2419 3828 clementia
2458 3764 2667 3844 vtitor,
2720 3783 2912 3843 neque
2951 3767 3147 3824 celato
3186 3763 3387 3840 illum,
3452 3762 3563 3822 sed

653 3843 897 3906 omnino
928 3845 1189 3908 occidito
1230 3846 1426 3908 ι11ιιιιι·
1469 3865 1674 3907 manus
1710 3859 1812 3908 tua
1851 3846 2108 3924 primum
2148 3859 2276 3906 esto
2317 3857 2526 3907 contra
2566 3845 2763 3923 illum,
2802 3856 2867 3905 vt
2904 3855 3098 3904 morte
3116 3843 3339 3903 afficias
3362 3843 3563 3920 illurn3

651 3928 859 4000 postea
894 3930 1040 3987 vere
1082 3945 1290 3987 manus
1329 3927 1506 3988 totius
1547 3927 1780 4006 populi,
1822 3929 1877 3986 δι
1917 3928 2134 4017 obrues
2174 3928 2340 3987 illum
2374 3924 2666 4004 lapidibus
2684 3890 2767 3984 ita
2785 3937 2847 3985 vt
2868 3923 3183 3985 moriatur:
3220 3922 3360 4002 quia
3380 3941 3561 3998 quae·

651 4003 786 4064 siuit
825 4016 882 4065 te
925 4007 1218 4084 depellere
1257 4010 1293 4066 a
1339 4009 1565 4068 Iehoua
1599 4009 1731 4068 Deo
1769 4020 1908 4087 tu0,
1950 4005 2051 4085 qui
2091 4007 2293 4067 eduxit
2330 4017 2389 4067 te
2429 4017 2461 4066 e
2504 4017 2657 4066 terra
2697 4005 2972 4086 AEgypti,
3012 4009 3125 4065 διο.
3166 4005 3473 4080 Deut.13.
3498 4005 3556 4063 8.

653 4102 849 4160 9.1o.
912 4086 1066 4146 Cum
1105 4087 1247 4148 item
1285 4086 1497 4148 dicitur
1537 4089 1728 4148 Exod.
1775 4092 2010 4148 22.18.
2074 4087 2597 4177 Praestigiatricem
2638 4105 2711 4146 ne
2752 4087 2905 4146 sinas
2944 4083 3172 4162 viuere,
3224 4087 3281 4144 δι
3314 4081 3559 4158 similia,

649 4163 866 4224 iustum
907 4167 1206 4227 obiectum
1245 4167 1685 4258 legitimumque
1725 4167 1998 4228 definitur
2038 4168 2502 4241 accuratissime,
2552 4165 2612 4226 in
2656 4168 2823 4243 quod
2863 4164 3177 4242 stringatur
3216 4161 3451 4241 gladius
3494 4163 3549 4220 δι

651 4242 931 4304 iudicium
989 4259 1327 4308 exerceatur
1384 4248 1732 4309 auctoritate
1787 4247 1926 4307 Dei:
1990 4246 2142 4307 adeo
2203 4259 2265 4308 vt
2319 4267 2440 4306 non
2484 4247 2781 4324 potuerint
2816 4245 3147 4336 Israelitae,
3206 4247 3347 4303 cum
3386 4244 3545 4320 leges

650 4321 788 4384 istas
848 4325 1135 4406 principio
1195 4337 1427 4390 sanctas
1490 4347 1617 4389 esse
1677 4333 1734 4390 &
1793 4327 2191 4389 immutabiles
2252 4336 2713 4406 cognoscerent,
2772 4345 2896 4386 non
2936 4341 3145 4404 exequi
3186 4321 3541 4385 sententiam

3384 4419 3559 4482 quam
