3923 4875
1345 336 1670 387 russas
1729 337 2377 385 ‘rueotoalcmt-
3196 322 3315 401 289

391 502 619 567 scelera
667 504 728 565 in
776 522 1033 582 corpore
1083 514 1444 582 perpetrata,
1505 506 1562 564 δι
1617 503 1846 565 debitas
1899 506 1983 566 ob
2034 502 2133 563 illa
2186 521 2409 581 poenas
2427 546 2446 579 ,
2506 510 2835 579 cognoscet
2874 502 2931 560 δι
2974 499 3261 579 intelliget
3294 522 3307 559 ε

391 586 664 645 voluntas
701 584 814 644 erit
853 582 1187 661 mancipata
1225 583 1336 662 ipsi
1379 584 1632 646 malitiae
1651 630 1668 663 .,
1710 594 1774 644 vt
1811 602 1990 645 omne
2031 582 2197 661 quod
2244 584 2401 642 volet
2422 626 2439 658 ‚
2480 599 2660 641 omne
2697 580 2865 658 quod
2908 578 3114 660 eliget,
3166 580 3312 641 illud

385 674 585 725 totum
625 666 876 741 malum,
931 663 1212 725 iniustum
1227 709 1244 739 ,
1307 662 1539 725 diuinae
1593 663 1882 725 voluntati
1927 662 2291 725 contrarium
2352 664 2408 722 δι
2466 658 2723 721 inuisum
2775 659 2885 721 sit:
2947 660 3203 737 denique
3247 660 3309 721 in

389 746 591 807 Deum
604 788 625 823 ,
663 744 726 805 in
766 756 1062 821 naturam,
1107 742 1168 803 in
1204 744 1489 822 quicquid
1527 745 1758 805 bonum
1797 755 1886 805 est
1923 742 2236 804 inuehetur
2276 741 2468 801 miser:
2513 750 2825 801 constante
2866 742 2922 800 δι
2954 739 3310 801 immutabili

391 824 642 903 malitia,
701 843 840 885 cum
879 823 1066 895 iusto,
1129 835 1440 887 constante
1477 826 1534 885 δι
1575 822 1928 885 immutabili
1968 822 2083 885 Dei
2122 821 2345 883 iudicio
2385 832 2651 898 certans,
2710 830 2775 880 vt
2813 821 2977 881 Deus
3018 819 3202 881 iustus
3243 819 3305 880 in

392 904 818 983 sempiternum
858 902 1080 966 iudicio
1123 921 1232 965 suo
1275 914 1590 985 appareat:
1631 903 1730 965 cui
1767 902 1987 982 gloria,
2027 905 2250 981 honor,
2298 900 2628 980 imperium.
2669 902 2885 961 Amen.

492 1228 1304 1291 TYPOGRAPHVS
1359 1230 1838 1291 LECTORI
1899 1226 2619 1305 CHRISTIANO,
2684 1226 3215 1288 SALUTEM.

491 1407 714 1493 QVVM
759 1412 848 1475 ad
895 1408 1098 1473 finem
1147 1410 1342 1493 primi
1389 1412 1558 1475 tomi
1604 1408 1737 1474 fere
1783 1410 2227 1494 peruenissem
2248 1459 2263 1485 ,
2338 1406 2498 1475 mihi
2547 1407 2819 1471 oblatae
2862 1414 3019 1469 sunt
3064 1409 3107 1469 a
3153 1426 3319 1489 quo-

394 1503 555 1565 dam
609 1502 753 1565 viro
799 1501 1001 1566 docto
1023 1552 1038 1579 ,
1111 1500 1194 1566 D.
1269 1501 1432 1585 Iunij
1505 1501 1668 1566 olim
1739 1504 2078 1579 auditore,
2146 1500 2369 1566 theses
2424 1499 2679 1582 aliquot
2734 1496 3187 1579 Theologicae
3251 1498 3315 1559 in

395 1592 936 1675 Heidelbergensi
969 1592 1344 1657 Academia
1383 1593 1509 1657 sub
1548 1595 1786 1658 eodem
1831 1593 2207 1657 Professore
2250 1590 2638 1675 dignissimo
2679 1590 3094 1671 disputatae:
3146 1608 3317 1672 quas

393 1684 580 1759 aliis,
647 1704 886 1767 nempe
939 1682 1436 1766 LeydensibuS,
1486 1686 1767 1750 adiunxi
1805 1684 2071 1761 luben3‚
2118 1693 2189 1749 vt
2232 1682 2641 1766 Theologiae
2688 1679 3022 1745 candidati
3066 1680 3321 1763 aliquid

391 1774 678 1858 amplius
724 1774 1078 1853 haberent,
1128 1774 1310 1858 quod
1359 1796 1588 1840 eorum
1635 1778 1808 1841 votis
1851 1775 2280 1841 satisfaceret.
2348 1772 2451 1837 Tu
2492 1783 2788 1838 nostrum
2828 1771 3115 1835 studium
3160 1771 3319 1835 boni

395 1865 669 1930 consule
689 1917 704 1944 ,
753 1864 812 1930 &
858 1864 1025 1930 vale.

989 2226 1123 2285 DE
1181 2225 1906 2288 THEOLOGIAE
1967 2221 2724 2286 DEFINITIONE.

1648 2406 1981 2467 Tuss1s
2040 2420 2081 2467 1.

469 2586 1106 2646 Pnazsrannssmvu
1147 2582 1314 2644 verbi
1354 2583 1522 2662 quod
1560 2582 1840 2646 enunciat
1878 2585 2042 2644 Deus
2078 2590 2491 2660 argumentum
2534 2578 2681 2640 illud
2720 2588 2809 2640 est
2851 2579 3017 2656 quod
3058 2578 3325 2638 Theolo-

397 2661 562 2739 giam
605 2684 834 2726 sacram
877 2665 1265 2743 appellamus.

481 2765 537 2806 2.
616 2745 952 2822 Theologia
990 2753 1187 2804 autem
1228 2743 1442 2804 dicitur
1483 2745 1780 2820 ὁμωνύμως
1819 2741 2086 2822 probatis
2124 2739 2505 2802 auctoribus:
2569 2738 2709 2817 quia
2746 2738 2821 2816 (si
2866 2737 3029 2798 vocis
3071 2746 3319 2814 etymon

397 2829 757 2905 spectemus)
795 2835 898 2886 aut
929 2842 1264 2886 sermonem
1291 2823 1405 2884 Dei
1438 2821 1644 2901 ipsius,
1685 2834 1788 2884 aut
1807 2825 1881 2884 de
1903 2821 2211 2883 diuinitate
2231 2821 2522 2881 rationem
2543 2819 2669 2882 siue
2690 2837 3027 2880 sermonem
3048 2819 3116 2894 (f.
3146 2819 3325 2895 1752)

403 2905 732 2984 significat,
773 2915 838 2964 vt
878 2903 1192 2984 Augustini
1231 2915 1465 2963 Vtamur
1507 2903 1720 2965 verbiS.
1773 2905 1908 2964 Lib.
1941 2907 2000 2964 8.
2042 2905 2111 2962 de
2151 2904 2308 2962 ciuit.
2350 2903 2505 2978 Dei,
2547 2921 2598 2960 c.
2636 2919 2687 2958 1.

501 3006 559 3062 3.
641 2986 884 3046 Sacram
944 2984 1144 3062 itaque
1202 2985 1256 3043 T
1259 2983 1596 3062 heologiam
1657 2985 2033 3062 διακριτικῶς
2093 3001 2225 3042 eam
2284 2982 2681 3070 appellamus²
2738 2997 2892 3056 quae
2944 2985 3012 3055 τῇ
3058 2981 3290 3052 μυθικῇ
3312 3021 3329 3054 ,

403 3057 632 3142 φυσικῇ
645 3114 654 3126 .
705 3069 803 3123 καὶ
847 3069 1151 3141 πολιτικῇ,
1194 3063 1255 3123 id
1297 3075 1414 3138 est,
1457 3063 1738 3141 fabulari,
1777 3064 2063 3140 naturali,
2104 3065 2161 3123 δι
2193 3061 2355 3122 ciuili
2383 3061 2753 3138 Theologlae
2790 3059 3111 3137 opponitur
3148 3059 3332 3132 (quae

403 3162 650 3222 genera,
701 3145 972 3206 Varrone
1027 3154 1205 3219 teste,
1246 3153 1476 3204 veteres
1515 3145 1569 3203 T
1573 3142 1884 3221 heologiae
1921 3141 2276 3219 tribuerunt)
2316 3145 2371 3202 &
2413 3139 2463 3201 si
2501 3139 2647 3218 quid
2687 3136 2847 3199 aliud
2888 3144 3329 3214 καταχρηςικός

409 3224 700 3284 donatum
739 3222 850 3284 suit
887 3222 1134 3284 nomine
1173 3223 1562 3302 Theologiae.
1605 3227 1861 3299 August.
1905 3223 2007 3282 lib.
2037 3223 2093 3282 6.
2133 3225 2203 3282 de
2240 3224 2398 3282 cinit.
2438 3222 2567 3281 Dei
2594 3237 2645 3279 c.
2678 3234 2734 3297 5.

487 3323 544 3376 4.
631 3305 812 3364 Sacra
860 3305 1180 3378 Theologia
1221 3313 1308 3364 est
1349 3303 1594 3364 scientia
1633 3320 1830 3362 rerum
1871 3301 2205 3362 diuinarum
2243 3321 2414 3378 vera,
2456 3300 2638 3377 iusta,
2678 3307 2880 3360 sancta
2898 3343 2915 3375 ‚
2958 3299 3013 3358 δε
3036 3295 3298 3386 perfecta
3315 3339 3332 3360 .

405 3385 443 3440 a
485 3384 622 3444 Deo
659 3383 940 3461 inspirata
957 3428 974 3461 .,
1014 3385 1070 3444 δι
1109 3401 1217 3461 per
1257 3382 1698 3444 enunciatiuum
1739 3401 2075 3443 sermonem
2118 3382 2243 3442 eius
2282 3380 2343 3441 in
2372 3377 2609 3442 Christo
2630 3377 2951 3439 commissa
2970 3391 3153 3436 seruis
3173 3372 3298 3433 eius
3314 3419 3333 3446 ,

405 3471 588 3540 atque
648 3461 710 3523 in
765 3465 1150 3524 Testamento
1211 3473 1409 3524 vetere
1467 3465 1524 3524 δι
1583 3479 1746 3522 nouo
1805 3479 1914 3541 per
1976 3462 2300 3540 Prophetas
2313 3505 2330 3537 ‚
2389 3461 2716 3538 Apostolos
2730 3503 2749 3538 ,
2800 3453 3327 3535 Euangelistasque

403 3541 756 3620 consignata
769 3588 789 3623 ,
849 3553 1142 3622 quantum
1203 3544 1328 3603 eius
1385 3543 1562 3605 nobis
1622 3541 1862 3620 expedit
1918 3541 2197 3618 reuelari‚
2261 3540 2339 3602 ad
2388 3538 2641 3618 gloriam
2679 3537 2861 3616 ipsius
2900 3539 2957 3598 &
2997 3537 3325 3596 electorum

406 3622 837 3780 begam-Genus
892 3701 1260 3780 Theologiae
1312 3701 1558 3764 scientia
1593 3719 1722 3762 esse
1771 3699 2023 3760 dicitur:
2086 3700 2226 3779 quia
2264 3701 2415 3760 haec
2454 3700 2583 3758 sola
2622 3697 2837 3757 iustam
2878 3692 3333 3756 conclusionum

405 3781 879 3860 apodicticamm
931 3783 1010 3843 de
1063 3783 1198 3843 Deo
1253 3785 1308 3844 δι
1359 3780 1576 3843 diuinis
1615 3783 1791 3842 rebus
1831 3781 2237 3858 cognitionem
2276 3781 2485 3854 habet,
2547 3796 2702 3855 quae
2744 3775 3157 3837 conclusiones
3196 3782 3337 3832 sunt

409 3861 781 3923 necessariae
797 3907 814 3936 ,
871 3879 1063 3940 neque
1103 3861 1272 3922 aliter
1314 3881 1376 3922 se
1417 3861 1637 3922 habere
1677 3871 1958 3939 possunt3
2002 3862 2057 3921 δι
2096 3859 2359 3920 animum
2399 3855 2636 3920 scientis
2662 3857 2977 3919 immotum
3016 3851 3241 3932 efficit3
3280 3855 3337 3914 &

407 3939 538 4001 veri
580 3941 1094 4022 contemplatione
1134 3961 1242 4019 per
1283 3959 1347 4002 se
1389 3951 1672 4002 contenta
1711 3951 1819 4002 est.

486 4021 543 4079 6.
630 4023 1005 4100 Βξῇενεηέὶα
1064 4025 1208 4082 vero
1273 4021 1552 4082 scientiae
1610 4019 2015 4098 Theologicae
2068 4023 2106 4080 a
2158 4017 2405 4080 caeteris
2455 4036 2562 4096 per
2600 4034 2735 4078 suas
2774 4033 2983 4078 causas
3022 4011 3233 4075 ordine
3273 4011 3333 4071 in

405 4098 760 4162 definitione
801 4101 1154 4180 exponitur:
1198 4117 1345 4178 quas
1383 4099 1588 4181 paucis
1629 4099 1914 4177 deinceps
1954 4098 2382 4160 enarrabimus·

493 4198 549 4255 7.
632 4183 896 4244 Materia
955 4185 1050 4244 est
1112 4183 1276 4241 Deus
1290 4225 1308 4255 ,
1369 4183 1426 4243 δι
1485 4201 1577 4242 res
1634 4180 1907 4241 diuinae:
1970 4197 2221 4258 quarum
2273 4176 2674 4258 appellatione
2714 4195 2785 4237 ea
2826 4173 3025 4237 omnia
3062 4173 3341 4234 volumus

403 4259 662 4352 intelligi
705 4279 858 4338 quae
900 4263 978 4322 de
1017 4273 1260 4340 natura,
1321 4258 1476 4354 iure²
1537 4261 1932 4338 operibusque
1977 4259 2092 4320 Dei
2132 4258 2485 4339 praeteritis,
2537 4255 2945 4335 praesentibus
2960 4301 2979 4334 ,
3031 4257 3086 4314 δι
3127 4251 3338 4313 futuris

413 4340 572 4400 tradi
619 4341 918 4421 oportuit,
961 4345 998 4400 a
1036 4339 1211 4402 nobis
1249 4341 1492 4419 gercipi.
2002 4415 2007 4418 ¹

1849 4437 1922 4496 37
2976 4419 3032 4475 8.
3118 4415 3341 4473 Forma
