3923 4875
594 307 667 378 78
1554 315 1658 359 nr:
1714 316 1938 359 vana
1995 315 2532 361 Tneonocm.

587 489 771 542 vetere
826 479 905 537 ἐφ’
954 495 1103 536 nouo
1139 487 1259 556 -per
1308 478 1669 556 Prophetas,
1710 479 2021 556 Apostolos
2036 523 2052 556 ,
2095 479 2172 538 ὃν
2209 479 2630 554 Euangelistas
2671 479 3090 552 consignatam.
3151 479 3463 542 Materiam
3485 527 3502 560 ,

584 579 785 620 rerum
825 559 1161 616 diuinarum
1203 556 1599 634 appellatione
1640 556 2066 636 conclusimus3
2107 559 2358 618 formam
2373 603 2390 636 ,
2443 559 2718 618 Veritatis
2731 575 2758 630 ‚·
2799 557 2978 618 finem
3020 557 3280 634 denique
3312 581 3498 638 quan-

587 649 705 700 tum
758 641 879 698 eius
931 639 1093 697 nobis
1145 635 1239 695 hic
1278 639 1505 716 expedit
1539 641 1803 697 reuelari
1839 639 1927 697 ad
1951 639 2214 713 gloriam
2253 639 2408 716 eius,
2449 639 2526 698 &⁴
2565 641 2866 698 electorum
2907 638 3134 697 bonum.
3193 639 3401 717 Itaque
3443 644 3500 700 &

588 720 786 779 locum
824 719 985 777 hunc
1022 716 1449 776 concludamus
1488 716 1719 794 paucis,
1757 734 1943 794 genus
1985 719 2041 778 δι
2081 716 2408 778 differentia
2441 715 2776 778 communis
2807 728 2897 778 est
2928 715 3098 778 huius
3133 719 3500 798 Theologiae

589 815 741 876 quae
781 814 977 856 rerum
1012 794 1342 856 diuiuarum
1382 795 1597 857 dicitur
1635 800 1722 873 (vt
1752 797 1926 870 'ante)
1968 796 2281 888 sapientia:
2323 796 2630 874 singularis
2660 802 2801 857 vero
2823 796 3148 858 differentia
3167 818 3272 876 per
3297 817 3502 860 causas

590 877 966 955 sequentibus
1025 874 1367 953 explicatur.
1432 877 1839 952 Quamobrem
1901 876 1978 936 de
2027 875 2171 954 ulis,
2223 877 2509 956 agedum,
2561 876 2772 937 ordine
2812 875 3026 938 eodem
3067 876 3371 940 videamus
3387 925 3404 958 ,
3444 882 3501 940 δι

590 957 810 1018 omisso
850 975 1064 1036 genere
1105 954 1549 1034 differentiaque
1592 955 1923 1035 communi,
1965 955 2380 1034 aggrediamur
2419 974 2724 1018 causarum
2765 962 2890 1018 esus
2930 956 3400 1035 explicationem.

1725 1357 2074 1417 CAPVT
2133 1357 2354 1416 XIII.

1362 1535 1463 1594 De
1500 1553 1711 1594 caussa
1748 1537 2047 1594 materiali
2081 1543 2317 1594 nostrae
2365 1535 2727 1610 Theologiae.

669 1689 817 1748 Em
868 1705 1073 1747 omnes
1116 1703 1321 1748 causas
1379 1704 1532 1764 quae
1578 1687 1655 1746 ad
1692 1687 1907 1748 iustam
1951 1688 2356 1749 definitionem
2396 1687 2764 1764 Theologiae
2794 1697 3030 1748 nostrae
3064 1689 3334 1748 absolute
3375 1685 3496 1748 dic-

589 1776 685 1827 tae
738 1775 873 1827 sunt
924 1784 1104 1843 opus,
1162 1776 1327 1828 certo
1386 1768 1442 1826 81
1496 1767 1721 1844 vulgari
1760 1767 1968 1827 ordine
2007 1778 2250 1828 naturae
2291 1767 2353 1828 in
2391 1767 2734 1828 definitione
2786 1767 3244 1846 collocauimusz,
3282 1767 3504 1844 placuit

590 1855 817 1924 tamen,
856 1846 935 1906 ad
974 1845 1458 1906 commoditatem
1499 1845 1756 1908 docendi
1794 1845 1956 1925 prius
1999 1848 2074 1909 de
2114 1848 2304 1907 causis
2345 1847 2585 1908 internis
2625 1851 2680 1908 &
2710 1846 3116 1908 essentialibus
3135 1847 3502 1924 Theologiae

590 1925 787 1986 dicere
806 1971 823 2004 ,
880 1927 1063 2002 quam
1126 1925 1203 1985 de
1260 1924 1331 1986 iis
1388 1943 1543 2004 quae
1602 1928 1732 2003 fo(f.
1780 1927 2056 2004 1403.)ris
2100 1927 2224 1988 siue
2275 1927 2629 1988 extrinsecus
2669 1946 2806 1987 cum
2846 1946 2916 1987 ea
2955 1926 3308 1988 coniunctae
3347 1937 3502 1988 sunt.

587 2007 854 2066 Internas
904 2021 1109 2064 causas
1148 2007 1513 2083 appellamus
1549 2025 1675 2084 eas,
1722 2024 1875 2083 quae
1913 2008 2224 2067 essentiam
2265 2007 2348 2067 rei
2388 2006 2751 2068 constituunt
2796 2007 2948 2067 illius
2987 2006 3062 2067 de
3103 2024 3222 2084 qua
3253 2008 3503 2067 habetur

590 2103 818 2164 serm03
880 2083 1213 2146 cuiusmodi
1270 2096 1407 2146 sunt
1462 2085 1524 2146 in
1585 2087 1761 2146 rebus
1812 2087 2092 2148 omnibus
2143 2087 2385 2147 materia
2422 2089 2477 2146 δε
2519 2089 2739 2147 forma:
2782 2089 3071 2147 Externas
3110 2090 3284 2162 vero,
3323 2103 3499 2162 quae-

592 2181 824 2241 cunque
838 2211 855 2245 ,
908 2175 1193 2241 tanquam
1234 2176 1475 2226 externa
1513 2167 1805 2243 quaedam
1820 2212 1838 2245 ,
1877 2167 1964 2226 rei
2002 2166 2355 2228 constitutae
2395 2167 2848 2244 adhaerescunt,
2899 2166 3022 2227 siue
3064 2167 3142 2228 ad
3181 2166 3500 2243 generatio·

588 2263 726 2305 nem
763 2244 973 2325 ipsius,
1012 2255 1077 2305 vt
1116 2244 1377 2306 efficiens
1416 2263 1620 2326 causa3
1661 2244 1783 2306 siue
1823 2246 1902 2306 ad
1940 2247 2348 2324 operationem
2389 2248 2444 2305 &
2484 2247 2790 2320 effectum,
2832 2257 2896 2306 vt
2933 2245 3083 2308 finis,
3142 2248 3324 2305 Hunc
3345 2246 3500 2305 ordi·

587 2342 726 2385 nem
787 2324 935 2385 ratio
994 2323 1337 2404 disciplinae
1397 2325 1582 2404 magis
1630 2327 1929 2404 ,postulat3
1985 2325 2148 2387 illum
2196 2328 2474 2388 obseruat
2524 2337 2750 2387 natura.
2814 2328 3192 2405 Quapropter
3243 2325 3500 2386 internas

586 2421 793 2467 causas
833 2404 1027 2485 priore
1063 2407 1204 2467 loco
1242 2404 1572 2499 aggressuri
1612 2423 1845 2488 sumus3
1886 2415 2154 2467 externas
2195 2412 2336 2469 vero
2375 2406 2435 2467 in
2475 2405 2865 2485 posteriorem
2904 2405 3192 2467 reiecturi.
3232 2407 3316 2465 Vt
3355 2423 3496 2484 ergo

584 2486 663 2545 de
700 2486 945 2547 materia
982 2485 1237 2564 primum
1276 2488 1581 2547 videamus
1623 2506 1823 2549 sacrae
1859 2487 2257 2579 Theologiae5
2311 2486 2618 2547 materiam
2659 2487 2808 2565 eius,
2849 2484 3107 2563 vestigiis
3146 2485 3466 2563 scripturae
3481 2530 3500 2565 ,

586 2575 828 2628 naturae
886 2584 1125 2644 quoque
1180 2565 1363 2643 ipsius
1421 2566 1782 2647 insistenteS,
1838 2568 2190 2645 exponimus
2238 2586 2300 2627 1n
2349 2568 2509 2627 hunc
2551 2568 2823 2645 modum,
2878 2568 3045 2625 Thes.
3093 2584 3186 2639 24.
3227 2568 3499 2626 Materia

594 2648 657 2704 T
644 2648 942 2722 hcologiae
988 2654 1075 2706 est
1124 2648 1461 2705 diuinarum
1510 2666 1712 2707 rerum
1725 2667 1748 2706 .·
1788 2649 2064 2708 m’nzirum
2105 2650 2304 2724 Deus,
2348 2650 2424 2707 ὁ*
2463 2666 2830 2725 quaecunque
2867 2648 2953 2704 ad
2986 2648 3182 2706 Deum
3223 2647 3500 2705 ordinata

584 2736 748 2806 sunt,
773 2736 969 2819 prout
1008 2727 1371 2805 disciplinam
1411 2727 1533 2787 Dei
1574 2729 1642 2786 de
1680 2736 1901 2787 natura
1914 2774 1931 2803 ,
1976 2730 2245 2807 operibus
2258 2772 2277 2805 ,
2320 2729 2396 2787 ὃν
2426 2730 2557 2787 iure
2596 2730 2782 2807 {osius
2813 2728 2980 2786 tradi
3009 2728 3284 2805 oportuit.
3322 2725 3502 2784 Hanc

582 2824 727 2883 ergo
766 2822 891 2866 siue
930 2805 1233 2867 materiam
1247 2850 1265 2884 ,
1311 2806 1435 2867 siue
1476 2806 1838 2885 subiectum,
1880 2806 2004 2868 siue
2046 2806 2350 2868 obiectum
2391 2808 2754 2885 appellemus
2767 2851 2783 2883 ,
2806 2816 3014 2883 prout,
3040 2815 3310 2882 respectu
3332 2802 3496 2863 vario

583 2884 829 2945 nomina
866 2886 1016 2946 haec
1054 2885 1131 2945 de
1170 2897 1515 2963 argumento
1555 2886 1921 2965 Theologiae
1952 2886 2276 2965 praedicari
2296 2898 2572 2965 possunt,
2597 2885 2908 2947 definimus
2938 2904 3140 2943 rerum
3161 2886 3500 2943 diuinarum

586 2966 999 3042 appellatione.
1040 2966 1161 3025 Res
1200 2977 1398 3026 autem
1436 2966 1667 3027 diuinas
1707 2968 1827 3027 hoc
1863 2968 2005 3028 loco
2048 2971 2319 3028 volumus
2358 2965 2577 3045 accipi,
2618 2984 2772 3042 quae
2812 2964 3054 3042 quidem
3073 2973 3176 3023 aut
3201 2967 3338 3024 vere
3359 2962 3504 3023 diui-

584 3063 697 3104 nae
736 3055 900 3123 sunt3
941 3056 1074 3122 aut,
1114 3043 1164 3105 si
1201 3046 1278 3106 ad
1317 3062 1513 3107 rerum
1554 3056 1822 3107 naturam
1859 3045 2186 3124 pertinent,
2227 3048 2304 3108 ad
2343 3048 2537 3107 Deum
2571 3057 2770 3105 tamen
2790 3044 2989 3121 aliquo
3011 3054 3190 3121 pacto
3227 3041 3502 3103 ordinan-

581 3134 693 3183 tur.
746 3142 924 3202 quam
982 3143 1107 3185 rem
1164 3126 1430 3186 nonnulli
1490 3146 1563 3186 ex
1622 3126 1974 3188 orthodoxis
2012 3126 2276 3204 patribus
2315 3129 2582 3187 volentes
2613 3125 2970 3203 exprimere,
3005 3122 3308 3185 materiam
3350 3124 3503 3183 The-

584 3202 817 3281 ologiae
855 3203 941 3264 sic
981 3204 1402 3284 definiuerunt,
1453 3216 1518 3265 vt
1560 3204 1622 3265 id
1662 3216 1854 3266 totum
1894 3205 1953 3267 in
1997 3206 2239 3267 materia
2275 3206 2640 3284 Theologiae
2677 3205 3019 3265 habendum
3057 3202 3499 3282 praedicarent,

583 3283 746 3359 quod
784 3294 885 3344 aut
923 3286 1087 3345 Deus
1124 3294 1213 3344 est
1253 3296 1418 3345 recto
1458 3303 1598 3345 casu
1636 3288 1725 3362 (ut
1765 3288 2086 3362 loquuntur
2125 3284 2533 3360 Grammatici)
2573 3295 2676 3345 aut
2713 3284 2879 3362 quod
2919 3282 3168 3361 obliquo
3188 3300 3327 3342 casu
3351 3282 3498 3359 Dei,

583 3365 750 3441 De0,
810 3364 887 3423 ad
943 3365 1171 3440 Deum,
1210 3374 1311 3424 aut
1349 3368 1386 3424 a
1425 3366 1561 3424 Deo
1600 3384 1728 3425 esse
1766 3364 1884 3425 dici
1924 3376 2150 3446 potest3
2191 3366 2356 3443 quod
2396 3364 2652 3442 denique
2691 3366 3014 3425 secundum
3056 3362 3286 3423 omneis
3329 3380 3497 3421 casus

584 3446 674 3516 (ut
714 3442 1129 3503 Grammaticis
1168 3445 1559 3521 appellantur)
1600 3461 1766 3503 suam
1800 3455 2024 3505 certam
2045 3446 2122 3505 ad
2143 3446 2340 3505 Deum
2360 3446 2540 3505 habet
2558 3444 2904 3504 relationem
2923 3442 3497 3518 ordinationemque.

585 3525 677 3581 Ac
716 3520 955 3601 proprie
994 3522 1233 3599 quidem
1271 3522 1730 3601 simpliciterque
1771 3525 1935 3583 Deus
1969 3524 2330 3604 subiectum,
2365 3542 2469 3585 seu
2501 3524 2746 3585 materia
2763 3533 2853 3584 est
2870 3522 3269 3600 Theologiae3
3289 3540 3494 3599 quem-

580 3602 910 3662 admodum
952 3602 1407 3679 vniuscuiusque
1446 3601 1753 3681 scientiae,
1794 3602 1919 3663 siue
1960 3603 2302 3682 disciplinae
2339 3622 2524 3665 vnum
2562 3602 2805 3681 aliquod
2825 3614 3052 3664 certum
3073 3600 3494 3678 definitumque

582 3682 912 3743 subiectum
928 3727 946 3760 ,
986 3680 1111 3742 siue
1152 3681 1455 3741 materiam
1494 3682 1697 3742 haberi
1734 3700 1974 3743 necesse
2014 3696 2120 3745 est.
2181 3683 2431 3745 Perinde
2473 3683 2631 3743 enim
2671 3682 3002 3744 subiectum
3041 3682 3102 3743 in
3141 3698 3495 3759 vnaquaque

580 3760 825 3822 scientia
883 3782 946 3822 se
992 3762 1072 3823 ad
1132 3760 1439 3822 scientiam
1497 3762 1707 3840 habet,
1759 3771 1825 3822 vt
1876 3762 2181 3824 obiectum
2224 3784 2288 3825 se
2325 3766 2506 3825 habet
2544 3764 2622 3825 ad
2663 3763 2990 3840 potentiam
3030 3763 3358 3823 naturalem
3399 3764 3496 3821 vel

579 3840 847 3902 habitum
889 3852 1174 3903 nostrum.
1238 3840 1485 3901 Constat
1524 3852 1720 3901 autem
1761 3842 1998 3919 proprie
2031 3843 2176 3903 illud
2205 3842 2507 3904 obiectum
2529 3843 2826 3922 potentiae
2855 3845 2980 3903 siue
3000 3840 3234 3903 habitus
3252 3840 3494 3901 humani

573 3920 855 3999 assignari
896 3923 1007 3983 sub
1051 3920 1214 3982 cuius
1253 3921 1481 3982 ratione
1522 3921 1724 3983 omnia
1760 3922 1837 3981 ad
1876 3938 2045 3983 suam
2085 3922 2411 4000 potentiam
2451 3924 2573 3984 siue
2613 3923 2883 3983 habitum
2917 3924 3270 3983 referuntur:
3292 3937 3495 3996 quem-

572 4001 900 4062 admodum
967 4000 1243 4093 (exempli
1302 4004 1501 4078 causa)
1562 4020 1759 4062 sermo
1813 4001 2152 4063 articulatus
2205 4007 2260 4063 &
2309 4005 2506 4081 fragor
2548 4004 2879 4063 referuntur
2915 4003 2996 4062 ad
3033 3998 3299 4059 auditum
3317 4043 3336 4078 ,
3377 4018 3495 4078 qua

572 4099 791 4141 sonora
855 4092 1019 4161 sunt,
1077 4099 1215 4158 quia
1276 4099 1457 4142 sonus
1516 4083 1611 4141 vel
1673 4101 1765 4141 res
1827 4100 2049 4143 sonora
2109 4086 2227 4159 qua
2287 4102 2506 4143 sonora
2547 4095 2667 4158 est,
2707 4080 3015 4162 proprium
3057 4091 3147 4139 est
3187 4078 3492 4140 obiectum

572 4159 807 4221 auditus
858 4160 1075 4220 nostri:
1130 4160 1509 4239 similiterque
1560 4162 1743 4221 homo
1794 4163 1849 4221 δι
1892 4162 2081 4223 bestia
2117 4164 2448 4223 referuntur
2481 4164 2556 4223 ad
2601 4161 2790 4223 visum
2807 4208 2824 4241 ,
2865 4178 2983 4239 qua
3023 4161 3290 4220 colorata
3327 4170 3494 4239 sunt,

578 4239 717 4317 quia
757 4242 926 4301 color
962 4242 1057 4300 vel
1097 4258 1189 4299 res
1231 4243 1496 4301 colorata
1534 4252 1623 4301 est
1664 4242 1966 4318 obJectum
2010 4242 2165 4302 visus
2205 4243 2410 4303 nostri.
2471 4243 2589 4302 Sed
2623 4241 2825 4302 omnia
2861 4251 3058 4300 tamen
3097 4238 3160 4299 in
3183 4240 3361 4299 Sacra
3381 4241 3494 4298 hac

584 4319 914 4399 Theologia
973 4329 1295 4381 tractantur
1355 4322 1466 4381 sub
1526 4318 1755 4381 ratione
1806 4320 1950 4403 Dei,
2007 4333 2284 4399 tanquam
2337 4322 2610 4402 propriae
2663 4320 2940 4382 materiae
2954 4364 2972 4399 ,
3011 4318 3394 4459 quaenagitur
3411 4318 3492 4409 ’in

3233 4417 3304 4460 eo
3326 4418 3493 4475 ogia:
