3923 4875
1367 349 1697 394 ‘russas
1758 347 2410 395 rnnorocrcsa.
3226 341 3334 417 285

406 515 594 576 semel
648 513 999 575 moriantur.
1066 531 1120 572 2.
1163 511 1446 572 Animam
1499 510 1740 589 corpori
1779 513 1818 570 a
1855 527 1979 589 quo
2019 521 2323 589 separatur
2356 529 2485 572 esse
2526 513 2913 591 superstitem.
2975 535 3031 592 3.
3074 515 3343 578 Eandem

405 593 662 656 essentia
703 611 809 654 sua
855 591 1367 671 incorruptibilem
1410 594 1466 653 &
1505 591 1899 652 immortalem
1943 609 2305 670 permanere.
2342 591 2499 654 Vide
2537 595 2734 654 Hebr.
2774 613 2829 673 9.
2878 610 2969 671 27.
3012 597 3090 656 ἐφ’
3124 615 3213 654 12.
3250 615 3341 674 23.

405 676 566 750 Ec(f.
613 676 924 750 1748)cles.
977 692 1072 734 12.
1117 693 1176 752 9.
1214 673 1440 734 Matth.
1487 689 1578 732 ro.
1627 675 1718 732 28.
1761 677 1942 751 Apoc.
1984 673 2043 732 6.
2086 691 2145 748 9.

498 775 555 816 2.
633 753 880 831 Triplex
923 753 1098 816 etiam
1140 762 1229 814 est
1273 751 1506 812 animae
1549 750 1698 812 ratio
1715 797 1732 828 ,
1773 769 1925 828 quae
1966 751 2167 812 venire
2200 750 2259 811 in
2279 750 2815 814 considerationem
2836 765 3051 832 potest.
3098 775 3147 814 r.
3168 767 3345 834 prout

409 845 500 894 est
542 833 788 913 corpori
831 833 1088 896 adunata
1129 833 1188 894 in
1231 845 1458 894 natura.
1504 852 1558 894 2.
1599 841 1778 910 prout
1817 843 1906 893 est
1943 841 2083 910 post
2122 841 2375 892 mortem
2414 835 2452 893 a
2490 851 2743 912 corpore
2764 846 3047 912 separata.
3088 854 3145 912 3.
3166 846 3342 914 prout

413 917 609 976 sutura
666 924 756 975 est
815 923 954 993 post
1013 912 1502 975 resurrectionem
1522 958 1540 990 ,
1593 911 1862 973 restituto
1911 931 2165 991 corpore
2223 911 2421 990 ipsius·
2482 915 2579 974 De
2616 913 2807 992 prima
2846 917 3031 976 ferme
3070 915 3343 976 dixerunt

413 1014 646 1056 omnes.
686 993 860 1054 tertia
899 994 1087 1072 magis
1127 992 1322 1072 optari
1359 1003 1558 1072 potest
1597 995 1778 1070 quam
1819 991 2118 1070 explicari.
2162 993 2498 1054 Secundam
2526 993 2727 1072 itaque
2760 995 3037 1058 hocloco
3058 996 3341 1058 sumimus

412 1074 917 1152 adumbrandam‚
959 1073 1200 1136 iuuante
1238 1072 1506 1134 Domino
1547 1075 1720 1134 Patre
1761 1071 2085 1152 Spirituum
2122 1073 2180 1132 &
2218 1073 2535 1135 Seruatore
2572 1084 2799 1136 nostro.

489 1173 548 1234 3.
630 1155 860 1215 Statum
902 1153 1136 1214 animae
1177 1157 1214 1216 a
1255 1171 1510 1232 corpore
1548 1163 1852 1231 separatae
1894 1171 2183 1214 vocamus
2219 1152 2627 1215 conditionem
2666 1154 2855 1234 illam,
2887 1153 2949 1216 in
2970 1173 3089 1232 qua
3108 1155 3341 1218 animae

409 1253 516 1297 seu
554 1233 802 1314 Spiritus
843 1232 1088 1297 humani
1127 1246 1262 1295 sunt
1279 1279 1296 1312 ,
1335 1233 1764 1313 tantisperdum
1806 1234 2061 1311 separati
2100 1252 2208 1312 per
2247 1243 2501 1294 mortem
2530 1254 2567 1295 a
2596 1234 2715 1296 suis
2734 1235 3087 1314 corporibus
3106 1239 3339 1298 absunt.

409 1315 593 1378 Cuius
635 1325 818 1377 status
855 1316 952 1376 vel
994 1313 1356 1376 conditionis
1405 1315 1756 1376 obseruatur
1795 1313 1947 1375 ratio
1984 1313 2046 1374 in
2088 1314 2275 1374 modo
2317 1315 2373 1374 &
2412 1314 2869 1376 circunstantiis:
2908 1317 3125 1396 modo,
3165 1319 3337 1378 aflec-

409 1397 586 1458 tionis
638 1399 695 1458 &
751 1393 1006 1456 actionis
1042 1397 1364 1456 humanae:
1407 1393 1857 1456 circunstantiis
1897 1398 2046 1455 vcro
2087 1393 2209 1456 loci
2248 1397 2305 1456 &
2344 1394 2651 1474 temporis:
2693 1413 2846 1474 quae
2922 1398 3075 1459 duae
3112 1395 3338 1458 circun-

414 1475 660 1538 stantiae
701 1477 782 1536 ad
821 1475 1078 1556 singulas
1119 1495 1211 1537 res
1251 1485 1475 1536 creatas
1509 1473 1826 1552 pertinent.

489 1577 546 1630 4.
627 1555 885 1617 Affectio
941 1555 1269 1616 animarum
1317 1565 1456 1634 post
1493 1565 1749 1616 mortem
1789 1557 1826 1616 a
1865 1573 2121 1634 corpore
2162 1553 2493 1616 absentium
2534 1565 2625 1616 est
2664 1557 2902 1634 duplex.
2942 1568 3123 1626 prout
3176 1558 3337 1620 enim

408 1635 507 1696 hic
547 1637 670 1698 duo
711 1647 852 1698 sunt
889 1635 1200 1697 hominum
1243 1654 1486 1714 genera3
1542 1635 1808 1715 piorum,
1849 1636 1952 1712 qui
1994 1635 2167 1696 electi
2204 1637 2283 1696 ab
2322 1646 2567 1696 aeterno
2602 1638 2854 1698 credunt
2874 1637 2935 1699 in
2956 1637 3257 1700 Christum
3274 1639 3335 1700 in

407 1717 523 1778 hac
574 1715 728 1796 vita,
764 1717 821 1778 &
859 1715 922 1776 in
962 1716 1228 1777 Domino
1273 1715 1630 1776 moriuntur:
1672 1713 1993 1793 impiorum
2010 1761 2027 1792 ,
2070 1715 2173 1792 qui
2212 1715 2519 1776 electionis
2558 1727 2829 1794 expertes
2870 1729 3115 1780 manent
3152 1719 3338 1780 incre-

409 1797 564 1878 duli3
605 1796 692 1858 sic
731 1796 793 1857 in
835 1798 1022 1858 altero
1061 1797 1166 1858 illo
1205 1798 1407 1857 seculo
1447 1797 1668 1874 duplex
1705 1796 2041 1856 animarum
2080 1806 2170 1858 est
2206 1796 2476 1858 affectio:
2508 1797 2771 1858 fidelium
2792 1797 3057 1860 conditio
3076 1799 3337 1879 gloriosa

411 1879 467 1938 &
507 1875 679 1954 felix,
719 1876 1048 1938 infidelium
1085 1895 1230 1938 vero
1267 1875 1667 1955 ignominiosa
1703 1875 2055 1955 miseraque.

489 1973 544 2036 5.
624 1955 900 2018 Felicitas
939 1955 1268 2018 animarum
1309 1956 1572 2017 fidelium
1607 1955 1670 2016 in
1711 1975 1786 2018 eo
1827 1954 2127 2034 consistit,
2167 1957 2333 2034 quOd
2376 1955 2803 2034 perfectionem
2843 1957 2991 2020 boni
3008 1962 3337 2022 naturalem

409 2041 482 2100 &·
507 2039 1015 2116 supernaturalem
1053 2037 1242 2098 modo
1283 2037 1706 2115 supernaturali
1745 2035 2051 2098 obtinent:
2095 2036 2157 2096 id
2194 2045 2284 2096 est
2323 2039 2459 2096 cum
2483 2039 2649 2114 quod
2668 2040 2745 2100 ab
2764 2039 2931 2100 omni
2950 2042 3109 2102 malo
3130 2043 3339 2120 culpae

408 2121 464 2180 &
506 2137 737 2196 poenae
779 2128 916 2179 sunt
955 2116 1205 2197 liberae,
1245 2129 1424 2195 prout
1464 2117 1706 2194 dicitur,
1744 2116 2003 2178 Animae
2041 2116 2328 2178 iustorum
2370 2126 2506 2177 sunt
2542 2117 2603 2177 in
2632 2137 2813 2192 manu
2844 2119 2992 2200 Dei,
3012 2131 3077 2180 vt
3098 2121 3339 2182 minime

405 2198 656 2277 attingat
713 2215 821 2260 eos
879 2197 1206 2259 cruciatus:
1263 2197 1408 2277 Sap.
1452 2215 1510 2274 3.
1556 2215 1608 2259 1.
1650 2198 1706 2257 81
1745 2197 1917 2276 alibi,
1958 2199 2101 2259 Non
2140 2196 2399 2256 esurient
2437 2215 2633 2274 neque
2672 2197 2867 2261 sitient
2904 2201 3187 2278 amplius,
3226 2206 3338 2262 διο.

407 2281 655 2360 Apocal.
702 2299 751 2338 r.
797 2294 854 2354 7.
902 2280 994 2338 16.
1054 2289 1182 2338 tum
1225 2277 1390 2356 quod
1439 2279 1712 2338 fruuntur
1762 2295 1997 2339 summo
2044 2279 2243 2354 bono,
2296 2279 2415 2337 hoc
2464 2289 2583 2354 est,
2624 2281 3051 2342 communione
3091 2280 3238 2361 Dei,
3280 2283 3336 2342 &

403 2358 628 2439 gloriae
689 2357 846 2418 illius
905 2367 1192 2436 perpetua
1245 2357 1749 2436 contemplatione
1763 2401 1782 2439 ,
1841 2361 1899 2419 &
1952 2357 2169 2419 iustitia
2216 2357 2455 2434 vitaque
2505 2369 2801 2420 aeternae:
2842 2359 3057 2439 quibus
3096 2361 3332 2422 animae

407 2440 702 2500 adunatae
761 2456 898 2500 cum
954 2437 1194 2500 Christo
1249 2439 1444 2517 capite
1483 2456 1594 2501 suo
1635 2437 1941 2518 potiuntur
1981 2440 2141 2518 apud
2180 2440 2377 2499 Deum
2421 2440 2654 2499 Patrem
2696 2440 2755 2500 in
2799 2442 3021 2503 vnitate
3059 2442 3336 2522 SpirituS,

407 2518 510 2598 qui
551 2528 640 2580 est
680 2518 927 2597 Spiritus
967 2518 1120 2580 vitae
1135 2564 1153 2597 ,
1194 2520 1250 2579 &
1291 2519 1512 2581 vnitate
1551 2520 1822 2598 corporis
1839 2565 1856 2600 ,
1897 2520 2065 2599 quod
2104 2528 2193 2581 est
2231 2518 2500 2579 Ecclesia
2538 2518 2805 2581 caelestis
2820 2568 2838 2601 ,
2872 2520 3011 2582 hinc
3050 2522 3163 2584 illis
3201 2542 3337 2601 gau-

406 2598 573 2660 dium
611 2598 944 2677 ineffabile,
982 2602 1038 2661 81
1077 2598 1429 2661 immortalis
1465 2599 1676 2693 gloria.

488 2681 548 2741 6.
628 2682 817 2740 Hunc
857 2690 1058 2740 autem
1099 2689 1346 2759 statum,
1401 2698 1542 2758 qma
1580 2690 1741 2741 totus
1781 2678 2096 2759 spiritualis
2137 2688 2226 2740 est
2244 2724 2263 2760 ,
2304 2680 2359 2739 δε
2400 2694 2576 2757 supra
2614 2680 2771 2741 hanc
2808 2692 3107 2761 naturam,
3147 2690 3339 2761 eoque

403 2758 582 2822 nobis
636 2760 698 2820 in
761 2778 942 2820 carne
1010 2758 1656 2837 incomprehensibilis,
1715 2762 1880 2821 Deus
1936 2778 2046 2838 pro
2109 2776 2215 2821 sua
2268 2756 2536 2819 bonitate
2590 2760 2764 2821 variis
2803 2761 2999 2823 modis
3039 2766 3095 2825 &
3138 2781 3335 2825 rerum

405 2838 830 2919 temporalium
895 2839 1384 2918 terrestriumque
1443 2838 1786 2901 nominibus
1833 2839 2153 2901 delineauit
2208 2838 2269 2899 in
2307 2839 2495 2900 verbo
2536 2856 2665 2902 suo,
2706 2852 2955 2903 vocatur
2992 2843 3153 2904 enim
3194 2864 3333 2921 pos-

405 2920 591 2982 sessio
631 2919 802 2998 regni
843 2921 1186 2998 coelorum,
1226 2924 1412 2982 Matr.
1457 2940 1486 2979 2
1496 2935 1550 2998 5.
1592 2940 1689 2997 34.
1731 2920 1996 3000 requieS,
2036 2920 2234 2981 Hebr.
2256 2939 2313 2993 4.
2344 2938 2434 2980 ro.
2456 2920 2534 2979 ἐφ’
2558 2940 2650 2981 11.
2686 2922 2953 2984 caelestis
2972 2924 3333 3003 haereditas,

413 3020 464 3061 1.
495 3002 655 3063 Petr.
697 3018 750 3061 1.
786 3018 844 3074 4.
888 3018 1116 3061 corona
1157 2999 1403 3077 gloriae.
1455 3020 1508 3061 r.
1539 3002 1705 3061 Petr.
1745 3017 1798 3079 5.
1833 3020 1892 3075 4.
1945 3010 2127 3078 atque
2166 2997 2266 3059 hic
2306 3008 2488 3059 status
2528 3000 2795 3061 omnium
2836 3004 3097 3065 fidelium
3139 3004 3334 3083 specie

404 3078 739 3142 communis
765 3090 854 3141 est
871 3125 889 3159 ,
925 3080 1325 3158 omnibusque
1346 3079 1675 3161 sufficiens;
1695 3090 2103 3142 verumtamen
2126 3080 2395 3159 diuersus
2413 3080 2601 3157 gradu
2620 3100 2733 3142 nec
2752 3083 3015 3160 aequalis
3038 3085 3335 3147 omnibus.

405 3162 560 3221 Nam
603 3162 669 3220 in
712 3162 900 3223 domo
937 3158 1129 3221 Patris
1171 3170 1308 3221 sunt
1347 3160 1690 3222 mansiones
1727 3164 1981 3238 multae,
2022 3160 2149 3221 siue
2188 3158 2504 3237 stationes,
2546 3171 2609 3220 vt
2641 3163 2925 3223 membris
2954 3163 3013 3224 in
3048 3182 3336 3243 corpore,

405 3240 702 3320 lapidibus
739 3239 802 3300 in
849 3240 1038 3302 domo
1111 3240 1362 3319 gemmis
1404 3240 1464 3302 in
1501 3242 1758 3319 templo,
1799 3240 2031 3302 ciuibus
2072 3240 2135 3299 in
2169 3240 2407 3301 ciuitate
2435 3241 2755 3303 Ierusalem
2788 3244 3060 3305 caelesti:
3102 3248 3157 3305 δι
3185 3245 3333 3323 varij

403 3321 622 3399 gradus
683 3319 950 3382 caelestis
1011 3284 1237 3399 gloriae
1261 3366 1278 3400 ,
1340 3338 1493 3399 quos
1533 3322 1696 3383 Deus
1737 3340 1848 3415 pro
1891 3318 2271 3415 beneplacito
2312 3336 2444 3411 suo·
2461 3319 2574 3398 piis
2616 3321 2914 3384 distribuit
2950 3322 3335 3402 inaequaliter

403 3413 713 3479 tamquam
753 3399 938 3461 stellis
977 3400 1040 3460 in
1081 3401 1250 3461 caelo
1273 3445 1292 3479 ,
1354 3404 1410 3463 &
1451 3400 1703 3481 gemmis
1743 3421 1806 3463 m
1845 3402 2119 3462 Sacrario
2160 3399 2322 3460 varie
2363 3400 2755 3463 meantibus:
2818 3412 2995 3483 prout
3034 3404 3135 3465 hic
3172 3404 3335 3466 dona

404 3480 628 3561 gratiae
668 3490 758 3542 est
797 3480 1114 3542 admensus
1153 3480 1316 3542 varie
1330 3526 1349 3559 ,
1408 3482 1465 3543 &
1514 3480 1725 3543 officiis
1777 3500 1850 3542 ac
1898 3479 2379 3559 perpessionibus
2428 3478 2814 3558 inaequaliter
2863 3503 2967 3546 eos
3004 3484 3333 3547 exornauit.

406 3562 562 3623 Vide
599 3564 816 3701 {dmum
863 3581 955 3637 14.
1004 3580 1055 3622 1.
1095 3562 1322 3623 Matth.
1365 3582 1455 3641 19.
1481 3564 1574 3623 28.
1610 3564 1666 3621 &
1705 3582 1797 3623 20.
1824 3579 1918 3639 23.
1961 3564 2131 3623 Dan.
2158 3578 2326 3637 12.3.
2358 3580 2407 3621 1.
2455 3560 2719 3625 Corinth.
2760 3582 2815 3641 3.
2846 3584 2938 3639 14.
2964 3584 3019 3627 2.
3064 3566 3329 3627 Corinth.

449 3686 464 3703 .
499 3644 560 3703 6.
703 3644 851 3703 ocal.
887 3660 982 3703 21.
1023 3660 1117 3703 ro.

404 3662 444 3721 9
489 3740 545 3797 7.
625 3653 910 3783 fictiones
967 3720 1230 3782 fidelium
1294 3720 1628 3784 animarum
1691 3726 1842 3799 (non
1889 3722 2051 3785 enim
2090 3732 2227 3783 sunt
2266 3718 2385 3781 illic
2426 3720 2602 3813 plane
2642 3722 2903 3802 otiosae,
2962 3742 3161 3803 neque
3198 3724 3333 3785 dor-

401 3802 592 3862 miunt
612 3847 630 3879 ‚
691 3812 756 3863 vt
807 3800 1108 3881 phanatici
1159 3812 1370 3864 contra
1411 3820 1753 3884 expressum
1795 3802 1912 3864 Dei
1952 3804 2203 3865 verbum
2243 3804 2301 3862 &
2339 3799 2659 3893 Spirituum
2698 3814 2967 3865 naturam
3006 3805 3335 3887 somniant)

398 3882 458 3942 in
512 3880 710 3975 quiete
761 3879 1022 3960 ipsarum
1075 3891 1248 3963 sunt,
1310 3884 1476 3961 quod
1526 3883 1898 3960 quiescentes
1951 3886 1989 3943 a
2036 3883 2155 3944 suis
2208 3882 2515 3943 labonbus
2568 3884 2769 3945 Deum
2823 3886 3101 3965 laudant,
3160 3886 3335 3963 eique

396 3972 612 4041 gratlas
673 3960 1076 4023 indesinenter
1137 3972 1322 4055 agunt
1340 4008 1359 4043 ,
1419 3972 1828 4043 exspectantes
1889 3963 2055 4043 regni
2109 3960 2330 4025 Christi
2383 3964 2963 4027 consummationem
2985 4010 3003 4045 ,
3061 3975 3335 4045 optantes

395 4040 822 4122 perfectionem
862 4042 1134 4121 corporis
1178 4040 1333 4104 illius
1351 4089 1370 4122 ,
1410 4047 1466 4104 &
1506 4061 1830 4123 corporum
1867 4060 2113 4105 suorum
2148 4040 2473 4125 gloriosam
2508 4045 3001 4107 resurrectionem
3032 4048 3111 4107 ad
3148 4046 3330 4107 vitam

397 4134 722 4185 aeternam.
761 4122 1013 4202 Apocal.
1039 4141 1131 4197 14.
1161 4142 1186 4182 1
1199 4141 1256 4199 3.
1316 4126 1518 4201 Atque
1559 4126 1710 4185 baec
1747 4124 2110 4203 exspectatio
2148 4123 2297 4185 nihil
2340 4119 2417 4181 de
2462 4123 2741 4187 felicitate
2780 4126 3013 4187 illarum
3052 4126 3335 4207 derogat,

400 4202 539 4281 quia
595 4204 833 4281 plenam
893 4202 1090 4281 specie
1153 4206 1208 4263 &
1271 4204 1515 4264 veritate
1536 4249 1556 4284 ,
1613 4204 1753 4265 licet
1804 4223 1927 4267 non
1970 4206 2151 4283 pleno
2192 4201 2381 4284 gradu
2422 4199 2485 4262 in
2526 4224 2785 4284 persona
2822 4216 2951 4268 tota
2990 4205 3335 4269 felicitatem

403 4280 734 4363 possident:
771 4284 936 4360 quod
981 4281 1160 4344 etiam
1204 4292 1581 4365 exspectant,
1646 4294 1816 4346 certo
1855 4284 2075 4347 certius
2113 4290 2409 4347 nouerunt
2428 4326 2448 4361 ,
2512 4288 2568 4347 &
2610 4304 2928 4367 persuasae
2970 4298 3106 4349 sunt
3144 4287 3331 4347 adim-

401 4364 632 4444 pletum
671 4362 742 4424 iri
779 4362 994 4424 virtute
1033 4360 1172 4425 Dei.

2992 4450 3047 4508 8.
3128 4448 3333 4507 Locus
