<?xml version="1.0" encoding="UTF-8"?>
<!DOCTYPE html PUBLIC "-//W3C//DTD XHTML 1.0 Transitional//EN"
    "http://www.w3.org/TR/xhtml1/DTD/xhtml1-transitional.dtd">
<html xmlns="http://www.w3.org/1999/xhtml" xml:lang="en" lang="en">
 <head>
  <title>
</title>
<meta http-equiv="Content-Type" content="text/html;charset=utf-8" />
  <meta name='ocr-system' content='tesseract 3.04.00' />
  <meta name='ocr-capabilities' content='ocr_page ocr_carea ocr_par ocr_line ocrx_word'/>
</head>
<body>
  <div class='ocr_page' id='page_1' title='image "./dfranciscijunii00junigoog_0248.png"; bbox 0 0 3923 4875; ppageno 0'>
   <div class='ocr_carea' id='block_1_1' title="bbox 1377 371 3347 418">
    <p class='ocr_par' dir='ltr' id='par_1_1' title="bbox 1377 371 3347 418">
     <span class='ocr_line' id='line_1_1' title="bbox 1377 371 3347 418; baseline -0.003 -2"><span class='ocrx_word' id='word_1_1' title='bbox 1377 373 1700 418; x_wconf 64' lang='lat' dir='ltr'>THESES</span> <span class='ocrx_word' id='word_1_2' title='bbox 1761 371 2417 416; x_wconf 64' lang='lat' dir='ltr'><strong>Tffzonoclcat.</strong></span> <span class='ocrx_word' id='word_1_3' title='bbox 3242 373 3347 412; x_wconf 78' lang='lat'><strong>221</strong></span> 
     </span>
    </p>
   </div>
   <div class='ocr_carea' id='block_1_2' title="bbox 416 533 3359 2295">
    <p class='ocr_par' dir='ltr' id='par_1_2' title="bbox 416 533 3356 1101">
     <span class='ocr_line' id='line_1_2' title="bbox 511 533 3345 616; baseline -0.002 -18"><span class='ocrx_word' id='word_1_4' title='bbox 511 557 600 614; x_wconf 87' lang='lat'><strong>17.</strong></span> <span class='ocrx_word' id='word_1_5' title='bbox 682 541 946 616; x_wconf 87' lang='lat' dir='ltr'>Ideoque</span> <span class='ocrx_word' id='word_1_6' title='bbox 984 541 1064 598; x_wconf 86' lang='lat' dir='ltr'><strong>ab</strong></span> <span class='ocrx_word' id='word_1_7' title='bbox 1101 549 1236 598; x_wconf 85' lang='lat' dir='ltr'><strong>actu</strong></span> <span class='ocrx_word' id='word_1_8' title='bbox 1273 535 1622 597; x_wconf 85' lang='lat' dir='ltr'><strong>iustificandi</strong></span> <span class='ocrx_word' id='word_1_9' title='bbox 1659 535 2002 596; x_wconf 86' lang='lat' dir='ltr'><strong>charitatem</strong></span> <span class='ocrx_word' id='word_1_10' title='bbox 2044 537 2099 596; x_wconf 76' lang='grc' dir='ltr'><strong>δι</strong></span> <span class='ocrx_word' id='word_1_11' title='bbox 2138 535 2279 596; x_wconf 87' lang='lat' dir='ltr'><strong>alias</strong></span> <span class='ocrx_word' id='word_1_12' title='bbox 2318 533 2559 594; x_wconf 82' lang='lat' dir='ltr'><strong>virtutes</strong></span> <span class='ocrx_word' id='word_1_13' title='bbox 2592 533 2959 594; x_wconf 79' lang='lat' dir='ltr'>excludimus</span> <span class='ocrx_word' id='word_1_14' title='bbox 2981 578 2997 607; x_wconf 68' lang='lat'>,</span> <span class='ocrx_word' id='word_1_15' title='bbox 3034 552 3155 593; x_wconf 83' lang='lat' dir='ltr'><strong>non</strong></span> <span class='ocrx_word' id='word_1_16' title='bbox 3179 533 3345 610; x_wconf 88' lang='lat' dir='ltr'><strong>quod</strong></span> 
     </span>
     <span class='ocr_line' id='line_1_3' title="bbox 423 612 3351 694; baseline -0.002 -16"><span class='ocrx_word' id='word_1_17' title='bbox 423 619 574 679; x_wconf 87' lang='lat' dir='ltr'><strong>fides</strong></span> <span class='ocrx_word' id='word_1_18' title='bbox 633 619 708 680; x_wconf 90' lang='lat' dir='ltr'><strong>sit</strong></span> <span class='ocrx_word' id='word_1_19' title='bbox 765 621 893 679; x_wconf 89' lang='lat' dir='ltr'><strong>sola</strong></span> <span class='ocrx_word' id='word_1_20' title='bbox 910 665 927 694; x_wconf 79' lang='lat'>,</span> <span class='ocrx_word' id='word_1_21' title='bbox 983 619 1046 680; x_wconf 88' lang='lat' dir='ltr'><strong>id</strong></span> <span class='ocrx_word' id='word_1_22' title='bbox 1101 630 1188 678; x_wconf 87' lang='lat' dir='ltr'><strong>est</strong></span> <span class='ocrx_word' id='word_1_23' title='bbox 1249 617 1439 678; x_wconf 86' lang='lat' dir='ltr'><strong>otiosa</strong></span> <span class='ocrx_word' id='word_1_24' title='bbox 1486 619 1546 678; x_wconf 75' lang='grc' dir='ltr'><strong>δι</strong></span> <span class='ocrx_word' id='word_1_25' title='bbox 1599 627 1862 688; x_wconf 79' lang='lat' dir='ltr'><strong>mortua,</strong></span> <span class='ocrx_word' id='word_1_26' title='bbox 1903 615 2009 674; x_wconf 84' lang='lat' dir='ltr'><strong>sed</strong></span> <span class='ocrx_word' id='word_1_27' title='bbox 2050 617 2213 692; x_wconf 82' lang='lat' dir='ltr'><strong>quod</strong></span> <span class='ocrx_word' id='word_1_28' title='bbox 2258 615 2529 674; x_wconf 85' lang='lat' dir='ltr'><strong>iustificet</strong></span> <span class='ocrx_word' id='word_1_29' title='bbox 2566 615 2695 676; x_wconf 86' lang='lat' dir='ltr'><strong>sola</strong></span> <span class='ocrx_word' id='word_1_30' title='bbox 2730 612 3251 674; x_wconf 79' lang='lat' dir='ltr'><strong>instrumentaliter</strong></span> <span class='ocrx_word' id='word_1_31' title='bbox 3296 615 3351 672; x_wconf 85' lang='lat'>&amp;</span> 
     </span>
     <span class='ocr_line' id='line_1_4' title="bbox 425 691 3356 775; baseline -0.002 -17"><span class='ocrx_word' id='word_1_32' title='bbox 425 699 882 775; x_wconf 63' lang='lat' dir='ltr'><strong>metonymiccivc.</strong></span> <span class='ocrx_word' id='word_1_33' title='bbox 920 702 1119 775; x_wconf 84' lang='lat' dir='ltr'>Atque</span> <span class='ocrx_word' id='word_1_34' title='bbox 1159 699 1298 758; x_wconf 76' lang='lat' dir='ltr'><strong>cum</strong></span> <span class='ocrx_word' id='word_1_35' title='bbox 1340 695 1873 758; x_wconf 88' lang='lat' dir='ltr'><strong>Sanctificationem</strong></span> <span class='ocrx_word' id='word_1_36' title='bbox 1914 697 1971 754; x_wconf 73' lang='grc' dir='ltr'><strong>ὅτ</strong></span> <span class='ocrx_word' id='word_1_37' title='bbox 2014 697 2174 755; x_wconf 87' lang='lat' dir='ltr'><strong>bona</strong></span> <span class='ocrx_word' id='word_1_38' title='bbox 2216 712 2400 772; x_wconf 86' lang='lat' dir='ltr'><strong>opera</strong></span> <span class='ocrx_word' id='word_1_39' title='bbox 2440 699 2477 754; x_wconf 78' lang='lat' dir='ltr'><strong>a</strong></span> <span class='ocrx_word' id='word_1_40' title='bbox 2517 693 2707 754; x_wconf 86' lang='lat' dir='ltr'><strong>causis</strong></span> <span class='ocrx_word' id='word_1_41' title='bbox 2752 691 3175 753; x_wconf 76' lang='lat' dir='ltr'><strong>iustificationis</strong></span> <span class='ocrx_word' id='word_1_42' title='bbox 3220 692 3356 753; x_wconf 86' lang='lat' dir='ltr'><strong>alie-</strong></span> 
     </span>
     <span class='ocr_line' id='line_1_5' title="bbox 427 772 3356 854; baseline -0.002 -16"><span class='ocrx_word' id='word_1_43' title='bbox 427 797 662 850; x_wconf 69' lang='lat' dir='ltr'><strong>namus,</strong></span> <span class='ocrx_word' id='word_1_44' title='bbox 704 798 826 840; x_wconf 89' lang='lat' dir='ltr'><strong>non</strong></span> <span class='ocrx_word' id='word_1_45' title='bbox 867 777 1150 840; x_wconf 81' lang='lat' dir='ltr'><strong>continuo</strong></span> <span class='ocrx_word' id='word_1_46' title='bbox 1189 780 1368 853; x_wconf 67' lang='lat' dir='ltr'><strong>haec,</strong></span> <span class='ocrx_word' id='word_1_47' title='bbox 1411 794 1564 854; x_wconf 82' lang='lat' dir='ltr'><strong>quae</strong></span> <span class='ocrx_word' id='word_1_48' title='bbox 1603 773 1912 836; x_wconf 84' lang='lat' dir='ltr'><strong>indiuiduo</strong></span> <span class='ocrx_word' id='word_1_49' title='bbox 1953 791 2109 836; x_wconf 81' lang='lat' dir='ltr'><strong>nexu</strong></span> <span class='ocrx_word' id='word_1_50' title='bbox 2151 774 2303 834; x_wconf 87' lang='lat' dir='ltr'><strong>inter</strong></span> <span class='ocrx_word' id='word_1_51' title='bbox 2342 793 2405 834; x_wconf 87' lang='lat' dir='ltr'><strong>se</strong></span> <span class='ocrx_word' id='word_1_52' title='bbox 2447 776 2769 834; x_wconf 84' lang='lat' dir='ltr'>cohaerent</span> <span class='ocrx_word' id='word_1_53' title='bbox 2812 772 3177 848; x_wconf 74' lang='lat' dir='ltr'><strong>diuellimus‚</strong></span> <span class='ocrx_word' id='word_1_54' title='bbox 3220 775 3275 831; x_wconf 73' lang='grc' dir='ltr'><strong>δι</strong></span> <span class='ocrx_word' id='word_1_55' title='bbox 3318 777 3356 832; x_wconf 76' lang='grc' dir='ltr'><strong>ὲ.</strong></span> 
     </span>
     <span class='ocr_line' id='line_1_6' title="bbox 427 853 3354 938; baseline -0.002 -19"><span class='ocrx_word' id='word_1_56' title='bbox 427 859 749 919; x_wconf 78' lang='lat' dir='ltr'><strong>iustificatis</strong></span> <span class='ocrx_word' id='word_1_57' title='bbox 791 860 1084 938; x_wconf 80' lang='lat' dir='ltr'><strong>tollimuS‚</strong></span> <span class='ocrx_word' id='word_1_58' title='bbox 1127 857 1384 935; x_wconf 87' lang='lat' dir='ltr'><strong>peccatis</strong></span> <span class='ocrx_word' id='word_1_59' title='bbox 1425 861 1512 933; x_wconf 85' lang='lat' dir='ltr'><strong>(vt</strong></span> <span class='ocrx_word' id='word_1_60' title='bbox 1555 875 1668 917; x_wconf 87' lang='lat' dir='ltr'><strong>nos</strong></span> <span class='ocrx_word' id='word_1_61' title='bbox 1708 855 2089 934; x_wconf 84' lang='lat' dir='ltr'><strong>impudentur</strong></span> <span class='ocrx_word' id='word_1_62' title='bbox 2130 854 2585 932; x_wconf 78' lang='lat' dir='ltr'>calumniantur)</span> <span class='ocrx_word' id='word_1_63' title='bbox 2627 857 2791 914; x_wconf 83' lang='lat' dir='ltr'><strong>frena</strong></span> <span class='ocrx_word' id='word_1_64' title='bbox 2830 855 3119 912; x_wconf 83' lang='lat' dir='ltr'><strong>laxantes:</strong></span> <span class='ocrx_word' id='word_1_65' title='bbox 3162 853 3269 913; x_wconf 90' lang='lat' dir='ltr'><strong>sed</strong></span> <span class='ocrx_word' id='word_1_66' title='bbox 3292 865 3354 913; x_wconf 87' lang='lat' dir='ltr'><strong>vt</strong></span> 
     </span>
     <span class='ocr_line' id='line_1_7' title="bbox 429 934 3351 1016; baseline -0.003 -16"><span class='ocrx_word' id='word_1_67' title='bbox 429 939 639 1000; x_wconf 84' lang='lat' dir='ltr'><strong>effecta</strong></span> <span class='ocrx_word' id='word_1_68' title='bbox 695 943 735 1000; x_wconf 75' lang='lat' dir='ltr'><strong>a</strong></span> <span class='ocrx_word' id='word_1_69' title='bbox 791 939 982 999; x_wconf 87' lang='lat' dir='ltr'><strong>causis</strong></span> <span class='ocrx_word' id='word_1_70' title='bbox 1041 939 1362 1016; x_wconf 83' lang='lat' dir='ltr'><strong>prudenter</strong></span> <span class='ocrx_word' id='word_1_71' title='bbox 1417 934 1857 1014; x_wconf 87' lang='lat' dir='ltr'><strong>distinguimus;</strong></span> <span class='ocrx_word' id='word_1_72' title='bbox 1919 946 1983 994; x_wconf 85' lang='lat' dir='ltr'><strong>vt</strong></span> <span class='ocrx_word' id='word_1_73' title='bbox 2031 939 2192 996; x_wconf 76' lang='lat' dir='ltr'><strong>recte</strong></span> <span class='ocrx_word' id='word_1_74' title='bbox 2246 947 2447 997; x_wconf 88' lang='lat' dir='ltr'><strong>monet</strong></span> <span class='ocrx_word' id='word_1_75' title='bbox 2493 937 2741 1012; x_wconf 81' lang='lat' dir='ltr'><strong>August.</strong></span> <span class='ocrx_word' id='word_1_76' title='bbox 2801 935 2979 993; x_wconf 85' lang='lat' dir='ltr'><strong>Bona</strong></span> <span class='ocrx_word' id='word_1_77' title='bbox 3018 941 3199 1010; x_wconf 79' lang='lat' dir='ltr'><strong>opera</strong></span> <span class='ocrx_word' id='word_1_78' title='bbox 3236 953 3351 992; x_wconf 84' lang='lat' dir='ltr'><strong>non</strong></span> 
     </span>
     <span class='ocr_line' id='line_1_8' title="bbox 416 1017 2226 1101; baseline -0.002 -25"><span class='ocrx_word' id='word_1_79' title='bbox 416 1022 786 1101; x_wconf 81' lang='lat' dir='ltr'><strong>praecedunt</strong></span> <span class='ocrx_word' id='word_1_80' title='bbox 820 1020 1252 1087; x_wconf 71' lang='lat' dir='ltr'><strong>iustificandum</strong></span> <span class='ocrx_word' id='word_1_81' title='bbox 1268 1063 1284 1094; x_wconf 79' lang='grc'><em>,</em></span> <span class='ocrx_word' id='word_1_82' title='bbox 1325 1019 1434 1077; x_wconf 83' lang='lat' dir='ltr'><strong>sed</strong></span> <span class='ocrx_word' id='word_1_83' title='bbox 1470 1024 1792 1093; x_wconf 76' lang='lat' dir='ltr'><strong>sequuntur</strong></span> <span class='ocrx_word' id='word_1_84' title='bbox 1828 1017 2226 1092; x_wconf 64' lang='lat' dir='ltr'><strong>iustfflcamne.</strong></span> 
     </span>
    </p>

    <p class='ocr_par' dir='ltr' id='par_1_3' title="bbox 429 1091 3355 1496">
     <span class='ocr_line' id='line_1_9' title="bbox 519 1091 3349 1175; baseline -0.003 -17"><span class='ocrx_word' id='word_1_85' title='bbox 519 1104 608 1159; x_wconf 86' lang='lat'><strong>18.</strong></span> <span class='ocrx_word' id='word_1_86' title='bbox 688 1101 768 1159; x_wconf 90' lang='lat' dir='ltr'><strong>Et</strong></span> <span class='ocrx_word' id='word_1_87' title='bbox 815 1099 952 1159; x_wconf 91' lang='lat' dir='ltr'><strong>licet</strong></span> <span class='ocrx_word' id='word_1_88' title='bbox 991 1097 1290 1175; x_wconf 82' lang='lat' dir='ltr'><strong>homines,</strong></span> <span class='ocrx_word' id='word_1_89' title='bbox 1345 1096 1564 1174; x_wconf 86' lang='lat' dir='ltr'><strong>Spiritu</strong></span> <span class='ocrx_word' id='word_1_90' title='bbox 1607 1094 1722 1155; x_wconf 91' lang='lat' dir='ltr'><strong>Dei</strong></span> <span class='ocrx_word' id='word_1_91' title='bbox 1763 1096 2119 1174; x_wconf 78' lang='lat' dir='ltr'><strong>regenerati,</strong></span> <span class='ocrx_word' id='word_1_92' title='bbox 2158 1095 2417 1172; x_wconf 83' lang='lat' dir='ltr'><strong>aliquam</strong></span> <span class='ocrx_word' id='word_1_93' title='bbox 2458 1111 2705 1172; x_wconf 90' lang='lat' dir='ltr'><strong>operum</strong></span> <span class='ocrx_word' id='word_1_94' title='bbox 2746 1091 3020 1152; x_wconf 86' lang='lat' dir='ltr'><strong>iustitiam</strong></span> <span class='ocrx_word' id='word_1_95' title='bbox 3062 1093 3349 1171; x_wconf 87' lang='lat' dir='ltr'><strong>habeant,</strong></span> 
     </span>
     <span class='ocr_line' id='line_1_10' title="bbox 429 1171 3355 1253; baseline -0.003 -14"><span class='ocrx_word' id='word_1_96' title='bbox 429 1199 502 1239; x_wconf 90' lang='lat' dir='ltr'><strong>ea</strong></span> <span class='ocrx_word' id='word_1_97' title='bbox 561 1191 761 1240; x_wconf 88' lang='lat' dir='ltr'><strong>tamen</strong></span> <span class='ocrx_word' id='word_1_98' title='bbox 820 1179 950 1239; x_wconf 87' lang='lat' dir='ltr'><strong>talis</strong></span> <span class='ocrx_word' id='word_1_99' title='bbox 1010 1199 1082 1238; x_wconf 89' lang='lat' dir='ltr'><strong>ac</strong></span> <span class='ocrx_word' id='word_1_100' title='bbox 1137 1189 1301 1238; x_wconf 87' lang='lat' dir='ltr'><strong>tanta</strong></span> <span class='ocrx_word' id='word_1_101' title='bbox 1357 1196 1480 1236; x_wconf 90' lang='lat' dir='ltr'><strong>non</strong></span> <span class='ocrx_word' id='word_1_102' title='bbox 1533 1187 1652 1253; x_wconf 76' lang='lat' dir='ltr'><strong>est,</strong></span> <span class='ocrx_word' id='word_1_103' title='bbox 1708 1191 1861 1252; x_wconf 86' lang='lat' dir='ltr'><strong>quae</strong></span> <span class='ocrx_word' id='word_1_104' title='bbox 1915 1175 2203 1235; x_wconf 85' lang='lat' dir='ltr'><strong>consistat</strong></span> <span class='ocrx_word' id='word_1_105' title='bbox 2240 1194 2443 1234; x_wconf 85' lang='lat' dir='ltr'><strong>coram</strong></span> <span class='ocrx_word' id='word_1_106' title='bbox 2484 1173 2703 1234; x_wconf 91' lang='lat' dir='ltr'><strong>iudicio</strong></span> <span class='ocrx_word' id='word_1_107' title='bbox 2744 1171 2889 1234; x_wconf 67' lang='lat' dir='ltr'><strong>Dei:</strong></span> <span class='ocrx_word' id='word_1_108' title='bbox 2932 1183 3059 1232; x_wconf 89' lang='lat' dir='ltr'><strong>tum</strong></span> <span class='ocrx_word' id='word_1_109' title='bbox 3098 1171 3240 1248; x_wconf 89' lang='lat' dir='ltr'><strong>quia</strong></span> <span class='ocrx_word' id='word_1_110' title='bbox 3258 1213 3263 1218; x_wconf 77' lang='lat'><strong>·</strong></span> <span class='ocrx_word' id='word_1_111' title='bbox 3281 1191 3355 1230; x_wconf 90' lang='lat' dir='ltr'><strong>ea</strong></span> 
     </span>
     <span class='ocr_line' id='line_1_11' title="bbox 431 1252 3351 1338; baseline -0.002 -20"><span class='ocrx_word' id='word_1_112' title='bbox 431 1277 616 1336; x_wconf 88' lang='lat' dir='ltr'><strong>opera</strong></span> <span class='ocrx_word' id='word_1_113' title='bbox 681 1277 802 1319; x_wconf 87' lang='lat' dir='ltr'><strong>non</strong></span> <span class='ocrx_word' id='word_1_114' title='bbox 865 1257 1130 1338; x_wconf 82' lang='lat' dir='ltr'><strong>illorum,</strong></span> <span class='ocrx_word' id='word_1_115' title='bbox 1192 1257 1296 1318; x_wconf 89' lang='lat' dir='ltr'><strong>sed</strong></span> <span class='ocrx_word' id='word_1_116' title='bbox 1349 1255 1457 1316; x_wconf 90' lang='lat' dir='ltr'><strong>Dei</strong></span> <span class='ocrx_word' id='word_1_117' title='bbox 1517 1267 1682 1316; x_wconf 87' lang='lat' dir='ltr'><strong>sunt:</strong></span> <span class='ocrx_word' id='word_1_118' title='bbox 1739 1265 1866 1314; x_wconf 88' lang='lat' dir='ltr'><strong>tum</strong></span> <span class='ocrx_word' id='word_1_119' title='bbox 1921 1255 2061 1332; x_wconf 88' lang='lat' dir='ltr'><strong>quia</strong></span> <span class='ocrx_word' id='word_1_120' title='bbox 2102 1253 2299 1316; x_wconf 90' lang='lat' dir='ltr'><strong>debita</strong></span> <span class='ocrx_word' id='word_1_121' title='bbox 2341 1255 2656 1331; x_wconf 88' lang='lat' dir='ltr'><strong>obsequia:</strong></span> <span class='ocrx_word' id='word_1_122' title='bbox 2699 1265 2827 1313; x_wconf 90' lang='lat' dir='ltr'><strong>tum</strong></span> <span class='ocrx_word' id='word_1_123' title='bbox 2870 1252 3217 1330; x_wconf 88' lang='lat' dir='ltr'><strong>imperfecta</strong></span> <span class='ocrx_word' id='word_1_124' title='bbox 3237 1297 3254 1324; x_wconf 77' lang='grc'>,</span> <span class='ocrx_word' id='word_1_125' title='bbox 3294 1255 3351 1312; x_wconf 84' lang='lat'>&amp;</span> 
     </span>
     <span class='ocr_line' id='line_1_12' title="bbox 429 1331 3351 1416; baseline -0.002 -19"><span class='ocrx_word' id='word_1_126' title='bbox 429 1340 498 1411; x_wconf 85' lang='lat' dir='ltr'><strong>(s.</strong></span> <span class='ocrx_word' id='word_1_127' title='bbox 548 1341 724 1414; x_wconf 85' lang='lat'>1693)</span> <span class='ocrx_word' id='word_1_128' title='bbox 761 1338 1018 1416; x_wconf 80' lang='lat' dir='ltr'><strong>peccatis</strong></span> <span class='ocrx_word' id='word_1_129' title='bbox 1060 1337 1482 1398; x_wconf 86' lang='lat' dir='ltr'><strong>contaminata:</strong></span> <span class='ocrx_word' id='word_1_130' title='bbox 1528 1334 1777 1412; x_wconf 85' lang='lat' dir='ltr'><strong>proinde</strong></span> <span class='ocrx_word' id='word_1_131' title='bbox 1815 1336 1998 1394; x_wconf 85' lang='lat' dir='ltr'><strong>fixum</strong></span> <span class='ocrx_word' id='word_1_132' title='bbox 2038 1334 2185 1396; x_wconf 85' lang='lat' dir='ltr'><strong>illud</strong></span> <span class='ocrx_word' id='word_1_133' title='bbox 2228 1344 2455 1395; x_wconf 85' lang='lat' dir='ltr'><strong>manet:</strong></span> <span class='ocrx_word' id='word_1_134' title='bbox 2501 1336 2625 1394; x_wconf 88' lang='lat' dir='ltr'><strong>Nos</strong></span> <span class='ocrx_word' id='word_1_135' title='bbox 2646 1335 2763 1393; x_wconf 86' lang='lat' dir='ltr'><strong>fide</strong></span> <span class='ocrx_word' id='word_1_136' title='bbox 2784 1335 2913 1394; x_wconf 86' lang='lat' dir='ltr'><strong>sola</strong></span> <span class='ocrx_word' id='word_1_137' title='bbox 2936 1333 2993 1391; x_wconf 88' lang='lat' dir='ltr'><strong>in</strong></span> <span class='ocrx_word' id='word_1_138' title='bbox 3017 1331 3351 1410; x_wconf 77' lang='lat' dir='ltr'><strong>Christum,</strong></span> 
     </span>
     <span class='ocr_line' id='line_1_13' title="bbox 431 1411 3291 1496; baseline -0.002 -18"><span class='ocrx_word' id='word_1_139' title='bbox 431 1421 654 1496; x_wconf 83' lang='lat' dir='ltr'><strong>absque</strong></span> <span class='ocrx_word' id='word_1_140' title='bbox 694 1418 974 1496; x_wconf 88' lang='lat' dir='ltr'><strong>operibus</strong></span> <span class='ocrx_word' id='word_1_141' title='bbox 1013 1437 1134 1478; x_wconf 88' lang='lat' dir='ltr'><strong>non</strong></span> <span class='ocrx_word' id='word_1_142' title='bbox 1175 1421 1368 1478; x_wconf 76' lang='lat' dir='ltr'><strong>solum</strong></span> <span class='ocrx_word' id='word_1_143' title='bbox 1409 1415 1574 1476; x_wconf 88' lang='lat' dir='ltr'><strong>initio</strong></span> <span class='ocrx_word' id='word_1_144' title='bbox 1615 1414 2050 1491; x_wconf 77' lang='lat' dir='ltr'><strong>conuersionis‚</strong></span> <span class='ocrx_word' id='word_1_145' title='bbox 2092 1415 2197 1476; x_wconf 89' lang='lat' dir='ltr'><strong>sed</strong></span> <span class='ocrx_word' id='word_1_146' title='bbox 2238 1425 2370 1474; x_wconf 91' lang='lat' dir='ltr'><strong>toto</strong></span> <span class='ocrx_word' id='word_1_147' title='bbox 2412 1414 2563 1474; x_wconf 88' lang='lat' dir='ltr'><strong>vitae</strong></span> <span class='ocrx_word' id='word_1_148' title='bbox 2604 1413 2931 1488; x_wconf 77' lang='lat' dir='ltr'><strong>curricu10,</strong></span> <span class='ocrx_word' id='word_1_149' title='bbox 2973 1411 3291 1472; x_wconf 85' lang='lat' dir='ltr'><strong>iustificari.</strong></span> 
     </span>
    </p>

    <p class='ocr_par' dir='ltr' id='par_1_4' title="bbox 428 1492 3359 2295">
     <span class='ocr_line' id='line_1_14' title="bbox 518 1492 3352 1576; baseline -0.003 -18"><span class='ocrx_word' id='word_1_150' title='bbox 518 1519 607 1574; x_wconf 89' lang='lat'><strong>19.</strong></span> <span class='ocrx_word' id='word_1_151' title='bbox 687 1500 914 1558; x_wconf 79' lang='lat' dir='ltr'><strong>Contra</strong></span> <span class='ocrx_word' id='word_1_152' title='bbox 971 1499 1154 1576; x_wconf 76' lang='lat' dir='ltr'><strong>quam</strong></span> <span class='ocrx_word' id='word_1_153' title='bbox 1209 1497 1389 1576; x_wconf 88' lang='lat' dir='ltr'><strong>impia</strong></span> <span class='ocrx_word' id='word_1_154' title='bbox 1450 1500 1507 1556; x_wconf 73' lang='grc' dir='ltr'><strong>δι</strong></span> <span class='ocrx_word' id='word_1_155' title='bbox 1566 1497 1910 1572; x_wconf 87' lang='lat' dir='ltr'><strong>blasphema</strong></span> <span class='ocrx_word' id='word_1_156' title='bbox 1969 1494 2043 1555; x_wconf 88' lang='lat' dir='ltr'><strong>sit</strong></span> <span class='ocrx_word' id='word_1_157' title='bbox 2102 1493 2571 1554; x_wconf 83' lang='lat' dir='ltr'><strong>aduersariorum</strong></span> <span class='ocrx_word' id='word_1_158' title='bbox 2618 1497 2730 1553; x_wconf 88' lang='lat' dir='ltr'><strong>hac</strong></span> <span class='ocrx_word' id='word_1_159' title='bbox 2767 1493 2848 1553; x_wconf 87' lang='lat' dir='ltr'><strong>de</strong></span> <span class='ocrx_word' id='word_1_160' title='bbox 2892 1511 2955 1552; x_wconf 90' lang='lat' dir='ltr'><strong>re</strong></span> <span class='ocrx_word' id='word_1_161' title='bbox 2995 1492 3236 1570; x_wconf 66' lang='lat' dir='ltr'><strong>opium,</strong></span> <span class='ocrx_word' id='word_1_162' title='bbox 3278 1511 3352 1551; x_wconf 85' lang='lat' dir='ltr'><strong>ex</strong></span> 
     </span>
     <span class='ocr_line' id='line_1_15' title="bbox 428 1571 3353 1654; baseline -0.003 -15"><span class='ocrx_word' id='word_1_163' title='bbox 428 1577 518 1639; x_wconf 85' lang='lat' dir='ltr'><strong>his</strong></span> <span class='ocrx_word' id='word_1_164' title='bbox 559 1577 734 1639; x_wconf 87' lang='lat' dir='ltr'><strong>etiam</strong></span> <span class='ocrx_word' id='word_1_165' title='bbox 773 1579 945 1638; x_wconf 82' lang='lat' dir='ltr'><strong>facile</strong></span> <span class='ocrx_word' id='word_1_166' title='bbox 987 1579 1192 1654; x_wconf 88' lang='lat' dir='ltr'><strong>liquet.</strong></span> <span class='ocrx_word' id='word_1_167' title='bbox 1229 1579 1384 1638; x_wconf 78' lang='lat' dir='ltr'><strong>Cum</strong></span> <span class='ocrx_word' id='word_1_168' title='bbox 1427 1595 1638 1637; x_wconf 89' lang='lat' dir='ltr'><strong>eorum</strong></span> <span class='ocrx_word' id='word_1_169' title='bbox 1681 1574 1782 1651; x_wconf 90' lang='lat' dir='ltr'><strong>qui</strong></span> <span class='ocrx_word' id='word_1_170' title='bbox 1827 1575 2129 1651; x_wconf 87' lang='lat' dir='ltr'><strong>duplicem</strong></span> <span class='ocrx_word' id='word_1_171' title='bbox 2172 1574 2479 1648; x_wconf 74' lang='lat' dir='ltr'><strong>iustitiam,</strong></span> <span class='ocrx_word' id='word_1_172' title='bbox 2522 1593 2595 1634; x_wconf 91' lang='lat' dir='ltr'><strong>ac</strong></span> <span class='ocrx_word' id='word_1_173' title='bbox 2636 1574 2685 1634; x_wconf 88' lang='lat' dir='ltr'><strong>si</strong></span> <span class='ocrx_word' id='word_1_174' title='bbox 2730 1593 2843 1632; x_wconf 86' lang='lat' dir='ltr'><strong>vna</strong></span> <span class='ocrx_word' id='word_1_175' title='bbox 2874 1571 3097 1633; x_wconf 85' lang='lat' dir='ltr'><strong>Christi</strong></span> <span class='ocrx_word' id='word_1_176' title='bbox 3137 1571 3353 1648; x_wconf 88' lang='lat' dir='ltr'><strong>imper-</strong></span> 
     </span>
     <span class='ocr_line' id='line_1_16' title="bbox 432 1649 3351 1736; baseline -0.003 -18"><span class='ocrx_word' id='word_1_177' title='bbox 432 1660 586 1718; x_wconf 82' lang='lat' dir='ltr'><strong>fecta</strong></span> <span class='ocrx_word' id='word_1_178' title='bbox 647 1659 720 1718; x_wconf 91' lang='lat' dir='ltr'><strong>sit</strong></span> <span class='ocrx_word' id='word_1_179' title='bbox 789 1669 1108 1718; x_wconf 83' lang='lat' dir='ltr'><strong>statuentes</strong></span> <span class='ocrx_word' id='word_1_180' title='bbox 1136 1704 1154 1736; x_wconf 66' lang='lat'>,</span> <span class='ocrx_word' id='word_1_181' title='bbox 1213 1657 1556 1718; x_wconf 83' lang='lat' dir='ltr'><strong>inhaerente</strong></span> <span class='ocrx_word' id='word_1_182' title='bbox 1615 1656 1874 1733; x_wconf 87' lang='lat' dir='ltr'><strong>quadam</strong></span> <span class='ocrx_word' id='word_1_183' title='bbox 1937 1655 1993 1714; x_wconf 76' lang='grc' dir='ltr'><strong>δι</strong></span> <span class='ocrx_word' id='word_1_184' title='bbox 2054 1653 2343 1732; x_wconf 89' lang='lat' dir='ltr'><strong>acquisita</strong></span> <span class='ocrx_word' id='word_1_185' title='bbox 2404 1653 2595 1732; x_wconf 85' lang='lat' dir='ltr'><strong>potius</strong></span> <span class='ocrx_word' id='word_1_186' title='bbox 2636 1673 2747 1714; x_wconf 90' lang='lat' dir='ltr'><strong>nos</strong></span> <span class='ocrx_word' id='word_1_187' title='bbox 2786 1651 3086 1712; x_wconf 87' lang='lat' dir='ltr'><strong>iustificari</strong></span> <span class='ocrx_word' id='word_1_188' title='bbox 3128 1649 3351 1712; x_wconf 89' lang='lat' dir='ltr'><strong>dicunt.</strong></span> 
     </span>
     <span class='ocr_line' id='line_1_17' title="bbox 433 1733 3353 1816; baseline -0.003 -18"><span class='ocrx_word' id='word_1_189' title='bbox 433 1741 620 1811; x_wconf 80' lang='lat' dir='ltr'><strong>Tum,</strong></span> <span class='ocrx_word' id='word_1_190' title='bbox 679 1737 780 1816; x_wconf 88' lang='lat' dir='ltr'><strong>qui</strong></span> <span class='ocrx_word' id='word_1_191' title='bbox 841 1737 1094 1799; x_wconf 84' lang='lat' dir='ltr'><strong>iustitiae</strong></span> <span class='ocrx_word' id='word_1_192' title='bbox 1155 1736 1398 1815; x_wconf 88' lang='lat' dir='ltr'><strong>quidem</strong></span> <span class='ocrx_word' id='word_1_193' title='bbox 1461 1754 1602 1816; x_wconf 83' lang='lat' dir='ltr'><strong>suae</strong></span> <span class='ocrx_word' id='word_1_194' title='bbox 1665 1735 1885 1795; x_wconf 87' lang='lat' dir='ltr'><strong>Christi</strong></span> <span class='ocrx_word' id='word_1_195' title='bbox 1927 1733 2205 1794; x_wconf 87' lang='lat' dir='ltr'><strong>iustitiam</strong></span> <span class='ocrx_word' id='word_1_196' title='bbox 2246 1737 2614 1812; x_wconf 73' lang='lat' dir='ltr'><strong>praeferunt,</strong></span> <span class='ocrx_word' id='word_1_197' title='bbox 2660 1745 2857 1793; x_wconf 88' lang='lat' dir='ltr'><strong>tamen</strong></span> <span class='ocrx_word' id='word_1_198' title='bbox 2900 1749 3067 1792; x_wconf 85' lang='lat' dir='ltr'><strong>suam</strong></span> <span class='ocrx_word' id='word_1_199' title='bbox 3111 1749 3353 1807; x_wconf 88' lang='lat' dir='ltr'><strong>quoque</strong></span> 
     </span>
     <span class='ocr_line' id='line_1_18' title="bbox 434 1811 3353 1892; baseline -0.003 -14"><span class='ocrx_word' id='word_1_200' title='bbox 434 1836 790 1879; x_wconf 88' lang='lat' dir='ltr'><strong>concurrere</strong></span> <span class='ocrx_word' id='word_1_201' title='bbox 849 1819 928 1878; x_wconf 89' lang='lat' dir='ltr'><strong>ad</strong></span> <span class='ocrx_word' id='word_1_202' title='bbox 987 1817 1462 1878; x_wconf 85' lang='lat' dir='ltr'><strong>iustificationem</strong></span> <span class='ocrx_word' id='word_1_203' title='bbox 1524 1817 1731 1876; x_wconf 84' lang='lat' dir='ltr'><strong>volunt</strong></span> <span class='ocrx_word' id='word_1_204' title='bbox 1793 1813 2144 1874; x_wconf 81' lang='lat' dir='ltr'><strong>necessario.</strong></span> <span class='ocrx_word' id='word_1_205' title='bbox 2206 1817 2509 1875; x_wconf 88' lang='lat' dir='ltr'><strong>Praeterea</strong></span> <span class='ocrx_word' id='word_1_206' title='bbox 2572 1813 2673 1892; x_wconf 88' lang='lat' dir='ltr'><strong>qui</strong></span> <span class='ocrx_word' id='word_1_207' title='bbox 2731 1812 3009 1874; x_wconf 87' lang='lat' dir='ltr'><strong>iustitiam</strong></span> <span class='ocrx_word' id='word_1_208' title='bbox 3050 1811 3353 1889; x_wconf 87' lang='lat' dir='ltr'><strong>quandam</strong></span> 
     </span>
     <span class='ocr_line' id='line_1_19' title="bbox 433 1891 3355 1975; baseline -0.003 -16"><span class='ocrx_word' id='word_1_209' title='bbox 433 1899 832 1975; x_wconf 77' lang='lat' dir='ltr'><strong>essentialem,</strong></span> <span class='ocrx_word' id='word_1_210' title='bbox 875 1897 1172 1974; x_wconf 73' lang='lat' dir='ltr'><strong>diuinam,</strong></span> <span class='ocrx_word' id='word_1_211' title='bbox 1215 1897 1514 1975; x_wconf 88' lang='lat' dir='ltr'><strong>(quamuis</strong></span> <span class='ocrx_word' id='word_1_212' title='bbox 1555 1916 1629 1954; x_wconf 89' lang='lat' dir='ltr'><strong>ea</strong></span> <span class='ocrx_word' id='word_1_213' title='bbox 1669 1895 1744 1956; x_wconf 87' lang='lat' dir='ltr'><strong>sit</strong></span> <span class='ocrx_word' id='word_1_214' title='bbox 1783 1893 2389 1970; x_wconf 87' lang='lat' dir='ltr'><strong>incommunicabilis)</strong></span> <span class='ocrx_word' id='word_1_215' title='bbox 2430 1893 2761 1956; x_wconf 86' lang='lat' dir='ltr'><strong>transfundi</strong></span> <span class='ocrx_word' id='word_1_216' title='bbox 2806 1893 2865 1953; x_wconf 88' lang='lat' dir='ltr'><strong>in</strong></span> <span class='ocrx_word' id='word_1_217' title='bbox 2900 1891 3173 1953; x_wconf 85' lang='lat' dir='ltr'><strong>homines</strong></span> <span class='ocrx_word' id='word_1_218' title='bbox 3194 1910 3355 1950; x_wconf 90' lang='lat' dir='ltr'><strong>com-</strong></span> 
     </span>
     <span class='ocr_line' id='line_1_20' title="bbox 443 1973 3359 2055; baseline -0.002 -18"><span class='ocrx_word' id='word_1_219' title='bbox 443 1977 848 2039; x_wconf 77' lang='lat' dir='ltr'><strong>miniscuntur.</strong></span> <span class='ocrx_word' id='word_1_220' title='bbox 905 1976 1181 2055; x_wconf 89' lang='lat' dir='ltr'><strong>Denique</strong></span> <span class='ocrx_word' id='word_1_221' title='bbox 1242 1977 1344 2055; x_wconf 90' lang='lat' dir='ltr'><strong>qui</strong></span> <span class='ocrx_word' id='word_1_222' title='bbox 1385 1975 1666 2037; x_wconf 86' lang='lat' dir='ltr'><strong>iustitiam</strong></span> <span class='ocrx_word' id='word_1_223' title='bbox 1706 1973 1924 2036; x_wconf 84' lang='lat' dir='ltr'><strong>Christi</strong></span> <span class='ocrx_word' id='word_1_224' title='bbox 1966 1973 2130 2034; x_wconf 87' lang='lat' dir='ltr'><strong>initio</strong></span> <span class='ocrx_word' id='word_1_225' title='bbox 2160 1983 2390 2034; x_wconf 82' lang='lat' dir='ltr'><strong>tantum</strong></span> <span class='ocrx_word' id='word_1_226' title='bbox 2431 1987 2669 2036; x_wconf 90' lang='lat' dir='ltr'><strong>nostrae</strong></span> <span class='ocrx_word' id='word_1_227' title='bbox 2710 1973 3117 2033; x_wconf 75' lang='lat' dir='ltr'><strong>conuersionis</strong></span> <span class='ocrx_word' id='word_1_228' title='bbox 3162 1990 3359 2030; x_wconf 87' lang='lat' dir='ltr'><strong>neces·</strong></span> 
     </span>
     <span class='ocr_line' id='line_1_21' title="bbox 435 2051 3357 2136; baseline -0.002 -18"><span class='ocrx_word' id='word_1_229' title='bbox 435 2059 645 2118; x_wconf 89' lang='lat' dir='ltr'><strong>sariam</strong></span> <span class='ocrx_word' id='word_1_230' title='bbox 707 2057 945 2135; x_wconf 82' lang='lat' dir='ltr'><strong>dicunt,</strong></span> <span class='ocrx_word' id='word_1_231' title='bbox 1008 2070 1145 2136; x_wconf 89' lang='lat' dir='ltr'><strong>post</strong></span> <span class='ocrx_word' id='word_1_232' title='bbox 1200 2075 1368 2118; x_wconf 87' lang='lat' dir='ltr'><strong>suam</strong></span> <span class='ocrx_word' id='word_1_233' title='bbox 1429 2057 1772 2132; x_wconf 87' lang='lat' dir='ltr'><strong>subrogant.</strong></span> <span class='ocrx_word' id='word_1_234' title='bbox 1839 2056 2177 2130; x_wconf 76' lang='lat' dir='ltr'><strong>Postremo,</strong></span> <span class='ocrx_word' id='word_1_235' title='bbox 2237 2055 2339 2132; x_wconf 89' lang='lat' dir='ltr'><strong>qui</strong></span> <span class='ocrx_word' id='word_1_236' title='bbox 2382 2053 2659 2115; x_wconf 83' lang='lat' dir='ltr'><strong>iustitiam</strong></span> <span class='ocrx_word' id='word_1_237' title='bbox 2700 2051 2919 2113; x_wconf 89' lang='lat' dir='ltr'><strong>Christi</strong></span> <span class='ocrx_word' id='word_1_238' title='bbox 2960 2053 3357 2128; x_wconf 81' lang='lat' dir='ltr'><strong>exemplarem</strong></span> 
     </span>
     <span class='ocr_line' id='line_1_22' title="bbox 441 2131 3359 2213; baseline -0.002 -16"><span class='ocrx_word' id='word_1_239' title='bbox 441 2139 702 2213; x_wconf 68' lang='lat' dir='ltr'><strong>tantum,</strong></span> <span class='ocrx_word' id='word_1_240' title='bbox 764 2138 859 2198; x_wconf 90' lang='lat' dir='ltr'><strong>cui</strong></span> <span class='ocrx_word' id='word_1_241' title='bbox 919 2158 1032 2198; x_wconf 86' lang='lat' dir='ltr'><strong>nos</strong></span> <span class='ocrx_word' id='word_1_242' title='bbox 1073 2137 1326 2199; x_wconf 89' lang='lat' dir='ltr'><strong>similem</strong></span> <span class='ocrx_word' id='word_1_243' title='bbox 1368 2136 1416 2198; x_wconf 90' lang='lat' dir='ltr'><strong>si</strong></span> <span class='ocrx_word' id='word_1_244' title='bbox 1458 2137 1644 2196; x_wconf 77' lang='lat' dir='ltr'><strong>modo</strong></span> <span class='ocrx_word' id='word_1_245' title='bbox 1689 2133 1934 2194; x_wconf 89' lang='lat' dir='ltr'><strong>velimus</strong></span> <span class='ocrx_word' id='word_1_246' title='bbox 1977 2144 2269 2211; x_wconf 86' lang='lat' dir='ltr'><strong>praestare</strong></span> <span class='ocrx_word' id='word_1_247' title='bbox 2312 2153 2657 2210; x_wconf 75' lang='lat' dir='ltr'><strong>possumus,</strong></span> <span class='ocrx_word' id='word_1_248' title='bbox 2700 2145 2761 2193; x_wconf 87' lang='lat' dir='ltr'><strong>vt</strong></span> <span class='ocrx_word' id='word_1_249' title='bbox 2804 2134 2946 2193; x_wconf 89' lang='lat' dir='ltr'><strong>olim</strong></span> <span class='ocrx_word' id='word_1_250' title='bbox 2990 2131 3259 2208; x_wconf 81' lang='lat' dir='ltr'><strong>Pelagius</strong></span> <span class='ocrx_word' id='word_1_251' title='bbox 3304 2136 3359 2190; x_wconf 78' lang='grc' dir='ltr'><strong>δι</strong></span> 
     </span>
     <span class='ocr_line' id='line_1_23' title="bbox 442 2211 3359 2295; baseline -0.003 -17"><span class='ocrx_word' id='word_1_252' title='bbox 442 2221 886 2295; x_wconf 69' lang='lat' dir='ltr'><strong>Sammatenus,</strong></span> <span class='ocrx_word' id='word_1_253' title='bbox 948 2217 1130 2278; x_wconf 86' lang='lat' dir='ltr'><strong>hodie</strong></span> <span class='ocrx_word' id='word_1_254' title='bbox 1191 2217 1456 2295; x_wconf 87' lang='lat' dir='ltr'><strong>plerique</strong></span> <span class='ocrx_word' id='word_1_255' title='bbox 1511 2213 1968 2292; x_wconf 82' lang='lat' dir='ltr'><strong>Anabaptistae,</strong></span> <span class='ocrx_word' id='word_1_256' title='bbox 2011 2212 2325 2275; x_wconf 90' lang='lat' dir='ltr'><strong>Ebionitae</strong></span> <span class='ocrx_word' id='word_1_257' title='bbox 2341 2261 2359 2288; x_wconf 82' lang='lat'><strong>.,</strong></span> <span class='ocrx_word' id='word_1_258' title='bbox 2402 2211 2851 2274; x_wconf 82' lang='lat' dir='ltr'><strong>Samosatiniani</strong></span> <span class='ocrx_word' id='word_1_259' title='bbox 2892 2215 2947 2271; x_wconf 76' lang='grc' dir='ltr'><strong>δι</strong></span> <span class='ocrx_word' id='word_1_260' title='bbox 2989 2225 3221 2272; x_wconf 87' lang='lat' dir='ltr'><strong>caetera</strong></span> <span class='ocrx_word' id='word_1_261' title='bbox 3260 2215 3359 2270; x_wconf 76' lang='lat' dir='ltr'><strong>lex</strong></span> 
     </span>
    </p>
   </div>
   <div class='ocr_carea' id='block_1_3' title="bbox 437 2293 3361 2441">
    <p class='ocr_par' dir='ltr' id='par_1_5' title="bbox 437 2293 3361 2441">
     <span class='ocr_line' id='line_1_24' title="bbox 437 2293 3361 2439; baseline -0.003 -81"><span class='ocrx_word' id='word_1_262' title='bbox 437 2297 815 2439; x_wconf 46' lang='lat' dir='ltr'><strong>grianorum.</strong></span> <span class='ocrx_word' id='word_1_263' title='bbox 875 2299 1152 2375; x_wconf 88' lang='lat' dir='ltr'><strong>Quorum</strong></span> <span class='ocrx_word' id='word_1_264' title='bbox 1215 2302 1270 2359; x_wconf 74' lang='grc' dir='ltr'><strong>δε</strong></span> <span class='ocrx_word' id='word_1_265' title='bbox 1327 2296 1607 2358; x_wconf 87' lang='lat' dir='ltr'><strong>similium</strong></span> <span class='ocrx_word' id='word_1_266' title='bbox 1649 2294 2000 2355; x_wconf 85' lang='lat' dir='ltr'><strong>sententiam</strong></span> <span class='ocrx_word' id='word_1_267' title='bbox 2042 2295 2227 2354; x_wconf 85' lang='lat' dir='ltr'><strong>verbo</strong></span> <span class='ocrx_word' id='word_1_268' title='bbox 2270 2295 2383 2356; x_wconf 90' lang='lat' dir='ltr'><strong>Dei</strong></span> <span class='ocrx_word' id='word_1_269' title='bbox 2426 2297 2520 2360; x_wconf 73' lang='grc' dir='ltr'><strong>δὶς</strong></span> <span class='ocrx_word' id='word_1_270' title='bbox 2562 2295 2663 2354; x_wconf 71' lang='grc' dir='ltr'><strong>διὰ</strong></span> <span class='ocrx_word' id='word_1_271' title='bbox 2708 2297 2907 2351; x_wconf 72' lang='grc' dir='ltr'><strong><em>πισῶν</em></strong></span> <span class='ocrx_word' id='word_1_272' title='bbox 2946 2293 3361 2352; x_wconf 86' lang='lat' dir='ltr'><strong>aduersantem</strong></span> 
     </span>
     <span class='ocr_line' id='line_1_25' title="bbox 481 2389 814 2441; baseline -0.006 0"><span class='ocrx_word' id='word_1_273' title='bbox 481 2389 814 2441; x_wconf 82' lang='lat' dir='ltr'><strong>etestamur.</strong></span> 
     </span>
    </p>
   </div>
   <div class='ocr_carea' id='block_1_4' title="bbox 1599 2536 2207 2613">
    <p class='ocr_par' dir='ltr' id='par_1_6' title="bbox 1599 2536 2207 2613">
     <span class='ocr_line' id='line_1_26' title="bbox 1599 2536 2207 2613; baseline 0.003 -18"><span class='ocrx_word' id='word_1_274' title='bbox 1599 2536 1940 2597; x_wconf 80' lang='lat' dir='ltr'><strong>Absurdum</strong></span> <span class='ocrx_word' id='word_1_275' title='bbox 1982 2536 2207 2613; x_wconf 67' lang='lat' dir='ltr'><strong>duplex.</strong></span> 
     </span>
    </p>
   </div>
   <div class='ocr_carea' id='block_1_5' title="bbox 444 2690 3365 2855">
    <p class='ocr_par' dir='ltr' id='par_1_7' title="bbox 444 2690 3365 2855">
     <span class='ocr_line' id='line_1_27' title="bbox 507 2690 3365 2838; baseline -0.003 -81"><span class='ocrx_word' id='word_1_276' title='bbox 507 2697 848 2838; x_wconf 80' lang='lat' dir='ltr'><strong>lHominem</strong></span> <span class='ocrx_word' id='word_1_277' title='bbox 909 2717 1013 2775; x_wconf 88' lang='lat' dir='ltr'><strong>per</strong></span> <span class='ocrx_word' id='word_1_278' title='bbox 1077 2718 1140 2759; x_wconf 82' lang='lat' dir='ltr'><strong>se</strong></span> <span class='ocrx_word' id='word_1_279' title='bbox 1200 2700 1392 2775; x_wconf 86' lang='lat' dir='ltr'><strong>legem</strong></span> <span class='ocrx_word' id='word_1_280' title='bbox 1435 2699 1548 2757; x_wconf 89' lang='lat' dir='ltr'><strong>Dei</strong></span> <span class='ocrx_word' id='word_1_281' title='bbox 1597 2696 1842 2773; x_wconf 90' lang='lat' dir='ltr'><strong>implere</strong></span> <span class='ocrx_word' id='word_1_282' title='bbox 1881 2713 2095 2771; x_wconf 79' lang='lat' dir='ltr'><strong>posse3</strong></span> <span class='ocrx_word' id='word_1_283' title='bbox 2136 2698 2191 2755; x_wconf 88' lang='lat'>&amp;</span> <span class='ocrx_word' id='word_1_284' title='bbox 2233 2707 2431 2755; x_wconf 86' lang='lat' dir='ltr'><strong>tamen</strong></span> <span class='ocrx_word' id='word_1_285' title='bbox 2472 2714 2599 2755; x_wconf 90' lang='lat' dir='ltr'><strong>esse</strong></span> <span class='ocrx_word' id='word_1_286' title='bbox 2645 2704 2875 2753; x_wconf 88' lang='lat' dir='ltr'><strong>certum</strong></span> <span class='ocrx_word' id='word_1_287' title='bbox 2922 2690 2999 2752; x_wconf 91' lang='lat' dir='ltr'><strong>de</strong></span> <span class='ocrx_word' id='word_1_288' title='bbox 3039 2708 3145 2751; x_wconf 87' lang='lat' dir='ltr'><strong>sua</strong></span> <span class='ocrx_word' id='word_1_289' title='bbox 3185 2690 3365 2765; x_wconf 88' lang='lat' dir='ltr'><strong>ipsius</strong></span> 
     </span>
     <span class='ocr_line' id='line_1_28' title="bbox 444 2788 1090 2855; baseline 0.003 -18"><span class='ocrx_word' id='word_1_290' title='bbox 444 2798 508 2837; x_wconf 88' lang='lat' dir='ltr'><strong>sa</strong></span> <span class='ocrx_word' id='word_1_291' title='bbox 531 2788 628 2837; x_wconf 87' lang='lat' dir='ltr'><strong>ute</strong></span> <span class='ocrx_word' id='word_1_292' title='bbox 669 2796 794 2837; x_wconf 89' lang='lat' dir='ltr'><strong>non</strong></span> <span class='ocrx_word' id='word_1_293' title='bbox 837 2796 1033 2855; x_wconf 89' lang='lat' dir='ltr'><strong>posse.</strong></span> <span class='ocrx_word' id='word_1_294' title='bbox 1083 2788 1090 2797; x_wconf 83' lang='lat'>&#39;</span> 
     </span>
    </p>
   </div>
   <div class='ocr_carea' id='block_1_6' title="bbox 1714 3020 2093 3035">
    <p class='ocr_par' dir='ltr' id='par_1_8' title="bbox 1714 3020 2093 3035">
     <span class='ocr_line' id='line_1_29' title="bbox 1714 3020 2093 3035; baseline 0 1840"><span class='ocrx_word' id='word_1_295' title='bbox 1714 3020 2093 3035; x_wconf 95' lang='lat' dir='ltr'><strong> </strong></span> 
     </span>
    </p>
   </div>
   <div class='ocr_carea' id='block_1_7' title="bbox 1103 3216 2698 3277">
    <p class='ocr_par' dir='ltr' id='par_1_9' title="bbox 1103 3216 2698 3277">
     <span class='ocr_line' id='line_1_30' title="bbox 1103 3216 2698 3277; baseline -0.002 -1"><span class='ocrx_word' id='word_1_296' title='bbox 1103 3217 1412 3277; x_wconf 83' lang='lat' dir='ltr'><strong>XXXVII.</strong></span> <span class='ocrx_word' id='word_1_297' title='bbox 1476 3218 1608 3277; x_wconf 92' lang='lat' dir='ltr'><strong>DE</strong></span> <span class='ocrx_word' id='word_1_298' title='bbox 1667 3218 1925 3277; x_wconf 90' lang='lat' dir='ltr'><strong>VITA</strong></span> <span class='ocrx_word' id='word_1_299' title='bbox 1988 3216 2698 3277; x_wconf 89' lang='lat' dir='ltr'><strong>CHRISTIANA.</strong></span> 
     </span>
    </p>
   </div>
   <div class='ocr_carea' id='block_1_8' title="bbox 1691 3396 2125 3455">
    <p class='ocr_par' dir='ltr' id='par_1_10' title="bbox 1691 3396 2125 3455">
     <span class='ocr_line' id='line_1_31' title="bbox 1691 3396 2125 3455; baseline -0.002 0"><span class='ocrx_word' id='word_1_300' title='bbox 1691 3398 2019 3455; x_wconf 68' lang='lat' dir='ltr'><strong>Tuasts</strong></span> <span class='ocrx_word' id='word_1_301' title='bbox 2076 3396 2125 3454; x_wconf 91' lang='lat'><strong>1.</strong></span> 
     </span>
    </p>
   </div>
   <div class='ocr_carea' id='block_1_9' title="bbox 445 3552 3377 4448">
    <p class='ocr_par' dir='ltr' id='par_1_11' title="bbox 449 3552 3368 3971">
     <span class='ocr_line' id='line_1_32' title="bbox 525 3552 3361 3650; baseline -0.001 -20"><span class='ocrx_word' id='word_1_302' title='bbox 525 3574 1030 3647; x_wconf 63' lang='lat' dir='ltr'><strong>vaanmonvm</strong></span> <span class='ocrx_word' id='word_1_303' title='bbox 1071 3582 1265 3632; x_wconf 85' lang='lat' dir='ltr'><strong>certos</strong></span> <span class='ocrx_word' id='word_1_304' title='bbox 1307 3574 1452 3631; x_wconf 88' lang='lat' dir='ltr'><strong>fines</strong></span> <span class='ocrx_word' id='word_1_305' title='bbox 1495 3573 1674 3631; x_wconf 87' lang='lat' dir='ltr'><strong>habet</strong></span> <span class='ocrx_word' id='word_1_306' title='bbox 1719 3572 2133 3650; x_wconf 80' lang='lat' dir='ltr'><strong>Philosophia,</strong></span> <span class='ocrx_word' id='word_1_307' title='bbox 2176 3574 2254 3632; x_wconf 85' lang='lat' dir='ltr'><strong>ad</strong></span> <span class='ocrx_word' id='word_1_308' title='bbox 2292 3590 2446 3647; x_wconf 90' lang='lat' dir='ltr'><strong>quos</strong></span> <span class='ocrx_word' id='word_1_309' title='bbox 2487 3571 2691 3631; x_wconf 88' lang='lat' dir='ltr'><strong>omnia</strong></span> <span class='ocrx_word' id='word_1_310' title='bbox 2728 3571 2881 3629; x_wconf 89' lang='lat' dir='ltr'><strong>bene</strong></span> <span class='ocrx_word' id='word_1_311' title='bbox 2918 3552 3157 3629; x_wconf 78' lang='lat' dir='ltr'><strong>viuendi</strong></span> <span class='ocrx_word' id='word_1_312' title='bbox 3178 3574 3361 3627; x_wconf 77' lang='lat' dir='ltr'><strong>recte-</strong></span> 
     </span>
     <span class='ocr_line' id='line_1_33' title="bbox 450 3648 3368 3730; baseline -0.002 -17"><span class='ocrx_word' id='word_1_313' title='bbox 450 3668 566 3730; x_wconf 87' lang='lat' dir='ltr'><strong>que</strong></span> <span class='ocrx_word' id='word_1_314' title='bbox 607 3652 862 3713; x_wconf 82' lang='lat' dir='ltr'><strong>faciendi</strong></span> <span class='ocrx_word' id='word_1_315' title='bbox 905 3650 1152 3713; x_wconf 86' lang='lat' dir='ltr'><strong>consilia</strong></span> <span class='ocrx_word' id='word_1_316' title='bbox 1193 3655 1404 3712; x_wconf 86' lang='lat' dir='ltr'><strong>referat</strong></span> <span class='ocrx_word' id='word_1_317' title='bbox 1427 3698 1444 3729; x_wconf 80' lang='lat'>‚</span> <span class='ocrx_word' id='word_1_318' title='bbox 1485 3651 1568 3711; x_wconf 89' lang='lat' dir='ltr'><strong>ita</strong></span> <span class='ocrx_word' id='word_1_319' title='bbox 1617 3670 1814 3727; x_wconf 87' lang='lat' dir='ltr'><strong>neque</strong></span> <span class='ocrx_word' id='word_1_320' title='bbox 1853 3670 1963 3713; x_wconf 90' lang='lat' dir='ltr'><strong>suo</strong></span> <span class='ocrx_word' id='word_1_321' title='bbox 2004 3652 2213 3711; x_wconf 86' lang='lat' dir='ltr'><strong>ordine</strong></span> <span class='ocrx_word' id='word_1_322' title='bbox 2253 3651 2585 3712; x_wconf 87' lang='lat' dir='ltr'><strong>destituitur</strong></span> <span class='ocrx_word' id='word_1_323' title='bbox 2624 3650 2681 3711; x_wconf 90' lang='lat' dir='ltr'><strong>in</strong></span> <span class='ocrx_word' id='word_1_324' title='bbox 2724 3652 2839 3709; x_wconf 85' lang='lat' dir='ltr'><strong>hac</strong></span> <span class='ocrx_word' id='word_1_325' title='bbox 2878 3660 3045 3727; x_wconf 88' lang='lat' dir='ltr'><strong>parte</strong></span> <span class='ocrx_word' id='word_1_326' title='bbox 3084 3651 3144 3708; x_wconf 93' lang='lat' dir='ltr'><strong>S.</strong></span> <span class='ocrx_word' id='word_1_327' title='bbox 3176 3648 3368 3724; x_wconf 91' lang='lat' dir='ltr'><strong>Scrip-</strong></span> 
     </span>
     <span class='ocr_line' id='line_1_34' title="bbox 451 3727 3368 3811; baseline -0.001 -21"><span class='ocrx_word' id='word_1_328' title='bbox 451 3744 598 3792; x_wconf 89' lang='lat' dir='ltr'><strong>tura.</strong></span> <span class='ocrx_word' id='word_1_329' title='bbox 641 3732 800 3808; x_wconf 87' lang='lat' dir='ltr'><strong>Quin</strong></span> <span class='ocrx_word' id='word_1_330' title='bbox 841 3732 1260 3793; x_wconf 83' lang='lat' dir='ltr'><strong>oeconomiam</strong></span> <span class='ocrx_word' id='word_1_331' title='bbox 1301 3731 1728 3811; x_wconf 81' lang='lat' dir='ltr'><strong>philosophicis</strong></span> <span class='ocrx_word' id='word_1_332' title='bbox 1771 3732 2051 3793; x_wconf 86' lang='lat' dir='ltr'><strong>omnibus</strong></span> <span class='ocrx_word' id='word_1_333' title='bbox 2090 3734 2279 3793; x_wconf 82' lang='lat' dir='ltr'><strong>multo</strong></span> <span class='ocrx_word' id='word_1_334' title='bbox 2320 3730 2633 3793; x_wconf 86' lang='lat' dir='ltr'><strong>certiorem</strong></span> <span class='ocrx_word' id='word_1_335' title='bbox 2669 3742 2859 3807; x_wconf 78' lang='lat' dir='ltr'><strong>tenet,</strong></span> <span class='ocrx_word' id='word_1_336' title='bbox 2880 3746 3033 3806; x_wconf 85' lang='lat' dir='ltr'><strong>quae</strong></span> <span class='ocrx_word' id='word_1_337' title='bbox 3056 3727 3115 3787; x_wconf 89' lang='lat' dir='ltr'><strong>in</strong></span> <span class='ocrx_word' id='word_1_338' title='bbox 3138 3730 3368 3787; x_wconf 89' lang='lat' dir='ltr'><strong>duabus</strong></span> 
     </span>
     <span class='ocr_line' id='line_1_35' title="bbox 451 3808 3367 3890; baseline -0.002 -19"><span class='ocrx_word' id='word_1_339' title='bbox 451 3813 610 3871; x_wconf 87' lang='lat' dir='ltr'><strong>hisce</strong></span> <span class='ocrx_word' id='word_1_340' title='bbox 673 3812 934 3889; x_wconf 87' lang='lat' dir='ltr'><strong>partibus</strong></span> <span class='ocrx_word' id='word_1_341' title='bbox 986 3812 1358 3890; x_wconf 87' lang='lat' dir='ltr'><strong>potissimum</strong></span> <span class='ocrx_word' id='word_1_342' title='bbox 1421 3811 1530 3873; x_wconf 86' lang='lat' dir='ltr'><strong>sita</strong></span> <span class='ocrx_word' id='word_1_343' title='bbox 1587 3824 1705 3889; x_wconf 87' lang='lat' dir='ltr'><strong>est,</strong></span> <span class='ocrx_word' id='word_1_344' title='bbox 1767 3815 1986 3871; x_wconf 82' lang='lat' dir='ltr'><strong>Amore</strong></span> <span class='ocrx_word' id='word_1_345' title='bbox 2025 3813 2324 3884; x_wconf 78' lang='lat' dir='ltr'><strong>Iustitiae,</strong></span> <span class='ocrx_word' id='word_1_346' title='bbox 2369 3813 2425 3871; x_wconf 89' lang='lat'>&amp;</span> <span class='ocrx_word' id='word_1_347' title='bbox 2459 3812 2705 3871; x_wconf 75' lang='lat' dir='ltr'><strong>eiusdem</strong></span> <span class='ocrx_word' id='word_1_348' title='bbox 2746 3812 3002 3885; x_wconf 74' lang='lat' dir='ltr'><strong>Regula.</strong></span> <span class='ocrx_word' id='word_1_349' title='bbox 3068 3808 3169 3867; x_wconf 87' lang='lat' dir='ltr'><strong>Ad</strong></span> <span class='ocrx_word' id='word_1_350' title='bbox 3201 3809 3367 3868; x_wconf 89' lang='lat' dir='ltr'><strong>illum</strong></span> 
     </span>
     <span class='ocr_line' id='line_1_36' title="bbox 449 3890 2634 3971; baseline -0 -20"><span class='ocrx_word' id='word_1_351' title='bbox 449 3892 773 3968; x_wconf 88' lang='lat' dir='ltr'><strong>(ordinem)</strong></span> <span class='ocrx_word' id='word_1_352' title='bbox 815 3902 1084 3971; x_wconf 86' lang='lat' dir='ltr'><strong>spectant</strong></span> <span class='ocrx_word' id='word_1_353' title='bbox 1121 3912 1474 3970; x_wconf 80' lang='lat' dir='ltr'><strong>paraeneses</strong></span> <span class='ocrx_word' id='word_1_354' title='bbox 1517 3910 1668 3970; x_wconf 87' lang='lat' dir='ltr'><strong>quae</strong></span> <span class='ocrx_word' id='word_1_355' title='bbox 1709 3892 1930 3969; x_wconf 86' lang='lat' dir='ltr'><strong>passim</strong></span> <span class='ocrx_word' id='word_1_356' title='bbox 1972 3891 2031 3952; x_wconf 87' lang='lat' dir='ltr'><strong>in</strong></span> <span class='ocrx_word' id='word_1_357' title='bbox 2068 3890 2251 3951; x_wconf 88' lang='lat' dir='ltr'><strong>sacris</strong></span> <span class='ocrx_word' id='word_1_358' title='bbox 2292 3902 2634 3951; x_wconf 89' lang='lat' dir='ltr'><strong>occurrunt.</strong></span> 
     </span>
    </p>

    <p class='ocr_par' dir='ltr' id='par_1_12' title="bbox 445 3968 3377 4287">
     <span class='ocr_line' id='line_1_37' title="bbox 527 3968 3374 4049; baseline -0.002 -20"><span class='ocrx_word' id='word_1_359' title='bbox 527 3994 578 4030; x_wconf 81' lang='lat'><strong>2.</strong></span> <span class='ocrx_word' id='word_1_360' title='bbox 669 3974 846 4033; x_wconf 87' lang='lat' dir='ltr'><strong>Hanc</strong></span> <span class='ocrx_word' id='word_1_361' title='bbox 878 3974 999 4033; x_wconf 93' lang='lat' dir='ltr'><strong>duo</strong></span> <span class='ocrx_word' id='word_1_362' title='bbox 1041 3972 1276 4033; x_wconf 76' lang='lat' dir='ltr'><strong>termini</strong></span> <span class='ocrx_word' id='word_1_363' title='bbox 1317 3971 1686 4033; x_wconf 86' lang='lat' dir='ltr'><strong>constituunt</strong></span> <span class='ocrx_word' id='word_1_364' title='bbox 1703 4016 1720 4048; x_wconf 84' lang='lat'>,</span> <span class='ocrx_word' id='word_1_365' title='bbox 1764 3975 1820 4031; x_wconf 89' lang='lat' dir='ltr'><em>A</em></span> <span class='ocrx_word' id='word_1_366' title='bbox 1861 3992 1977 4049; x_wconf 86' lang='lat' dir='ltr'><strong>quo</strong></span> <span class='ocrx_word' id='word_1_367' title='bbox 2020 3974 2077 4031; x_wconf 87' lang='lat'>&amp;</span> <span class='ocrx_word' id='word_1_368' title='bbox 2118 3974 2225 4031; x_wconf 82' lang='lat' dir='ltr'><strong>Ad</strong></span> <span class='ocrx_word' id='word_1_369' title='bbox 2257 3991 2441 4048; x_wconf 80' lang='lat' dir='ltr'><strong>quem.</strong></span> <span class='ocrx_word' id='word_1_370' title='bbox 2482 3970 2649 4031; x_wconf 91' lang='lat' dir='ltr'><strong>Prior</strong></span> <span class='ocrx_word' id='word_1_371' title='bbox 2680 3980 2769 4029; x_wconf 89' lang='lat' dir='ltr'><strong>est</strong></span> <span class='ocrx_word' id='word_1_372' title='bbox 2800 3970 3127 4044; x_wconf 80' lang='lat' dir='ltr'><strong>Abnegatio</strong></span> <span class='ocrx_word' id='word_1_373' title='bbox 3150 3968 3344 4025; x_wconf 83' lang='lat' dir='ltr'><strong>nostri</strong></span> <span class='ocrx_word' id='word_1_374' title='bbox 3350 3983 3374 4037; x_wconf 91' lang='lat'><strong>,·</strong></span> 
     </span>
     <span class='ocr_line' id='line_1_38' title="bbox 445 4048 3375 4129; baseline -0.002 -18"><span class='ocrx_word' id='word_1_375' title='bbox 445 4053 564 4111; x_wconf 91' lang='lat' dir='ltr'><strong>hoc</strong></span> <span class='ocrx_word' id='word_1_376' title='bbox 625 4062 746 4127; x_wconf 83' lang='lat' dir='ltr'><strong>est,</strong></span> <span class='ocrx_word' id='word_1_377' title='bbox 808 4052 1380 4129; x_wconf 81' lang='lat' dir='ltr'><strong>concupiscentiae..</strong></span> <span class='ocrx_word' id='word_1_378' title='bbox 1443 4051 1803 4129; x_wconf 76' lang='lat' dir='ltr'><strong>Superbiae,</strong></span> <span class='ocrx_word' id='word_1_379' title='bbox 1865 4050 2201 4127; x_wconf 74' lang='lat' dir='ltr'><strong>Auaritiae,</strong></span> <span class='ocrx_word' id='word_1_380' title='bbox 2262 4054 2317 4111; x_wconf 84' lang='lat'>&amp;</span> <span class='ocrx_word' id='word_1_381' title='bbox 2372 4050 2649 4110; x_wconf 89' lang='lat' dir='ltr'><strong>similium</strong></span> <span class='ocrx_word' id='word_1_382' title='bbox 2690 4048 2945 4126; x_wconf 80' lang='lat' dir='ltr'><strong>pestium</strong></span> <span class='ocrx_word' id='word_1_383' title='bbox 2983 4064 3131 4124; x_wconf 83' lang='lat' dir='ltr'><strong>quas</strong></span> <span class='ocrx_word' id='word_1_384' title='bbox 3172 4062 3375 4107; x_wconf 88' lang='lat' dir='ltr'><strong>secum</strong></span> 
     </span>
     <span class='ocr_line' id='line_1_39' title="bbox 445 4126 3377 4210; baseline -0.001 -19"><span class='ocrx_word' id='word_1_385' title='bbox 445 4132 622 4192; x_wconf 85' lang='lat' dir='ltr'><strong>trahit</strong></span> <span class='ocrx_word' id='word_1_386' title='bbox 663 4136 977 4210; x_wconf 55' lang='grc' dir='ltr'><strong>φιλαυτία,</strong></span> <span class='ocrx_word' id='word_1_387' title='bbox 1019 4133 1074 4191; x_wconf 88' lang='lat'>&amp;</span> <span class='ocrx_word' id='word_1_388' title='bbox 1117 4152 1189 4191; x_wconf 87' lang='lat' dir='ltr'><strong>ex</strong></span> <span class='ocrx_word' id='word_1_389' title='bbox 1229 4131 1444 4209; x_wconf 87' lang='lat' dir='ltr'><strong>quibus</strong></span> <span class='ocrx_word' id='word_1_390' title='bbox 1487 4143 1653 4192; x_wconf 86' lang='lat' dir='ltr'><strong>vetus</strong></span> <span class='ocrx_word' id='word_1_391' title='bbox 1694 4134 1880 4192; x_wconf 89' lang='lat' dir='ltr'><strong>homo</strong></span> <span class='ocrx_word' id='word_1_392' title='bbox 1923 4132 1980 4191; x_wconf 85' lang='lat'>&amp;</span> <span class='ocrx_word' id='word_1_393' title='bbox 2022 4150 2240 4208; x_wconf 87' lang='lat' dir='ltr'><strong>corpus</strong></span> <span class='ocrx_word' id='word_1_394' title='bbox 2281 4130 2512 4208; x_wconf 87' lang='lat' dir='ltr'><strong>peccati</strong></span> <span class='ocrx_word' id='word_1_395' title='bbox 2552 4140 2815 4207; x_wconf 84' lang='lat' dir='ltr'><strong>constat,</strong></span> <span class='ocrx_word' id='word_1_396' title='bbox 2855 4126 3377 4205; x_wconf 79' lang='lat' dir='ltr'><strong>componiturque.</strong></span> 
     </span>
     <span class='ocr_line' id='line_1_40' title="bbox 453 4210 1951 4287; baseline -0.001 -15"><span class='ocrx_word' id='word_1_397' title='bbox 453 4210 754 4272; x_wconf 86' lang='lat' dir='ltr'><strong>Posterior</strong></span> <span class='ocrx_word' id='word_1_398' title='bbox 785 4224 874 4271; x_wconf 89' lang='lat' dir='ltr'><strong>est</strong></span> <span class='ocrx_word' id='word_1_399' title='bbox 914 4213 1193 4287; x_wconf 81' lang='lat' dir='ltr'><strong>obligatio</strong></span> <span class='ocrx_word' id='word_1_400' title='bbox 1235 4215 1428 4272; x_wconf 78' lang='lat' dir='ltr'><strong>nostri</strong></span> <span class='ocrx_word' id='word_1_401' title='bbox 1465 4214 1622 4271; x_wconf 85' lang='lat' dir='ltr'><strong>facta</strong></span> <span class='ocrx_word' id='word_1_402' title='bbox 1667 4211 1951 4271; x_wconf 74' lang='lat' dir='ltr'><strong>Domine.</strong></span> 
     </span>
    </p>

    <p class='ocr_par' dir='ltr' id='par_1_13' title="bbox 453 4286 3369 4448">
     <span class='ocr_line' id='line_1_41' title="bbox 531 4286 3369 4369; baseline -0.002 -18"><span class='ocrx_word' id='word_1_403' title='bbox 531 4311 588 4367; x_wconf 88' lang='lat'><strong>3.</strong></span> <span class='ocrx_word' id='word_1_404' title='bbox 675 4291 866 4351; x_wconf 86' lang='lat' dir='ltr'><strong>Huius</strong></span> <span class='ocrx_word' id='word_1_405' title='bbox 928 4309 1158 4351; x_wconf 87' lang='lat' dir='ltr'><strong>summa</strong></span> <span class='ocrx_word' id='word_1_406' title='bbox 1210 4304 1332 4366; x_wconf 65' lang='lat' dir='ltr'><strong>est,</strong></span> <span class='ocrx_word' id='word_1_407' title='bbox 1402 4313 1452 4351; x_wconf 84' lang='lat'><strong>1.</strong></span> <span class='ocrx_word' id='word_1_408' title='bbox 1517 4302 1578 4351; x_wconf 89' lang='lat' dir='ltr'><strong>vt</strong></span> <span class='ocrx_word' id='word_1_409' title='bbox 1617 4305 1806 4351; x_wconf 89' lang='lat' dir='ltr'><strong>totam</strong></span> <span class='ocrx_word' id='word_1_410' title='bbox 1847 4291 2067 4369; x_wconf 86' lang='lat' dir='ltr'><strong>ingenij</strong></span> <span class='ocrx_word' id='word_1_411' title='bbox 2112 4290 2229 4350; x_wconf 86' lang='lat' dir='ltr'><strong>vim</strong></span> <span class='ocrx_word' id='word_1_412' title='bbox 2270 4291 2349 4349; x_wconf 89' lang='lat' dir='ltr'><strong>ad</strong></span> <span class='ocrx_word' id='word_1_413' title='bbox 2390 4288 2745 4367; x_wconf 86' lang='lat' dir='ltr'><strong>obsequium</strong></span> <span class='ocrx_word' id='word_1_414' title='bbox 2791 4291 2921 4349; x_wconf 87' lang='lat' dir='ltr'><strong>Deo</strong></span> <span class='ocrx_word' id='word_1_415' title='bbox 2962 4286 3229 4347; x_wconf 89' lang='lat' dir='ltr'><strong>debitum</strong></span> <span class='ocrx_word' id='word_1_416' title='bbox 3270 4306 3369 4363; x_wconf 89' lang='lat' dir='ltr'><strong>ap-</strong></span> 
     </span>
     <span class='ocr_line' id='line_1_42' title="bbox 453 4368 3366 4448; baseline -0.002 -19"><span class='ocrx_word' id='word_1_417' title='bbox 453 4371 760 4447; x_wconf 86' lang='lat' dir='ltr'><strong>plicemus.</strong></span> <span class='ocrx_word' id='word_1_418' title='bbox 823 4392 878 4431; x_wconf 83' lang='lat'><strong>2.</strong></span> <span class='ocrx_word' id='word_1_419' title='bbox 937 4390 1092 4448; x_wconf 83' lang='lat' dir='ltr'><strong>quae</strong></span> <span class='ocrx_word' id='word_1_420' title='bbox 1145 4392 1218 4433; x_wconf 82' lang='lat' dir='ltr'><strong>ex</strong></span> <span class='ocrx_word' id='word_1_421' title='bbox 1276 4371 1518 4432; x_wconf 88' lang='lat' dir='ltr'><strong>Domini</strong></span> <span class='ocrx_word' id='word_1_422' title='bbox 1558 4374 1864 4431; x_wconf 83' lang='lat' dir='ltr'><strong>voluntate</strong></span> <span class='ocrx_word' id='word_1_423' title='bbox 1905 4384 2067 4447; x_wconf 71' lang='lat' dir='ltr'><strong>sunt,</strong></span> <span class='ocrx_word' id='word_1_424' title='bbox 2110 4374 2165 4431; x_wconf 86' lang='lat'>&amp;</span> <span class='ocrx_word' id='word_1_425' title='bbox 2205 4370 2281 4429; x_wconf 89' lang='lat' dir='ltr'><strong>ad</strong></span> <span class='ocrx_word' id='word_1_426' title='bbox 2322 4370 2571 4447; x_wconf 87' lang='lat' dir='ltr'><strong>gloriam</strong></span> <span class='ocrx_word' id='word_1_427' title='bbox 2614 4368 2739 4433; x_wconf 81' lang='lat' dir='ltr'><strong>eius</strong></span> <span class='ocrx_word' id='word_1_428' title='bbox 2776 4368 3250 4445; x_wconf 81' lang='lat' dir='ltr'><strong>promouendam</strong></span> <span class='ocrx_word' id='word_1_429' title='bbox 3284 4368 3366 4424; x_wconf 83' lang='lat' dir='ltr'><strong>fa-</strong></span> 
     </span>
    </p>
   </div>
   <div class='ocr_carea' id='block_1_10' title="bbox 3178 4446 3373 4522">
    <p class='ocr_par' dir='ltr' id='par_1_14' title="bbox 3178 4446 3373 4522">
     <span class='ocr_line' id='line_1_43' title="bbox 3178 4446 3373 4522; baseline -0.015 -17"><span class='ocrx_word' id='word_1_430' title='bbox 3178 4446 3338 4505; x_wconf 85' lang='lat' dir='ltr'><strong>ciunt</strong></span> <span class='ocrx_word' id='word_1_431' title='bbox 3352 4490 3373 4522; x_wconf 55' lang='lat'>3</span> 
     </span>
    </p>
   </div>
  </div>
 </body>
</html>
