3923 4875
1402 363 1736 409 ‘razszs
1797 359 2450 408 rnaotoorcalt.
3273 367 3382 424 143

471 522 685 585 creatis
746 529 1091 603 hypostases
1152 527 1190 584 a
1248 546 1311 587 se
1364 525 1590 588 diuisae
1629 533 1763 586 sunt
1777 569 1795 601 ,
1835 522 1899 584 id
1936 521 2266 584 conditioni
2305 521 2564 601 ipsarum
2615 523 2811 584 finitae
2849 521 3230 584 tribuendum
3270 532 3385 583 est:

474 602 698 664 infinita
751 607 893 666 vero
948 604 1230 684 essentia,
1277 605 1327 666 si
1376 606 1737 668 diuideretur
1788 603 2115 664 secundum
2165 621 2448 680 personas
2463 648 2482 682 ,
2524 601 2644 663 iam
2684 622 2758 663 ex
2796 603 2952 662 sacto
2993 601 3219 663 infinita
3257 621 3386 664 esse

475 683 798 744 desineret:
857 696 1067 746 contra
1124 689 1269 746 vero
1332 686 1470 764 quia
1531 683 1757 745 infinita
1807 693 1927 762 est,
1979 701 2236 760 persona
2274 701 2391 743 vna
2429 693 2518 743 est
2553 682 2614 742 in
2657 685 2842 743 altera
2880 683 3388 760 quemadmodum

476 761 713 824 dicebat
772 763 1061 825 Christus·
1120 769 1288 827 Ioan.
1337 786 1427 841 14.
1468 767 1607 841 Ego
1644 783 1770 824 sum
1808 767 1871 823 in
1910 765 2125 841 Patre,
2177 764 2255 821 ὁ*
2293 763 2481 823 Pater
2521 765 2584 822 in
2621 782 2738 822 me:
2778 778 2960 840 quam
2999 781 3125 822 rem
3166 762 3380 822 Graeci

474 853 669 920 patres
707 841 1031 920 ἔνάλληλω
1070 845 1537 925 ἕμπεριχώρησιν
1550 889 1567 922 ,
1600 842 1945 904 Scholastici
1987 850 2251 902 mutuam
2291 841 2910 904 circumincessionem
2947 843 3334 919 appellarunt.

560 943 651 982 ro.
734 924 911 982 Vnde
963 931 1128 984 certo
1187 937 1421 984 constat
1470 942 1753 1000 personas
1812 941 1935 984 non
1995 940 2124 982 esse
2183 920 2400 982 diuisas
2458 925 2496 982 a
2533 940 2630 1001 se,
2677 923 2784 984 sed
2822 921 3128 982 distinctas
3167 923 3380 984 solum.

471 1004 669 1080 Atque
708 999 1005 1063 distinctio
1048 1007 1197 1064 haec
1234 1004 1331 1064 vel
1368 1013 1459 1065 est
1500 1019 1889 1082 personarum
1931 1010 2203 1080 respectu
2243 1001 2560 1082 essentiae,
2596 1004 2689 1064 vel
2705 1019 3095 1080 personarum
3117 999 3270 1062 inter
3287 1021 3382 1080 se,

475 1085 569 1142 vel
610 1081 863 1159 denique
898 1093 1140 1143 actuum
1176 1083 1595 1161 personalium.
1636 1085 1932 1144 Personae
1961 1083 2041 1142 ab
2082 1080 2334 1142 essentia
2347 1127 2364 1161 ‚
2398 1081 2502 1143 vbi
2533 1100 2672 1143 cum
2700 1081 2952 1142 essentia
2974 1082 3385 1142 tantummodo

479 1170 897 1240 comparantur
912 1208 929 1239 ‚
988 1162 1217 1223 ratione
1276 1165 1504 1224 tantum
1565 1161 1875 1224 differunt:
1928 1181 2070 1222 nam
2122 1179 2380 1240 persona
2417 1161 2478 1222 in
2517 1163 2654 1222 Deo
2689 1160 2838 1222 nihil
2875 1161 3035 1220 aliud
3075 1172 3166 1221 est
3205 1165 3386 1238 quam

474 1241 602 1319 ipsa
662 1239 912 1302 essentia
970 1241 1215 1323 Diuina,
1276 1244 1383 1304 sed
1436 1241 1495 1303 in
1548 1243 1907 1322 proprietate
1944 1259 2052 1302 sua
2089 1241 2562 1303 characteristica
2575 1286 2594 1322 ,
2655 1244 2713 1301 δι
2759 1240 3040 1302 distincto
3081 1241 3386 1320 ὕποὲρξοίως

473 1323 665 1401 τρόπῳ
704 1319 1094 1382 considerata.
1135 1324 1431 1384 Personae
1472 1327 1613 1384 vero
1652 1323 1801 1382 inter
1843 1342 1906 1384 se
1949 1340 2073 1382 non
2112 1321 2341 1382 ratione
2379 1324 2642 1400 tantum,
2681 1323 2789 1382 sed
2809 1320 3003 1399 reipsa
3021 1319 3384 1398 distinguun-

474 1410 597 1478 tur,
646 1399 708 1460 in
762 1416 880 1479 qua
937 1401 1317 1463 distinetione
1355 1401 1495 1464 reali
1535 1403 1854 1463 fundantur
1890 1403 1993 1464 illa
2030 1399 2234 1461 omnia
2274 1402 2350 1461 de
2393 1401 2608 1479 quibus
2649 1400 2927 1478 diximuS,
2967 1398 3386 1479 proprietates,

472 1478 813 1552 relationes,
846 1485 1246 1560 γνωρίσματα,
1288 1483 1398 1543 &c.
1438 1481 1877 1544 distinctionem
1918 1483 2075 1542 hanc
2114 1481 2434 1542 ostendunt
2476 1479 2725 1561 plurima
2763 1483 2818 1541 S.
2865 1479 3196 1557 Scripturae
3220 1482 3382 1558 loca,

472 1560 659 1619 Prou.
701 1563 759 1620 8.
804 1580 897 1632 24.
934 1575 1109 1620 loan.
1154 1577 1210 1638 5.
1258 1566 1351 1624 18.
1394 1582 1490 1639 23.
1534 1565 1628 1623 26.
1668 1564 1862 1628 Hebr.
1912 1580 2043 1637 1.3.
2082 1562 2256 1620 Ioan.
2308 1577 2396 1638 15.
2434 1564 2527 1623 26.
2569 1560 2766 1621 Primo
2807 1579 2880 1620 ea
2917 1578 3071 1638 quae
3091 1557 3380 1638 originem

472 1639 521 1698 F
522 1637 599 1714 ilij
643 1641 682 1698 a
720 1641 920 1716 Patre,
961 1640 1016 1699 δι
1056 1640 1304 1712 spiritus·
1332 1641 1521 1703 sancti
1572 1643 1650 1702 ab
1690 1653 1941 1720 vtroque
1981 1651 2284 1701 testantur.
2327 1660 2450 1701 non
2490 1651 2684 1722 potest
2723 1639 2880 1702 enim
2921 1639 3080 1700 idem
3110 1643 3147 1698 a
3166 1659 3228 1700 se
3251 1641 3380 1716 ipso

476 1717 743 1796 produci.
806 1719 1115 1797 Secundo,
1167 1720 1228 1781 in
1280 1721 1493 1798 quibus
1540 1741 1830 1801 personae
1879 1726 1916 1782 a
1954 1739 2018 1780 se
2057 1719 2208 1780 aliae
2246 1732 2567 1800 vocantur,
2607 1732 2670 1781 vt
2709 1722 2882 1780 Ioan.
2925 1736 2981 1797 5.
3025 1722 3196 1780 Pater
3235 1720 3381 1780 alius

474 1796 669 1878 testis,
701 1801 739 1858 a
772 1797 925 1876 filio,
966 1798 1199 1877 spiritus
1240 1813 1477 1863 sanetus
1516 1802 1663 1864 alius
1703 1802 2066 1880 παράκλητος
2106 1801 2184 1860 ab
2214 1811 2500 1880 vtroque,
2533 1803 2705 1862 Ioan.
2735 1820 2826 1874 14.
2865 1799 3136 1877 Denique
3157 1800 3384 1860 formae

475 1876 791 1958 loquendi,
854 1877 957 1938 vbi
994 1878 1148 1939 filius
1187 1879 1403 1942 dicitur
1440 1882 1601 1960 apud
1640 1897 1867 1960 patrem
1881 1924 1899 1958 ,
1938 1881 2012 1939 In
2049 1879 2180 1939 sinu
2217 1879 2404 1941 Patris
2420 1925 2437 1956 ,
2479 1881 2632 1942 Cum
2669 1891 2835 1957 patre
2849 1924 2870 1959 ,
2909 1881 2965 1940 &
3005 1878 3240 1940 similes,
3303 1883 3385 1940 At

474 1962 655 2035 quam
693 1956 894 2035 inepte
927 1959 1123 2019 forent
1159 1960 1273 2020 hae
1309 1961 1715 2039 loquutiones,
1754 1959 1805 2021 si
1842 1959 2032 2037 (quod
2073 1958 2218 2020 olim
2257 1963 2588 2036 nugabatur
2627 1958 2938 2036 Sabellius)
2970 1959 3120 2020 haec
3153 1961 3384 2020 tantum

480 2035 717 2098 diuersa
754 2047 952 2099 essent
988 2037 1161 2100 vnius
1198 2039 1283 2101 rei
1322 2040 1603 2102 nomina?

560 2136 651 2176 11.
728 2119 915 2178 Actus
954 2119 1292 2194 personales
1330 2118 1457 2198 (qui
1494 2122 1571 2182 ad
1611 2120 1766 2182 intra
1804 2123 2122 2195 vocantur)
2163 2137 2287 2179 non
2324 2118 2511 2197 magis
2530 2117 2956 2180 communicari
2975 2117 3101 2180 aliis
3122 2119 3386 2197 personis

474 2207 752 2274 possunt,
792 2201 973 2274 quam
1013 2217 1269 2275 persona
1308 2219 1427 2262 vna
1464 2201 1589 2262 fieri
1630 2209 1825 2278 potest
1861 2198 2010 2276 alia,
2051 2200 2256 2274 quales
2297 2208 2434 2259 sunt
2473 2198 2659 2258 Patris
2679 2198 2920 2277 gignere
2940 2200 2996 2259 ὅτ
3015 2199 3354 2277 conspirare
3370 2246 3387 2277 ,

474 2275 603 2351 Filii
644 2276 805 2355 gigni
844 2280 901 2338 &
938 2277 1301 2357 conspirare,
1344 2279 1577 2358 spiritus
1614 2279 1801 2341 sancti
1838 2279 2170 2358 procedere
2209 2280 2288 2339 ab
2322 2289 2572 2355 vtroque
2586 2324 2603 2354 ,
2626 2290 2689 2338 vt
2707 2277 2902 2338 Latini
2919 2282 3240 2355 loquuntur
3253 2324 3272 2359 ,
3291 2283 3387 2341 vel

475 2359 513 2415 a
550 2357 721 2416 Patre
760 2375 867 2434 per
906 2355 1123 2436 filium,
1163 2370 1229 2420 vt
1268 2359 1505 2421 Graeci.
1545 2360 1720 2421 Vnde
1752 2357 2015 2437 sequitur
2035 2359 2146 2418 hos
2165 2368 2332 2418 actus
2352 2377 2476 2418 non
2497 2357 2873 2418 deliberantis
2894 2376 3021 2419 esse
3043 2359 3387 2439 voluntatis,

476 2437 585 2497 sed
624 2447 885 2498 naturae.
925 2437 975 2497 si
1012 2436 1172 2499 enim
1211 2440 1591 2503 deliberantis
1631 2437 1947 2501 voluntatis
1993 2450 2218 2519 essent,
2265 2437 2382 2499 iam
2423 2457 2548 2498 non
2585 2437 2665 2498 ad
2702 2439 2886 2517 intra,
2929 2439 3034 2499 sed
3075 2439 3153 2501 ad
3193 2450 3382 2500 extra:

476 2536 599 2578 non
639 2516 861 2596 propr-ij
901 2518 1170 2596 personis
1184 2563 1203 2597 ,
1243 2522 1350 2581 sed
1390 2538 1736 2582 communes
1776 2515 2090 2581 essentiae:
2132 2536 2255 2579 non
2288 2517 2648 2579 necessitatis
2668 2516 2948 2579 naturalis
2965 2518 3070 2579 sed
3089 2520 3386 2597 potentiae

476 2596 697 2658 liberae
734 2597 1018 2658 euadent:
1058 2616 1132 2658 ex
1173 2599 1387 2677 quibus
1426 2600 1673 2679 Filium,
1711 2620 1785 2661 ac
1824 2598 2090 2677 spiritum
2130 2609 2432 2677 sanctum,
2473 2599 2529 2658 δι
2562 2608 2892 2659 creamram
2933 2616 3090 2677 esse,
3129 2601 3185 2659 &
3205 2598 3383 2660 etiam

478 2694 601 2738 non
642 2694 771 2738 esse
808 2696 987 2756 posse
1026 2690 1385 2755 sequeretur.
1439 2682 1533 2741 Ex
1569 2692 1819 2758 vtroque
1856 2688 2057 2740 autem
2095 2678 2215 2738 hoc
2254 2678 2432 2740 etiam
2471 2678 2806 2740 necessario
2846 2676 3173 2757 colligitur,
3213 2690 3379 2740 actus

476 2757 587 2817 hos
625 2765 749 2817 tam
786 2754 1015 2818 ratione
1053 2758 1351 2838 principii,
1393 2762 1576 2838 quam
1613 2760 1747 2821 finis
1786 2760 1855 2835 (f.
1899 2760 2095 2835 1626.)
2135 2776 2262 2819 oese
2301 2769 2572 2821 aeternos
2606 2760 2662 2819 δι
2683 2757 3098 2819 indesinentes,
3141 2758 3203 2818 Si
3222 2758 3380 2820 enim

478 2837 655 2897 smem
699 2836 1064 2916 habuerunt,
1112 2840 1423 2916 quomodo
1464 2859 1589 2902 non
1625 2838 1801 2900 suerit
1839 2848 1984 2899 tunc
2021 2837 2266 2917 aliquod
2307 2856 2431 2916 quo
2470 2839 2758 2917 producta
2790 2836 3215 2916 perfectionem
3255 2856 3385 2899 esse

476 2916 565 2977 sui
603 2916 823 2978 habere
862 2914 1225 2995 coeperunt?
1263 2920 1573 2997 quomodo
1613 2920 1780 2998 quod
1818 2919 2000 2979 finem
2039 2918 2220 2978 habet
2258 2935 2383 2978 non
2421 2918 2617 2996 potuit
2655 2917 2834 2979 etiam
2863 2918 3083 2978 habere
3119 2915 3382 2979 initium?

476 2996 785 3073 quomodo
834 2996 1088 3074 denique
1134 3016 1259 3060 non
1302 2998 1476 3061 fuerit
1513 2998 1630 3060 Dei
1669 2996 2050 3078 producentis
2087 3000 2143 3059 &
2187 2997 2518 3076 producere
2558 2998 2876 3060 desinentis
2915 2995 3196 3058 mutatio?
3254 2998 3382 3059 Nec

478 3074 614 3136 ideo
664 3086 866 3137 tamen
918 3076 1240 3155 successiui
1282 3090 1416 3141 sunt
1454 3089 1621 3140 actus
1659 3078 1753 3139 hi:
1796 3078 1937 3155 quia
1974 3079 2031 3139 &
2071 3075 2399 3139 aeternitati
2437 3078 2500 3138 id
2537 3087 2826 3157 repugnat
2863 3094 3015 3155 quae
3047 3086 3172 3139 tota
3210 3077 3383 3139 simul

480 3166 567 3216 est
604 3156 767 3233 quod
806 3168 924 3217 est:
968 3158 1025 3217 δι
1064 3168 1306 3220 naturae
1343 3158 1427 3221 rei
1466 3157 1961 3237 simplicissimae,
2001 3158 2167 3218 cuius
2205 3157 2519 3236 productio
2560 3158 2620 3219 in
2658 3156 2970 3219 effectione
3010 3158 3270 3235 perfecta
3284 3202 3302 3236 ,
3321 3157 3384 3217 in

480 3236 689 3375 effectg
740 3239 885 3328 itero
923 3248 1211 3315 perpetua
1248 3250 1337 3301 est
1350 3284 1367 3318 ‚
1408 3259 1547 3300 nam
1588 3238 1638 3299 si
1678 3258 1809 3299 esse
1848 3236 2247 3300 successiuum
2289 3239 2535 3300 haberet
2548 3283 2566 3317 ,
2606 3238 2726 3298 iam
2766 3236 3100 3299 necessario
3141 3237 3386 3316 simplex

480 3334 605 3376 esse
685 3326 951 3377 esmeret.

563 3414 653 3455 12.
732 3398 839 3458 Est
877 3397 934 3455 δι
973 3397 1135 3459 aliud
1172 3415 1357 3477 genus
1399 3398 1704 3460 actionum
1742 3396 2072 3459 diuinarum
2088 3441 2107 3476 ,
2135 3415 2243 3475 per
2261 3398 2426 3475 quod
2447 3416 2735 3476 personae
2754 3396 2930 3458 nobis
2951 3396 3384 3476 distinguuntur

480 3473 541 3534 in
579 3476 639 3536 S.
676 3474 887 3547 literis,
928 3494 1129 3538 earum
1170 3477 1393 3540 scilicet
1430 3496 1585 3557 quae
1623 3497 1737 3539 nec
1777 3482 1941 3539 mere
1979 3475 2318 3539 essentiales
2358 3489 2523 3556 sunt,
2545 3496 2660 3538 nec
2677 3481 2841 3538 mere
2861 3480 3224 3556 personales:
3249 3476 3388 3554 quia

478 3557 515 3613 a
576 3554 882 3616 communi
932 3557 1219 3650 termine,
1283 3557 1533 3621 essentia
1590 3557 1843 3637 scilicet,
1898 3557 1976 3619 ad
2029 3574 2412 3618 communem
2452 3556 2769 3618 terminum
2785 3601 2803 3636 ,
2843 3568 3170 3619 creaturam
3210 3568 3384 3635 puta,

480 3635 874 3697 communiter
926 3654 1049 3697 non
1092 3639 1395 3699 desinunt:
1437 3638 1543 3699 sed
1585 3638 1761 3716 medij
1802 3636 2036 3717 generis
2081 3647 2249 3717 sunt,
2289 3656 2443 3715 quae
2483 3637 2724 3715 quidem
2765 3637 2826 3698 in
2866 3637 3180 3698 terminum
3221 3654 3383 3696 com-

481 3732 751 3794 munem,
792 3715 856 3776 id
894 3725 985 3776 est
1022 3728 1351 3779 creaturam
1397 3720 1761 3794 deferuntur,
1803 3718 1859 3777 δι
1896 3718 1957 3779 in
2002 3716 2217 3795 quibus
2255 3716 2609 3797 principium
2651 3727 2820 3778 actus
2860 3729 2950 3777 est
2981 3716 3164 3777 virtus
3183 3714 3385 3777 diuina

480 3796 873 3856 communiter
912 3814 976 3857 se
1015 3795 1092 3856 ad
1130 3816 1341 3859 omnes
1375 3816 1657 3877 personas
1697 3800 1953 3877 habens,
2001 3797 2107 3858 sed
2147 3808 2345 3858 tamen
2383 3797 2668 3860 terminus
2685 3795 3058 3876 principaliS,
3077 3816 3183 3874 per
3202 3812 3382 3873 quem

478 3874 719 3936 effeetus
757 3875 842 3935 illi
880 3874 1047 3952 quasi
1085 3878 1243 3937 foras
1280 3885 1665 3957 promanant,
1703 3889 1794 3939 est
1831 3895 2106 3957 persona.
2145 3894 2266 3954 qua
2305 3878 2532 3939 ratione
2570 3888 2801 3957 patrem
2820 3888 3176 3938 creatorem:
3199 3874 3384 3935 filium

477 3952 847 4015 incarnatum
885 3966 1245 4017 seruatorem
1286 3962 1341 4019 δι
1382 3958 1846 4037 redemptoremz
1888 3956 2157 4037 spiritum
2189 3956 2650 4018 sanctificantem
2683 3958 3076 4035 appellamus:
3100 3958 3155 4017 &
3175 3955 3386 4016 similia

478 4036 679 4095 multa.
741 4036 850 4097 Est
895 4036 949 4101 δι
1001 4035 1171 4097 tertia
1222 4056 1294 4098 ex
1334 4036 1425 4099 his
1464 4056 1850 4117 personarum
1891 4036 2190 4099 distinctio
2206 4082 2224 4115 ,
2275 4038 2442 4114 quod
2483 4038 2807 4097 secundum
2845 4035 3112 4097 ordinem
3155 4034 3386 4097 essendi

476 4112 753 4192 illamque
806 4126 1113 4193 paternam
1176 4121 1510 4194 οἶκονομίαν
1570 4118 1739 4179 vnius
1789 4120 1867 4179 ab
1905 4118 2050 4197 alia,
2089 4116 2172 4177 ita
2209 4115 2388 4177 etiam
2426 4118 2579 4177 ordo
2619 4116 2967 4177 numerandi
3005 4134 3286 4194 personas
3325 4115 3386 4175 in

475 4193 535 4254 S.
580 4194 879 4273 Scriptura
916 4196 1039 4256 fere
1078 4197 1445 4259 obseruetur.

552 4273 884 4336 Asserimus
943 4292 1087 4353 ergo
1150 4276 1205 4335 &
1264 4295 1446 4338 voces
1504 4277 1935 4357 suprapositas,
1991 4279 2128 4337 cum
2177 4294 2285 4337 eae
2321 4275 2537 4355 partim
2575 4278 2612 4337 a
2651 4274 2951 4354 Scriptura
2989 4274 3135 4356 sint,
3172 4274 3386 4355 partim

471 4356 617 4413 vero
658 4355 985 4415 necessaria
1025 4354 1254 4417 ratione
1298 4356 1435 4417 inde
1476 4358 1849 4417 deducantur
1866 4402 1883 4437 ,
1924 4358 1985 4417 in
2022 4360 2142 4418 hoc
2183 4355 2464 4434 mysterio
2505 4357 2582 4417 ad
2611 4355 3006 4418 detectionem
3027 4356 3350 4417 haeresium
3369 4398 3386 4431 ,

3199 4440 3256 4495 δι
3299 4434 3384 4495 rei
