3923 4875
566 277 643 330 VI
801 231 807 236 ·
1796 273 2414 330 PRAEFATIO.

570 451 711 536 legi
736 451 1099 534 superbum
1140 452 1435 520 maxime
1453 449 2010 537 philosophorum
2031 469 2272 536 genus;
2297 449 2586 516 honaeinis
2605 467 2766 517 vero
2783 447 3082 516 arbitrio
3109 445 3346 516 frivola
3367 449 3510 536 ple-

564 561 847 627 rumque
897 541 1114 628 plebis
1160 543 1517 610 insolentia
1561 543 1988 628 imperitique
2025 542 2207 628 vulgi
2261 543 2478 608 rabies
2523 561 2792 606 cursum
2837 561 3053 606 rerum
3090 551 3292 626 atque
3317 563 3512 608 even-

565 642 710 701 tum
751 635 1153 701 moderatori
1200 634 1563 720 assignant.
1604 635 1783 701 Hinc
1807 644 1964 701 ante
1987 633 2326 700 saeculum
2351 633 2484 700 fere
2520 642 2717 699 atrox
2741 635 2869 699 ista
2889 633 3166 718 diraque
3195 634 3263 698 in
3289 633 3514 700 Gallia

564 745 781 792 rerum
818 727 1075 793 exstitit
1118 729 1563 794 commutatio
1599 746 1771 812 quae
1788 775 1806 806 ,
1852 729 2082 792 omnia
2111 726 2408 792 humana
2445 725 2670 792 divina
2707 745 2948 810 susque
2979 727 3200 810 deque
3223 735 3506 805 vertens,

562 835 703 884 non
745 825 1011 884 tantum
1043 838 1186 883 rem
1216 819 1501 898 civilem,
1544 825 1617 885 at
1662 837 1819 885 vero
1854 820 2226 886 universam
2265 817 2768 896 humanitatem,
2801 817 2897 882 sic
2931 816 3228 884 revoluta
3252 825 3512 902 pertur-

564 907 751 976 bavit
786 911 965 988 rota,
1006 919 1083 977 ut
1116 911 1191 976 in
1237 909 1534 976 reublica
1566 911 1795 996 populi
1844 911 2120 978 arbitrio
2137 961 2154 990 ,
2202 909 2273 974 in
2307 910 2444 976 vita
2483 906 2720 974 morali
2771 927 3082 974 sensuum
3129 909 3506 988 dictamini,

562 1002 631 1066 in
674 1001 992 1069 societate
1035 1003 1375 1068 certamini
1419 1003 1954 1081 commodorum,
1996 1003 2064 1068 in
2097 1002 2538 1067 sacrosanctis
2583 999 2870 1086 denique
2905 1001 3180 1067 rationis
3223 1001 3504 1086 placito,

562 1091 963 1160 diiudicandi
1032 1093 1135 1159 ius
1186 1093 1573 1161 inviolabile
1619 1103 1687 1161 et
1756 1096 2182 1162 moderamen
2248 1094 2742 1160 concederetur.
2821 1091 3090 1158 Etenim
3163 1090 3294 1158 hoc
3361 1112 3504 1160 ma-

562 1184 747 1250 xime
789 1193 862 1252 et
905 1187 1099 1251 unice
1147 1184 1276 1252 fere
1323 1185 1516 1252 huius
1562 1186 2091 1253 conturbationis
2137 1184 2340 1250 duces
2360 1236 2376 1265 ,
2439 1205 2592 1252 cum
2637 1186 2812 1252 inter
2856 1183 3104 1264 civileS,
3159 1193 3302 1250 tum
3331 1185 3502 1252 inter

562 1274 1003 1362 philosophos
1064 1278 1489 1361 spectabant,
1562 1288 1637 1345 ut
1698 1299 1787 1346 ex
1838 1278 2173 1344 humanae
2217 1276 2582 1343 voluntatis
2629 1275 2850 1342 radice
2895 1296 3070 1361 eque
3115 1275 3503 1343 mortalium

562 1368 806 1452 ingenii
853 1369 1177 1453 principio
1221 1377 1541 1454 tanquam
1590 1391 1805 1436 novus
1864 1375 2316 1455 procrearetur
2363 1369 2593 1436 mundi
2629 1377 2965 1452 aspectuS,
3006 1387 3182 1434 nova
3228 1369 3502 1434 omnino

562 1479 687 1543 pro
724 1459 1013 1526 hominis
1043 1459 1260 1527 lubitu
1282 1462 1667 1528 conderetur
1688 1463 1991 1541 societaS,
2025 1481 2208 1530 nova
2229 1461 2516 1547 denique
2541 1459 2816 1525 oriretur
2837 1457 3199 1544 theologia,
3228 1461 3298 1525 in
3321 1461 3504 1526 cuius

562 1551 839 1636 temp10,
888 1551 1080 1637 pulso
1126 1571 1391 1637 prorsus
1431 1553 1703 1620 mirifice
1733 1553 1974 1633 fallaci,
2001 1561 2074 1618 ut
2093 1553 2386 1630 aiebant,
2420 1553 2504 1619 de
2526 1559 2812 1636 peccato
2849 1551 3112 1620 somnio
3135 1551 3501 1619 exstincto-

560 1663 691 1728 que
730 1641 976 1710 Christi
1013 1643 1281 1727 lumine,
1334 1643 1663 1711 Rationis
1706 1650 2068 1712 Humanae
2105 1642 2404 1710 humana
2442 1643 2850 1729 perfectione
2895 1643 3324 1728 praecinctae
3367 1641 3502 1710 col·

560 1732 858 1802 lucerent
918 1734 1291 1820 lampades,
1361 1733 1547 1819 Quid
1617 1736 1857 1802 mirum
1923 1736 2131 1804 talem
2198 1737 2564 1802 amentiam
2631 1735 2909 1800 iamiam
2955 1735 3196 1820 cuique
3239 1736 3501 1819 optimo

559 1825 977 1894 inexorabile
1046 1828 1148 1893 sui
1218 1826 1639 1894 instillavisse
1692 1829 1960 1894 odium?
2042 1827 2291 1912 Fragili
2336 1827 2588 1894 scilicet
2639 1836 2846 1910 atque
2897 1835 3222 1912 perpetuo
3271 1826 3504 1893 mobili

564 1918 876 2002 imposita
942 1917 1255 1986 volubilis
1331 1920 1585 1985 arbitrii
1658 1922 1773 1986 axi
1860 1921 2033 1987 bene
2094 1918 2488 2005 placideque
2554 1918 3043 2003 conquievisset
3113 1917 3504 1986 universitas

558 2011 809 2074 rerum!
880 2009 1186 2077 Profecto
1247 2011 1445 2078 nimis
1484 2009 1652 2077 haec
1700 2012 2028 2078 insaniam
2083 2012 2460 2096 mentisque
2504 2009 2900 2095 perolebant
2939 2009 3246 2077 delirium
3292 2029 3502 2094 quam

562 2108 635 2166 ut
672 2102 977 2186 ingenuis
1014 2101 1261 2168 diutius
1292 2101 1751 2188 probarentur.
1786 2103 1965 2170 Hinc
1997 2124 2161 2168 mox
2195 2102 2284 2169 ab
2309 2097 2895 2188 „imaginatione”,
2920 2100 3006 2167 de
3027 2121 3160 2185 qua
3184 2100 3496 2180 diximuS,

558 2191 651 2258 ad
694 2191 1055 2259 historiam
1091 2195 1554 2280 undecumque
1602 2216 1897 2262 recursus
1910 2247 1926 2262 .
1977 2192 2276 2261 Sufficiat
2321 2195 2387 2258 in
2437 2193 2826 2260 memoriam
2866 2193 3121 2278 inclyta
3163 2192 3386 2259 Burkii
3431 2201 3502 2260 et

560 2281 803 2364 Gentii,
884 2283 952 2350 N
954 2285 1234 2352 iebuhrii
1300 2293 1369 2351 et
1436 2285 1755 2374 Savignyi
1780 2337 1797 2368 ,
1866 2287 2120 2354 Halleri
2183 2296 2250 2352 et
2304 2283 2536 2352 Steinii
2557 2335 2574 2368 ,
2643 2284 2928 2351 aliorum
2946 2332 2964 2363 ,
3012 2303 3329 2351 revocare
3375 2303 3499 2376 no-

558 2373 769 2457 mina,
818 2385 893 2445 ut
942 2396 1155 2445 novae
1199 2377 1442 2446 dehinc
1486 2376 1925 2461 „historicae”
1976 2399 2149 2465 quae
2193 2376 2565 2446 celebratur
2609 2376 2832 2445 scolae
2879 2375 3312 2445 intaminatus
3353 2376 3498 2445 uni-

562 2466 799 2552 cuique
846 2469 1145 2536 renideat
1189 2470 1523 2556 splendor.

650 2558 735 2624 11.
830 2558 1077 2627 Errant
1120 2570 1345 2629 tamen
1373 2611 1391 2642 ,
1459 2560 1730 2647 quibuS,
1778 2570 1853 2629 ut
1895 2581 1938 2628 a
1985 2562 2156 2628 facie
2195 2562 2560 2628 coniiciunt
2576 2609 2596 2641 ,
2663 2582 2900 2629 omnes
2940 2562 3074 2628 iam
3117 2560 3232 2648 qui
3277 2559 3500 2645 pristi-

560 2671 720 2717 nam
784 2651 1025 2719 faciem
1090 2654 1391 2721 societati
1440 2674 1761 2738 reponere
1830 2656 2147 2720 studeant
2163 2702 2179 2731 ,
2243 2653 2492 2719 idcirco
2571 2672 2776 2719 unam
2845 2673 3117 2739 quoque
3185 2652 3498 2719 eandem-

558 2762 689 2829 que
756 2744 883 2809 sibi
952 2745 1234 2814 traxisse
1301 2746 1599 2813 videntur
1666 2745 1927 2811 faciem.
2031 2745 2531 2830 Retrospiciunt
2605 2746 2876 2829 quidem
2951 2764 3205 2824 omnes,
3266 2762 3499 2811 omnes

560 2854 792 2918 presso
849 2838 1021 2921 pede
1068 2837 1360 2903 minusve
1407 2837 1605 2903 celeri
1650 2838 1861 2921 gradu
1919 2838 2492 2922 retrogradiuntur
2531 2838 2657 2920 ipsi
2695 2858 3056 2923 secumque
3117 2838 3358 2904 ducere
3401 2855 3500 2901 re-

560 2933 842 2990 trorsum
865 2929 1080 3009 miniS,
1120 2929 1467 3009 illecebris,
1502 2928 1782 3013 scriptiS,
1808 2949 2001 2995 suam
2024 2939 2355 2995 conantur
2377 2938 2690 3007 aetatem,
2721 2966 2812 2981 ·-
2845 2929 2961 2996 alii
2986 2949 3144 2995 vero
3165 2927 3298 2994 alio
3319 2926 3502 2994 citati

560 3015 865 3097 stimu10,
906 3019 1041 3085 alio
1088 3020 1200 3086 alii
1247 3030 1648 3107 spectantes.
1697 3020 1842 3086 Imo
1889 3021 2368 3105 quadripertita
2405 3022 2950 3087 commodissime
2981 3020 3298 3086 h1storica
3332 3020 3500 3085 haec

563 3128 735 3192 quae
780 3109 1154 3195 appellatur
1197 3113 1383 3178 scola
1428 3111 1743 3178 dividitur
1790 3121 1907 3179 aut
1950 3122 2194 3197 sponte
2238 3114 2460 3197 potius
2498 3112 2808 3179 dilabitur
2865 3114 3033 3197 ipsa.
3103 3109 3274 3181 Sunt
3319 3113 3500 3177 enim

566 3200 677 3283 qui
728 3201 814 3266 ad
853 3200 1325 3286 popularium,
1366 3213 1523 3269 sunt
1559 3206 1673 3288 qui
1722 3204 1810 3270 ad
1835 3203 2362 3283 christianismi,
2405 3214 2560 3269 sunt
2605 3205 2717 3288 qui
2763 3204 2852 3271 ad
2888 3203 3216 3269 classicae
3243 3204 3498 3281 aetatis,

562 3300 723 3356 sunt
784 3293 1073 3376 denique
1136 3294 1247 3378 qui
1307 3294 1399 3359 ad
1458 3296 1664 3361 totius
1725 3296 2042 3362 universi
2077 3295 2380 3380 origines
2439 3294 2800 3364 reflectunt.
2887 3294 2993 3360 Illi
3055 3316 3228 3379 quos
3287 3294 3504 3380 primo

566 3383 901 3449 nominavi
956 3383 1109 3450 loco
1126 3434 1142 3463 ,
1216 3406 1253 3450 e
1312 3386 1667 3451 mundanis
1682 3434 1699 3464 ,
1748 3389 1862 3471 qui
1924 3396 2112 3453 erant
2128 3437 2144 3465 ,
2205 3388 2460 3471 patriae
2531 3407 2758 3453 amore
2826 3388 3094 3465 imbuti,
3158 3386 3505 3452 clamitant

566 3473 947 3558 popularoe,
996 3497 1099 3553 ne,
1140 3477 1343 3542 totius
1392 3476 1571 3543 orbis
1620 3478 1897 3558 incolae,
1945 3500 2108 3545 suae
2144 3480 2363 3563 gentis
2407 3479 2584 3545 cives
2621 3500 2767 3545 esse
2811 3478 3124 3545 desinant
3141 3526 3158 3555 ,
3207 3478 3501 3562 linguam

564 3564 825 3630 interim
894 3568 1181 3651 patriam
1198 3618 1215 3647 ,
1274 3569 1494 3652 patria
1550 3569 1698 3633 iura
1766 3578 1972 3651 atque
2037 3571 2365 3649 instituta,
2437 3590 2838 3655 proavorum
2910 3569 3208 3635 facinora
3226 3620 3242 3649 ,
3310 3568 3502 3635 dulce

566 3656 788 3722 natale
830 3658 1049 3723 solum
1092 3680 1175 3724 ne
1216 3660 1571 3744 negligere,
1623 3661 1761 3723 imo
1814 3658 2173 3744 despicere,
2223 3672 2527 3746 pergant,
2576 3662 3012 3729 obtestantes.
3060 3658 3250 3745 Quos
3273 3668 3504 3725 contra

566 3747 961 3832 politissima
985 3751 1211 3834 potius
1232 3752 1642 3835 antiquitatis
1664 3750 1915 3835 pellicit
1937 3760 2251 3817 venustas
2275 3774 2480 3836 quam
2505 3756 2851 3839 penatium
2877 3752 3162 3838 impellit
3181 3752 3499 3829 studium,

567 3840 648 3919 ii,
700 3838 871 3905 ultra
912 3844 1129 3925 gentis
1168 3843 1454 3927 origines
1474 3894 1490 3923 ,
1531 3842 1841 3908 Athenas
1888 3864 2008 3908 nos
2062 3842 2484 3928 Romamque
2531 3846 2856 3913 reducunt
2873 3894 2892 3927 .,
2941 3853 3015 3910 ut
3057 3846 3125 3909 in
3169 3844 3356 3911 suavi
3392 3843 3508 3909 illa

570 3940 638 3995 et
696 3952 982 3996 amoena
1001 3981 1017 4009 ,
1100 3954 1233 4018 qua
1291 3935 1695 4019 Areopagus
1751 3933 1914 3999 olim
1975 3934 2356 4019 Forumque
2418 3936 2629 4002 fructa
2679 3940 2844 4017 sint,
2907 3937 3083 4002 vitae
3130 3936 3502 4001 urbanitate

568 4022 761 4090 nobis
804 4043 1073 4107 quoque
1119 4026 1297 4090 vitae
1343 4026 1707 4109 perfectum
1747 4026 2143 4104 exhibeant,
2186 4029 2658 4093 commendent
2677 4079 2694 4107 ,
2735 4032 3090 4114 imponant
3133 4026 3500 4111 exemplar.

567 4112 796 4178 Altius
858 4116 1059 4181 etiam
1120 4118 1297 4182 viam
1355 4124 1729 4202 repetentes
1778 4117 2080 4195 ultimae,
2145 4139 2346 4202 quam
2406 4118 2888 4204 significabam,
2927 4118 3156 4185 classis
3201 4119 3505 4185 homines

564 4206 653 4270 ad
688 4204 891 4289 ipsius
928 4215 1208 4273 naturae
1251 4228 1602 4293 rerumque
1632 4210 1933 4277 omnium
1961 4209 2326 4277 deveniunt
2360 4212 2646 4296 origines
2660 4262 2677 4291 ,
2724 4220 2828 4291 ut,
2874 4208 3254 4277 Stoicorum
3301 4212 3506 4275 instar

3321 4310 3502 4368 vete·
