3923 4875
1388 369 1493 412 nn
1548 369 1769 412 vana
1830 366 2372 413 THEOLOGIA.
3278 358 3357 433 69

434 531 650 612 nostri,
709 539 774 590 vt
831 531 907 591 de
946 526 1327 608 corruptione
1364 538 1607 590 naturae
1642 539 1881 591 nostrae
1918 546 2162 607 agamus
2198 527 2566 606 singulariter
2579 574 2596 606 ,
2637 539 2738 589 aut
2777 528 2856 589 de
2898 539 3032 588 ortu
3073 532 3129 590 δι
3169 533 3356 594 modo

436 610 833 690 corruptionis
896 608 1080 670 illius:
1141 609 1205 669 id
1262 609 1491 669 tantum
1550 609 1611 670 in
1671 609 2002 687 praesentia
2059 626 2334 689 agemus,
2394 618 2459 669 vt
2519 609 2764 670 modum
2807 625 2910 668 seu
2953 610 3358 674 conditionem

436 691 715 752 naturalis
752 690 905 752 illius
935 687 1329 768 Theologiae,
1359 709 1433 750 ex
1466 707 1589 766 quo
1621 689 1683 750 in
1710 701 2027 769 peccatum
2060 691 2246 750 homo
2279 688 2491 749 misere
2519 691 2720 766 lapsus
2749 698 2870 766 est,
2904 708 3356 768 cognoscamus.

432 775 659 833 Notum
698 781 896 832 autem
938 781 1027 830 est
1064 769 1211 830 illud
1251 769 1313 828 in
1348 771 1531 848 vulgo
1559 771 1749 848 (quod
1782 770 2007 849 optime
2041 768 2361 831 orthodoxi
2391 771 2591 829 Patres
2605 815 2623 844 .,
2657 772 2712 829 &
2746 768 3093 830 Scholastici
3112 772 3360 850 vestigia

432 852 670 913 illorum
728 851 993 930 sequuti,
1055 849 1447 927 tradiderunt)
1502 869 1717 928 nempe
1756 850 2044 912 naturalia
2083 851 2244 910 dona
2279 859 2558 926 corrupta
2597 867 2724 910 esse
2738 895 2756 928 ‚
2799 851 2855 908 δι
2895 851 3358 927 supernaturalia

430 932 665 993 amissa.
723 933 817 992 Ex
873 934 994 992 hoc
1031 930 1193 991 dicto
1234 930 1315 990 ita
1354 930 1662 990 statuimus
1702 930 2097 1009 Theologiam
2137 931 2672 1008 supernaturalem,
2719 931 2878 990 velut
2918 929 3256 991 abdicatam
3297 934 3353 990 δε

432 1015 727 1091 repulsam
765 1009 1170 1089 indignissime
1208 1021 1457 1087 peccato
1502 1010 1787 1089 hominis,
1826 1011 1969 1071 hinc
2011 1030 2074 1071 se
2114 1010 2176 1071 in
2210 1010 2412 1070 coelos
2433 1009 2756 1086 recepisse:
2797 1009 3191 1086 Theologiam
3213 1017 3354 1072 vero

430 1095 759 1153 naturalem
777 1136 795 1170 ,
827 1101 892 1151 vt
924 1100 1157 1150 caetera
1190 1089 1392 1152 omnia
1424 1108 1577 1168 quae
1609 1111 1684 1152 ex
1715 1101 1924 1152 natura
1956 1103 2120 1169 sunt,
2155 1089 2332 1151 fuisse
2367 1099 2724 1167 corruptam.
2765 1088 3002 1149 Etenim
3043 1093 3354 1166 quomodo

427 1171 775 1249 incorrupta
812 1170 1101 1249 potuisset
1136 1170 1198 1230 in
1239 1170 1509 1231 subiecto
1548 1181 1832 1249 corrupto
1871 1170 2038 1231 omni
2080 1190 2154 1231 ex
2193 1179 2361 1248 parte
2399 1167 2780 1246 permanere?
2820 1167 2996 1230 Istius
3036 1175 3180 1232 vero
3221 1191 3350 1231 cor-

431 1251 721 1330 ruptionis
781 1251 997 1312 modus
1055 1249 1327 1310 bifariam
1379 1252 1788 1312 obseruandus
1830 1262 1948 1312 est:
2010 1250 2266 1329 primum
2317 1249 2378 1310 in
2423 1247 2844 1310 constitutione
2885 1248 3136 1310 subiecti
3173 1250 3356 1329 ipsius

426 1329 928 1410 singulariumque
966 1330 1221 1408 partium
1261 1329 1442 1391 illius:
1498 1331 1777 1392 Secundo
1817 1331 1880 1391 in
1920 1329 2172 1391 subiecti
2211 1332 2266 1389 &
2306 1328 2562 1408 partium
2603 1328 2728 1390 eius
2762 1329 2916 1389 inter
2955 1348 3018 1388 se
3057 1341 3236 1408 atque
3275 1333 3354 1392 ad

430 1411 545 1472 alia
605 1411 807 1472 omnia
845 1409 1239 1472 ordinatione.
1278 1413 1350 1470 In
1388 1410 1659 1472 subiecto
1699 1408 1874 1489 igitur
1912 1415 2002 1487 (vt
2039 1414 2178 1471 ante
2217 1409 2586 1486 dicebamus)
2628 1408 2859 1470 inerant
2899 1408 3039 1470 ista:
3085 1411 3145 1471 in
3185 1411 3353 1472 intel-

430 1495 590 1552 lectu
652 1489 940 1569 principia
957 1537 974 1570 ,
1035 1493 1090 1551 δε
1150 1490 1213 1550 in
1272 1500 1473 1551 mente
1532 1490 1683 1552 ratio
1699 1537 1716 1570 ,
1774 1492 1932 1553 vnde
1976 1489 2281 1551 scientiam
2323 1489 2580 1566 aliquam
2619 1489 2898 1550 naturalis
2936 1491 3120 1551 homo
3159 1491 3359 1569 potuit

432 1569 757 1649 acquirere.
796 1571 915 1632 Sed
954 1573 1094 1631 cum
1134 1590 1203 1631 ea
1242 1568 1533 1648 principia
1572 1571 1633 1630 in
1672 1581 1883 1632 natura
1922 1570 2182 1631 hominis
2219 1569 2446 1648 integra
2485 1589 2559 1630 ex
2599 1569 3000 1630 incommodis
3039 1571 3157 1631 suis
3185 1573 3348 1633 labo-

433 1649 724 1730 rauerint,
763 1651 1025 1728 itemque
1062 1670 1174 1728 pro
1215 1649 1558 1712 conditione
1597 1650 2024 1729 principiorum
2064 1670 2187 1712 non
2227 1649 2402 1710 fuerit
2440 1649 2844 1710 mutabilitatis
2865 1669 3073 1741 expers
3093 1651 3352 1711 humana

434 1729 616 1812 ratio;
678 1733 837 1791 certe
895 1731 1046 1791 haec
1104 1729 1491 1791 incommoda
1550 1751 1674 1791 non
1736 1731 1929 1810 potuit
1987 1749 2195 1791 curare
2248 1729 2668 1808 superueniens
2721 1729 2979 1790 hominis
3020 1731 3323 1808 corruptio
3341 1777 3358 1809 ‚

433 1830 555 1872 non
615 1828 849 1872 seruare
907 1809 968 1871 in
1030 1811 1243 1871 eodem
1304 1820 1487 1888 statu3
1554 1831 1677 1872 non
1738 1810 1996 1888 denique
2047 1814 2085 1870 a
2126 1809 2516 1872 diminutione
2556 1812 2676 1870 vlla
2713 1809 2979 1887 ipsorum
3019 1811 3358 1872 defendere.

431 1895 638 1969 Itaque
700 1890 749 1951 si
806 1893 944 1951 ante
1004 1889 1346 1952 communia
1405 1893 1641 1952 fuerunt
1700 1891 1763 1951 in
1822 1890 2098 1970 singuliS,
2141 1890 2319 1952 etiam
2359 1889 2701 1951 communia
2739 1900 3216 1968 permanserunt,
3257 1892 3362 1951 sed

430 1972 747 2031 infestante
804 1969 976 2030 vitio:
1039 1970 1088 2030 si
1147 1972 1403 2032 obscura
1441 1974 1704 2048 fuerant,
1742 1971 1920 2033 etiam
1959 1973 2138 2063 longe
2177 1969 2524 2032 obscuriora
2564 1971 2774 2030 effecta
2811 1978 2975 2031 sunt:
3019 1969 3068 2030 si
3107 1971 3364 2048 denique

432 2050 579 2127 im(f.
622 2053 1113 2142 1395.)perfecta‚
1142 2051 1388 2112 omnino
1418 2050 1479 2110 in
1508 2052 1844 2129 grauiorem
1867 2053 2055 2111 multo
2076 2051 2584 2128 imperfectionem
2605 2059 2981 2128 corruerunt3
3015 2069 3088 2109 ac
3107 2051 3360 2142 proinde

430 2149 553 2190 non
594 2141 789 2208 potuit
829 2129 980 2191 ratio
1020 2129 1277 2191 hominis
1316 2131 1377 2192 in
1418 2130 1585 2209 peius
1627 2151 1751 2192 non
1793 2131 1965 2210 ferri,
2006 2134 2062 2192 &
2101 2130 2443 2208 grauissime
2473 2129 2923 2208 turpissimeque
2943 2129 3153 2190 vitiari.
3197 2131 3356 2206 Qua·

433 2220 677 2289 propter
739 2209 1039 2271 verissime
1096 2209 1242 2270 illud
1302 2212 1377 2271 de
1417 2222 1627 2271 natura
1666 2211 1923 2272 hominis
1963 2209 2292 2288 praedicari
2333 2219 2558 2288 potest,
2597 2221 2662 2269 vt
2701 2219 2972 2270 naturam
3013 2220 3201 2270 totam
3217 2257 3234 2288 ‚
3273 2212 3358 2271 sic

434 2290 611 2350 etiarn
670 2288 961 2367 principia
1014 2289 1138 2350 eius
1196 2290 1397 2351 omnia
1452 2291 1627 2352 fuisse
1669 2291 1728 2351 in
1768 2290 1976 2370 seipsis
2017 2289 2484 2370 corruptissima3
2525 2289 2866 2368 praesertim
2907 2295 3046 2350 vero
3090 2309 3242 2368 quae
3283 2291 3360 2352 ad

431 2369 827 2449 Theologiam
870 2381 1281 2448 spectauerunt
1297 2417 1313 2449 .,
1356 2370 1522 2431 cuius
1562 2371 1893 2432 subiectum
1934 2388 2112 2449 supra
2151 2381 2338 2431 totam
2377 2381 2646 2430 naturam
2686 2380 2776 2430 est
2812 2387 3009 2430 rerum
3031 2381 3360 2430 creatarum

435 2450 733 2529 omnium3
794 2470 907 2509 nec
966 2454 1003 2511 a
1042 2461 1252 2511 natura
1294 2450 1423 2529 ipsa
1460 2452 1687 2530 integra
1726 2452 1893 2513 aliter
1929 2452 2220 2531 prehendi
2258 2460 2489 2531 potest3
2530 2454 2709 2528 quam
2751 2468 2862 2528 pro
2901 2459 3142 2511 naturae
3181 2451 3362 2529 ipsius

435 2531 641 2593 modo,
702 2532 915 2607 Neque
964 2532 1157 2591 solum
1208 2531 1335 2609 ipsa
1389 2531 1446 2591 in
1503 2550 1630 2593 sese
1686 2535 1918 2593 fuerunt
1959 2531 2431 2610 corruptissima,
2471 2531 2578 2591 sed
2619 2531 2804 2608 (quod
2844 2529 3094 2607 amplius
3135 2536 3244 2605 est)
3284 2534 3362 2590 ab

434 2609 601 2671 omni
631 2610 785 2670 iusto
821 2610 1031 2671 ordine
1060 2612 1118 2669 &
1149 2612 1436 2672 relatione
1469 2612 1861 2673 conueniente
1895 2611 2050 2672 inter
2082 2632 2146 2672 se
2165 2610 2545 2673 alienissima:
2581 2630 2722 2670 nam
2741 2608 2886 2687 quid
2906 2609 3092 2687 magis
3113 2611 3362 2669 ἄτακτον

430 2708 537 2751 seu
598 2689 996 2751 inordinatum
1036 2689 1283 2769 cogitari
1322 2702 1550 2769 potest,
1594 2696 1773 2770 quam
1818 2692 1867 2752 si
1909 2692 2040 2770 quis
2081 2712 2194 2752 nec
2233 2708 2370 2752 cum
2411 2700 2541 2752 toto
2583 2708 2723 2768 suo,
2764 2709 2876 2749 nec
2918 2708 3056 2749 cum
3096 2689 3360 2767 partibus

429 2770 610 2830 totius
667 2768 820 2830 illius
881 2769 999 2848 sui,
1058 2790 1171 2831 nec
1234 2789 1371 2831 cum
1432 2771 1561 2832 aliis
1611 2784 1775 2832 extra
1815 2782 2006 2833 totum
2051 2790 2255 2851 suurn,
2296 2770 2568 2831 ordinem
2607 2768 2876 2831 debitum
2917 2767 3359 2830 obseruauerit?

426 2849 736 2910 Eiusmodi
778 2860 975 2911 autem
1015 2850 1076 2909 in
1118 2850 1364 2911 homine
1407 2854 1573 2930 lapso
1614 2851 1714 2912 illa
1756 2852 1885 2931 ipsa
1923 2851 2216 2931 principia
2256 2851 2455 2912 statim
2488 2859 2796 2929 comperta
2815 2860 2982 2909 sunt:
3018 2860 3360 2910 manserunt

421 2928 713 3009 principia
750 2930 959 2990 eadem
1002 2930 1421 3010 fundament0‚
1466 2933 1573 2992 sed
1615 2934 1802 2993 modo
1844 2932 2272 2997 diuersissima:
2315 2934 2452 2991 cum
2491 2950 2606 2991 nec
2647 2930 2709 2990 in
2751 2950 2816 2991 se
2853 2928 3012 3007 ipsa,
3057 2949 3169 2989 nec
3209 2928 3360 2988 inter

424 3030 521 3087 se,
581 3021 685 3070 aut
742 3028 881 3071 cum
932 3009 1061 3070 aliis
1100 3010 1402 3089 potuerint
1438 3022 1637 3073 tenere
1678 3014 1945 3074 modum.
1989 3015 2188 3089 Atque
2225 3012 2375 3071 haec
2415 3028 2596 3072 causa
2633 3020 2752 3087 est,
2794 3027 2902 3070 cur
2939 3009 3068 3088 ipsa
3107 3009 3260 3070 inter
3299 3028 3362 3069 se

423 3089 602 3151 fuisse
643 3088 895 3151 dicimus
936 3089 1485 3171 conturbatissima‚
1523 3103 1807 3171 tanquam
1847 3094 2062 3153 rudera
2100 3102 2348 3152 naturae
2387 3089 2632 3151 iacentis
2647 3136 2665 3169 ,
2705 3093 2761 3151 δι
2800 3088 3013 3151 misere
3033 3099 3362 3169 prostratae

423 3168 591 3249 graui
648 3186 790 3229 casu
829 3180 1055 3233 nostro,
1117 3171 1647 3246 Quemadmodum
1688 3173 1847 3233 enim
1888 3173 2107 3232 domus
2146 3170 2460 3251 elegantiS‚
2501 3170 2551 3231 si
2589 3169 2938 3249 grauissimo
2979 3186 3123 3231 casu
3164 3170 3358 3229 detur-

428 3249 698 3326 babitur,
738 3253 794 3309 δε
832 3248 893 3309 vi
930 3251 1155 3310 maiore
1195 3250 1393 3329 aliqua
1432 3262 1668 3313 corruet
1710 3262 2020 3313 momento
2061 3270 2180 3313 vno
2197 3298 2215 3331 ,
2256 3250 2452 3312 omnis
2491 3253 2686 3311 forma
2726 3249 3002 3330 disperit3
3045 3254 3101 3311 δε
3131 3259 3354 3328 parteS,

431 3328 704 3407 quamuis
742 3329 965 3390 affabre
1004 3333 1193 3391 factae
1210 3376 1226 3409 ,
1265 3350 1560 3410 supraque
1598 3332 1846 3393 modum
1886 3331 2219 3410 speciosae,
2258 3330 2538 3406 afflictae,
2580 3340 3013 3410 corruptaeque
3053 3330 3279 3408 iacent,
3301 3332 3356 3389 &

428 3412 615 3469 latent
652 3410 915 3486 sepultae
956 3408 1017 3469 in
1057 3409 1285 3471 aceruis
1325 3413 1631 3472 ruderum:
1673 3416 1764 3472 Ita
1802 3411 1980 3473 ctiam
2013 3410 2300 3489 quicquid
2328 3411 2390 3472 in
2421 3421 2630 3471 natura
2659 3413 2919 3471 humana
2953 3410 3060 3470 fuit
3092 3412 3358 3488 elegans,

428 3488 601 3567 abiit,
662 3492 719 3549 δε
774 3498 1057 3565 tanquam
1096 3490 1158 3549 in
1201 3494 1362 3552 mole
1400 3492 1693 3571 indigesta
1732 3496 1786 3553 δι
1825 3491 2226 3570 incomposita
2265 3489 2598 3552 vitiositatis
2636 3501 2874 3551 nostrae
2913 3490 3207 3569 sepultum
3250 3498 3357 3550 est.

428 3572 555 3629 Iam
595 3578 965 3646 postremum
1006 3580 1217 3646 restat,
1258 3581 1324 3629 vt
1363 3573 1441 3632 de
1481 3591 1662 3650 opere
1702 3572 2045 3650 effectisque
2085 3582 2331 3632 naturae
2369 3570 2524 3631 illius
2563 3575 2620 3632 δε
2663 3569 3086 3649 principiorum
3127 3580 3356 3629 natura-

428 3648 571 3709 lium
613 3649 673 3707 in
712 3666 787 3708 ea
830 3646 1154 3710 videamus
1198 3651 1375 3710 Certe
1419 3652 1468 3712 si
1512 3650 1935 3730 principiorum
1979 3654 2035 3712 &
2074 3661 2316 3712 naturae
2355 3650 2538 3712 totius
2579 3660 2818 3711 nostrae
2858 3650 2974 3711 iam
2995 3667 3181 3728 vsque
3202 3650 3354 3709 adeo

429 3728 579 3789 exile
637 3745 791 3805 opus
851 3736 967 3806 est,
1028 3729 1205 3790 etiam
1246 3730 1306 3789 in
1348 3730 1419 3791 iis
1458 3734 1635 3793 rebus
1673 3732 1752 3793 ad
1792 3750 1940 3809 quas
1981 3742 2188 3792 natura
2226 3742 2424 3809 potest
2461 3748 2800 3810 assurgere3
2841 3732 3027 3790 multo
3065 3729 3252 3807 magis
3293 3728 3354 3788 in

428 3807 763 3885 Theologia
802 3808 1053 3869 naturali
1092 3808 1398 3871 infirmitas
1439 3816 1495 3873 δι
1535 3811 1905 3873 imbecillitas
1945 3822 2190 3873 naturae
2229 3810 2773 3889 principiorumque
2793 3809 2945 3871 illius
2965 3810 3220 3869 tenenda
3239 3820 3352 3869 est:

428 3891 567 3949 cum
606 3887 940 3949 subiectum
980 3890 1347 3967 Theologiae
1387 3894 1425 3951 a
1462 3902 1671 3952 natura
1710 3892 1823 3952 hac
1861 3912 1988 3953 non
2020 3891 2211 3971 possit
2231 3890 2689 3971 comprehendi3
2721 3891 2826 3951 sed
2847 3899 3116 3949 naturam
3137 3898 3354 3967 totam,

427 3988 498 4029 ac
533 3987 659 4028 non
698 3968 906 4029 solum·
936 3968 1193 4030 hominis
1232 3971 1517 4049 cuiusque
1558 3970 1849 4032 infinitum
1890 3984 2147 4051 superet.

507 4050 601 4109 De
637 4047 972 4125 Tbeologia
1009 4046 1207 4126 itaque
1246 4050 1528 4129 naturali,
1570 4051 1618 4113 si
1658 4054 1738 4112 ad
1776 4071 1927 4131 opus
1968 4053 2147 4131 ipsius
2188 4052 2516 4127 effectaque
2555 4048 2968 4128 respiciamus.,
3008 4068 3082 4109 ex
3121 4058 3353 4109 antece-

426 4128 703 4189 dentibus
744 4125 825 4187 ita
864 4129 1300 4191 concludimus.
1364 4134 1537 4192 Thes.
1577 4149 1705 4191 mx.
1762 4134 1975 4211 Itaque
2009 4136 2152 4193 haec
2199 4134 2262 4191 T
2251 4132 2519 4205 heologia
2556 4132 2710 4189 nihil
2750 4132 2978 4189 omnino
3017 4132 3104 4189 acl
3123 4131 3353 4208 perfec-

422 4212 629 4269 tionem
674 4214 866 4285 potest
902 4210 1226 4285 perducere
1239 4256 1257 4289 ‚
1308 4232 1410 4271 nec
1459 4214 1735 4289 perducit
1778 4234 2030 4290 vnqvam
2048 4233 2067 4270 :
2123 4230 2193 4272 ac
2247 4231 2318 4271 ne
2347 4211 2727 4287 perfectionis
2764 4212 2989 4287 quidem
3032 4218 3118 4269 est
3137 4218 3259 4289 perf
3296 4230 3358 4268 se

389 4343 395 4347 .
424 4292 613 4366 ipsam
656 4296 879 4365 capax,
920 4292 1375 4367 supervenientis
1414 4294 1453 4349 ὰ
1484 4296 1715 4367 gratia.
1757 4292 1901 4352 Tria
1933 4304 2070 4353 sunt
2089 4290 2346 4353 breuiter
2367 4291 2645 4350 hocloco
2666 4290 2741 4351 de
2760 4288 3089 4367 Theologia
3110 4288 3357 4349 naturali

425 4372 461 4427 a
514 4366 693 4428 nobis
748 4366 1088 4449 enunciata3
1148 4381 1326 4447 prout
1384 4372 1556 4449 periti
1609 4371 1986 4433 scientiarum
2041 4372 2367 4433 secundum
2421 4370 2736 4432 essentiam
2780 4388 2977 4431 rerum
3017 4372 3094 4431 de
3139 4367 3354 4447 quibus

3122 4446 3312 4525 agitur
3330 4493 3347 4528 2
