3923 4875
596 355 715 426 3ι4
1534 357 1861 404 ‘russas
1920 353 2572 406 τιιιοιοοιοᾼι

595 523 735 584 vtile
782 531 869 582 est
912 521 967 582 δι
1008 519 1417 582 necessarium.
1462 519 1646 595 Quod
1685 521 1914 580 bonum
1952 519 2288 597 quicunque
2331 521 2738 614 intercipiunt,
2781 521 2818 597 ij
2861 541 3212 600 permagnas
3249 523 3522 585 vtilitates

594 606 890 679 auserunt,
938 603 1373 676 maximamque
1415 601 1608 660 labem
1650 603 1705 660 δι
1746 599 2041 660 exitialem
2083 599 2340 660 inferunt
2380 601 2688 662 Ecclesiae
2729 602 2862 662 Dei.

674 702 770 755 41.
852 647 1115 758 Ideoque
1156 679 1485 758 linguarum
1527 681 1773 740 donum·
1798 679 2100 739 Ecclesiae
2111 679 2368 771 priscae
2405 685 2444 740 a
2483 683 2616 742 Deo
2657 681 2764 742 suit
2803 682 3180 760 attributum,
3213 687 3270 744 δι
3305 685 3520 745 nostris

594 760 877 822 Ecclesiis
916 763 1367 822 instrumentum
1410 759 1549 820 vtile
1588 768 1677 820 est
1716 777 1789 818 ac
1830 757 2249 820 necessarium.

676 863 773 914 42.
856 844 1000 906 ''Ee
966 862 1168 921 ηγησις
1228 855 1333 900 seu
1372 839 1665 900 enarratio
1704 839 1891 899 duum
1930 849 2021 898 est
2058 857 2372 932 generum.
2425 859 2541 902 vna
2577 861 2812 919 pressa,
2853 845 3036 903 altera
3074 844 3227 902 susa:
3268 861 3520 921 quarum

593 923 753 981 illam
796 863 1216 1000 paraphrasin,
1254 919 1563 998 scholion
1602 923 1695 981 &c
1734 919 1889 979 hanc
1930 919 2424 980 commentarium
2463 923 2848 999 appellamus.

674 1021 771 1078 43.
853 999 1333 1061 Commentarius
1396 999 1673 1080 ἔγγραφος
1686 1044 1703 1076 ,
1752 1011 1855 1058 aut
1904 998 2043 1058 huic
2091 1001 2458 1076 respondens
2499 1020 2696 1062 sermo
2735 1013 2838 1064 aut
2877 1001 3270 1064 scholasticus
3311 1013 3404 1063 est
3437 1005 3518 1064 ad

594 1081 937 1142 docendum
980 1089 1355 1157 comparatus
1368 1123 1386 1156 ,
1442 1083 1506 1154 (f.
1554 1083 1729 1154 1773)
1768 1089 1871 1138 aut
1912 1077 2362 1140 Ecclesiasticus
2403 1084 2500 1141 vel
2539 1082 2954 1161 demegoricus
2968 1127 2986 1160 ,
3025 1083 3104 1142 ad
3145 1081 3520 1144 afficiendam

595 1161 951 1220 concionem
994 1159 1357 1250 populariter
1396 1158 1713 1218 institutus.

670 1261 767 1314 44.
852 1243 1083 1300 Harum
1140 1238 1688 1329 interpretationum
1738 1237 1984 1314 quaeuis
2041 1237 2379 1299 authentica
2419 1251 2538 1316 est,
2581 1259 2698 1318 qua
2741 1243 3064 1320 respondet
3101 1242 3354 1320 canoni,
3395 1242 3518 1303 siue

593 1323 673 1381 ab
712 1339 861 1396 vn0,
904 1318 1027 1378 siue
1068 1323 1105 1377 a
1151 1317 1378 1396 multis,
1418 1315 1542 1378 siue
1580 1317 1659 1377 ab
1700 1317 1980 1377 omnibus
2019 1317 2329 1378 adferatur.

676 1419 771 1478 45.
854 1399 1087 1460 Canoni
1126 1409 1323 1458 autem
1366 1397 1685 1474 respondet
1709 1395 2134 1488 interpretatio·
2167 1399 2496 1459 secundum
2528 1402 2848 1462 verborum
2871 1404 2928 1463 δι
2947 1421 3142 1462 rerum
3161 1402 3518 1480 analogiam.

673 1483 769 1553 46.
849 1481 1189 1540 Verborum
1230 1475 1503 1554 analogia
1538 1475 1601 1536 in
1642 1475 1754 1536 illis
1794 1477 2079 1555 strictior,
2117 1477 2178 1536 in
2220 1478 2308 1538 his
2349 1479 2589 1540 liberior
2627 1493 2746 1558 est,
2789 1483 2899 1541 sed
2937 1493 3192 1560 vtroque
3229 1484 3418 1544 modo
3437 1483 3517 1542 ad

594 1560 1066 1620 aedificationem
1108 1557 1196 1618 sui
1234 1556 1505 1634 corporis
1548 1555 1723 1616 vtitur
1763 1555 2034 1617 Christus
2067 1557 2518 1648 sapientissime.

672 1657 766 1715 47.
848 1642 1073 1699 Rerum
1133 1641 1190 1698 δι
1250 1635 1670 1698 sententiarum
1712 1635 2004 1728 analogia
2063 1635 2122 1695 in
2177 1635 2758 1716 interpretationibus
2807 1643 3148 1718 exploratur
3185 1641 3514 1702 secundum

594 1721 908 1798 principia,
950 1721 1006 1779 δι
1046 1719 1376 1779 secundum
1418 1717 1588 1776 locos
1626 1715 1729 1794 qui
1768 1734 1843 1776 ex
1882 1715 2182 1794 principiis
2223 1717 2582 1779 deriuantur.

673 1803 749 1873 48
852 1798 1143 1876 Principia
1182 1809 1377 1857 autem
1416 1801 1455 1856 a
1494 1807 1703 1856 natura
1742 1795 2061 1873 impressa,
2101 1799 2139 1856 a
2179 1795 2494 1874 Scripturis
2533 1818 2810 1877 expressa
2847 1812 3000 1862 sunt.

672 1899 769 1956 49.
850 1881 969 1939 Sed
1030 1877 1317 1956 principia
1376 1877 1475 1936 illa
1535 1879 1623 1950 (vt
1680 1895 1839 1936 nunc
1894 1875 2141 1953 quidem
2199 1879 2384 1938 homo
2431 1881 2544 1956 eet)
2591 1891 2730 1940 sunt
2775 1892 3020 1942 naturae
3061 1882 3212 1942 illius
3251 1883 3516 1960 integrae

590 1961 839 2036 rudera,
888 1960 1037 2018 haec
1078 1957 1299 2037 gratiae
1338 1959 1634 2048 perfectae
1674 1972 1939 2016 munera.

675 2055 769 2115 50.
852 2039 1233 2114 Quapropter
1294 2037 1383 2096 his
1444 2035 1749 2128 principiis
1793 2035 1891 2094 illa
1944 2053 2186 2097 necesse
2225 2047 2315 2097 est
2352 2038 2626 2110 excitari,
2658 2039 3006 2132 ιιιιιιιιιιιιιιι,
3047 2039 3198 2114 coli,
3227 2052 3406 2120 atque
3435 2041 3514 2100 ad

588 2117 1015 2210 perfectionem
1068 2135 1235 2178 suam
1289 2116 1589 2192 reuocari,
1631 2115 2026 2192 diuinitasque
2065 2117 2240 2177 euehi
2279 2118 2614 2196 Scripturae
2653 2119 3042 2182 instrumento
3083 2121 3138 2179 81
3181 2120 3510 2199 linguarum

594 2199 1259 2275 interpretationumque
1300 2195 1663 2256 adiumento.

674 2295 703 2355 5
718 2297 766 2336 1
851 2279 1155 2338 Locorum
1197 2275 1470 2353 analogia
1508 2285 1608 2336 aut
1646 2295 1721 2336 ex
1760 2274 2018 2352 partium
2057 2293 2212 2353 quae
2249 2279 2308 2338 in
2339 2277 2424 2337 eis
2443 2289 2580 2338 sunt
2599 2297 2886 2357 responso
2907 2283 2964 2342 δι
2983 2280 3480 2342 determinatione
3498 2325 3516 2359 ,

590 2370 692 2418 aut
733 2379 807 2418 ex
846 2358 1122 2417 similium
1164 2357 1530 2432 aliorumque
1570 2355 1887 2416 collatione
1932 2356 2413 2427 deprehenditur.

674 2456 768 2517 52.
855 2442 1029 2499 Hanc
1089 2435 1420 2528 analogiam
1482 2435 1873 2497 indubitatam
1936 2437 2261 2515 praestituit
2323 2440 2509 2499 Deus:
2583 2440 2662 2499 ad
2721 2442 2876 2501 hanc
2933 2442 3234 2520 praelucet
3295 2439 3516 2519 Spiritu

592 2521 849 2579 ducente
892 2519 951 2578 in
994 2537 1235 2578 omnem
1280 2518 1611 2577 veritatem.
1654 2527 2016 2595 quapropter
2057 2518 2134 2575 ad
2177 2519 2329 2577 hanc
2371 2518 2636 2594 singulos
2669 2520 3018 2599 interpretes
3057 2522 3252 2582 verbis
3293 2525 3352 2581 δι.
3391 2540 3517 2581 sen-

592 2600 787 2660 tentiis
846 2610 1081 2677 oportet
1142 2598 1505 2658 contendere
1520 2642 1538 2675 ,
1598 2599 1653 2657 δι
1686 2598 2034 2683 ,secundum
2091 2598 2246 2656 hanc
2297 2596 2562 2657 diuinam
2601 2601 2796 2661 lucem
2837 2600 3260 2663 conuenienter
3299 2600 3517 2662 canoni

587 2680 958 2757 incumbere,
1000 2678 1059 2739 in
1104 2677 1434 2755 Ecclesiae,
1474 2680 1531 2739 &
1570 2661 1855 2754 cuiusque
1896 2676 2152 2753 proximi
2189 2676 2681 2740 aedificationem.

844 3048 976 3104 DE
1036 3046 1913 3107 TRADITIONIBVS
1977 3048 2391 3109 THESES
2451 3046 3271 3109 THEOLOGICAE.

2031 3226 2078 3285 1.

670 3400 979 3460 Credimus
1016 3400 1201 3459 corde
1240 3404 1294 3460 δι
1335 3419 1441 3461 ore
1481 3402 1827 3478 profitemur
1868 3403 2116 3462 verbum
2172 3401 2284 3461 Dei
2323 3411 2550 3461 certam
2595 3418 2724 3461 esse
2761 3402 3026 3478 regulam
3065 3402 3514 3491 perfectamque

590 3481 725 3541 fidei
790 3492 1057 3556 nostrae,
1106 3482 1161 3539 &
1207 3480 1333 3540 viae
1372 3482 1449 3539 ad
1491 3483 1684 3541 Deum
1726 3492 2084 3558 nostraeque
2131 3481 2330 3541 salutis
2369 3482 2432 3541 in
2471 3483 2606 3541 Deo
2647 3479 2906 3541 indicem
2949 3478 3512 3541 constantissimum.

674 3581 727 3621 2.
809 3561 1081 3635 Cumque
1132 3560 1303 3619 huius
1348 3561 1512 3621 verbi
1552 3560 1907 3621 enunciatiui
1946 3563 2162 3621 modus
2201 3560 2373 3622 fuerit
2407 3562 2470 3620 in
2513 3561 2778 3621 Ecclesia
2816 3561 3065 3638 duplex,
3105 3578 3414 3631 sermone,
3457 3563 3512 3620 δι

587 3640 876 3717 scriptura
936 3658 1132 3717 sacra3
1194 3642 1491 3701 credimus
1550 3650 1745 3701 totum
1811 3640 2124 3701 consilium
2189 3640 2334 3717 Dei,
2395 3641 2564 3719 quod
2613 3640 2712 3700 hic
2763 3639 3006 3717 quidem
3053 3640 3132 3699 ab
3171 3638 3514 3699 hominibus

586 3720 869 3797 cognosci
920 3734 1087 3797 pons
1027 3732 1113 3779 ·st
1165 3722 1219 3779 δι
1278 3721 1515 3799 expedit
1568 3721 1761 3799 credi,
1803 3720 1893 3780 his
1934 3720 2153 3781 vltimis
2193 3722 2560 3798 temporibus
2597 3721 2658 3780 ιιι
2700 3720 2998 3797 Scriptura
3037 3738 3202 3779 sacra
3241 3738 3512 3797 compre-

590 3803 837 3861 hensum
881 3818 1025 3859 esse.

666 3900 724 3957 3.
805 3882 912 3939 Est
969 3891 1169 3939 autem
1230 3880 1531 3957 Scriptura
1592 3880 1931 3957 symbolum
1994 3880 2160 3941 verbi
2211 3881 2601 3941 enunciatiui.
2651 3890 3016 3972 quapropter
3067 3877 3512 3939 enunciatiuum

586 3962 835 4021 verbum
879 3959 1039 4037 prius
1080 3958 1257 4020 fuisse
1299 3961 1519 4038 scripto
1562 3962 1890 4021 secundum
1932 3972 2166 4039 tempus
2213 3962 2268 4021 δι
2309 3972 2576 4021 naturam
2617 3960 3012 4037 agnoscimus.

663 4063 719 4131 4.
803 4042 957 4099 Nam
1004 4040 1245 4100 verbum
1290 4050 1579 4120 όγροφον,
1621 4041 1745 4101 siue
1784 4058 1909 4100 non
1948 4042 2266 4119 scriptum,
2308 4040 2454 4101 illud
2495 4041 2652 4103 idem
2695 4040 2802 4100 fuit
2841 4040 3005 4115 quod
3037 4056 3199 4098 nunc
3221 4038 3514 4097 habemus

584 4122 698 4180 scri
747 4132 891 4181 tum.

668 4142 743 4278 5p
804 4203 896 4259 Ac
954 4202 1135 4261 verbo
1178 4202 1419 4279 quidem
1462 4218 1582 4259 non
1626 4202 1849 4278 scripto
1890 4202 2475 4278 comprehenduntur
2515 4202 2642 4261 tum
2685 4200 3033 4260 vniuersalia
3071 4198 3128 4257 δι
3168 4194 3514 4257 communia

585 4281 786 4341 omnia
849 4299 1001 4358 quae
1060 4284 1221 4341 Deus
1284 4280 1569 4339 reuelauit
1620 4282 1674 4339 δι
1730 4280 1863 4341 sciri
1911 4285 1947 4340 a
1991 4282 2165 4341 nobis
2207 4282 2476 4358 expedit,
2517 4292 2642 4341 tum
2685 4280 3004 4357 singularia
3043 4280 3098 4338 δι
3139 4276 3512 4355 particularia

583 4380 737 4438 quac
782 4364 941 4419 Deus
986 4380 1243 4437 vnquam
1290 4360 1627 4421 immediate
1670 4360 1998 4423 mediateve
2041 4361 2274 4422 ostendi
2315 4360 2515 4421 voluit.
3245 4440 3282 4495 6
3388 4437 3508 4495 Sed
