3923 4875
586 47 707 105 42⁰
1656 39 2067 90 nasute!
2123 41 2340 90 raas
2390 43 2433 88 ι.

576 203 865 268 moditate
918 203 1258 284 Ecclesiae,
1318 219 1473 282 quae
1536 213 1664 266 tum
1722 202 1785 266 in
1840 213 2019 283 gente
2057 203 2422 266 Iudaeorum
2461 201 2589 264 fuit.
2653 202 3049 281 Quapropter
3087 197 3406 282 antequam
3441 202 3528 264 de

583 296 937 364 argumento
978 283 1249 346 dicamus
1262 329 1283 365 ,
1319 283 1543 363 aliquid
1582 284 2071 364 destringendum
2113 293 2204 346 est
2223 284 2300 345 de
2319 283 2437 346 isto
2455 283 2692 363 priscae
2712 283 3020 346 Ecclesiae
3037 301 3180 364 vsu,
3199 283 3536 346 secundum

579 379 755 446 typos
794 369 832 427 a
868 367 1005 426 Deo
1046 364 1347 428 institutos
1386 365 1720 427 Ecclesiam
1758 364 2153 444 catholicam,
2193 365 2250 425 δι
2289 374 2487 444 partes
2501 409 2520 438 ,
2561 365 2628 440 (f.
2670 367 2814 442 698)
2857 367 2914 426 δι
2951 363 3240 425 attributa
3275 363 3430 425 illius
3467 361 3534 424 in

579 443 880 526 Scriptura
929 445 1361 509 adumbrantia.
1422 447 1836 523 Quaecunque
1886 443 2067 524 igitur
2106 444 2230 506 hoc
2273 445 2464 506 modo
2505 444 2908 506 enunciantur
2946 443 3024 505 de
3061 441 3538 522 Hierosolymis,

580 525 819 589 ciuitate
876 525 1161 607 Dauidis,
1220 525 1435 607 Sione,
1494 527 1683 588 domo
1732 528 1994 588 Iehouae
2011 570 2028 600 ,
2083 527 2140 586 δι
2195 524 2484 586 similibus
2497 569 2516 604 ,
2556 543 2669 603 pro
2711 523 2942 586 ratione
2979 525 3256 586 locorum
3297 523 3530 586 variam

578 609 803 668 habent
852 604 1422 686 interpretationem.
1482 607 1575 668 Ea
1624 615 1825 668 autem
1874 615 1966 668 est
2003 605 2241 686 triplex.
2301 607 2457 666 Nam
2496 615 2600 666 aut
2639 604 2970 666 secundum
3009 623 3138 666 rem
3173 615 3422 666 naturae
3461 605 3532 666 fit

588 686 959 762 enunciatio,
999 697 1101 749 aut
1140 688 1469 749 secundum
1509 685 1769 765 aliquam
1814 687 2065 780 figuram
2105 685 2366 748 veritatis
2379 731 2398 765 ,
2436 694 2540 747 aut
2569 685 2898 748 secundum
2917 684 3222 747 veritatem
3243 687 3530 765 figuratae

583 767 827 847 gratiae.
888 766 1232 829 Secundum
1292 785 1422 829 rem
1478 777 1725 828 naturae
1740 812 1760 847 ,
1820 783 1949 828 siue
2005 770 2096 845 (vt
2147 769 2476 845 loquuntur
2513 767 2722 844 vulgo)
2760 785 2872 844 per
2907 766 3236 828 naturalem
3277 765 3530 828 modum

584 847 991 926 intelliguntur
1049 848 1409 910 chananaea
1422 894 1441 926 ,
1495 847 1847 922 Ierusalem,
1898 845 2078 928 Sion,
2128 849 2242 910 &c.
2295 863 2482 924 quum
2535 844 2940 925 intelliguntur
2977 856 3155 924 prout
3193 849 3434 909 fuerunt
3467 845 3532 906 in

582 927 793 991 natura
841 945 1042 990 rerum
1056 973 1076 1004 ,
1130 927 1281 990 citra
1328 927 1569 990 diuinae
1604 926 1909 990 relationis
1946 947 2056 1008 per
2093 925 2344 1008 gratiam
2383 925 2687 988 institutae
2727 925 3316 1005 contemplationem.
3375 927 3535 988 Nam

586 1029 661 1072 ex
702 1028 777 1071 eo
818 1009 989 1088 quod
1030 1006 1315 1088 singulari
1355 1006 1625 1071 instituto
1666 1009 1833 1070 Deus
1872 1009 2024 1070 haec
2063 1008 2570 1086 sanctificauerat,
2609 1025 2735 1068 non
2755 1018 2844 1068 est
2865 1017 3093 1068 mutata
3109 1025 3316 1068 earum
3333 1023 3534 1069 rerum

582 1099 795 1151 natura
808 1133 827 1168 ,
866 1087 1011 1166 quin
1054 1089 1417 1151 chananaea
1457 1087 1625 1169 regio
1667 1098 1821 1150 esset
1837 1133 1856 1166 ,
1894 1099 1963 1150 vt
2001 1087 2152 1150 aliae
2165 1133 2183 1167 ,
2223 1091 2280 1150 δι
2315 1087 2638 1149 Ierusalem
2681 1086 2923 1168 ciuitas,
2963 1088 3021 1149 δι
3061 1086 3206 1148 Sion
3242 1106 3452 1164 mons,
3469 1095 3536 1148 vt

586 1172 724 1232 ante
764 1170 991 1248 fuerat,
1033 1171 1092 1231 δε
1130 1172 1270 1248 post
1306 1169 1487 1231 etiam
1520 1167 1847 1248 permansit
1886 1166 1950 1230 in
1989 1185 2191 1230 rerum
2227 1167 2470 1249 natur23
2511 1168 2618 1230 sed
2661 1166 2918 1229 eandem
2957 1177 3230 1229 naturam
3267 1185 3439 1229 suam
3473 1165 3534 1228 in

588 1247 945 1391 {0353ss
982 1249 1619 1409 &bammfflqfflffg
1664 1247 2738 1408 1203033511⁰s³22ss2¹ffimffi02323
2773 1247 3534 1408 Egssi’ss'ssmp'r'ssfffflyffi·

590 1409 854 1473 bolicam
906 1410 1006 1471 vel
1058 1412 1545 1472 sacramentalem
1586 1411 1676 1488 (vt
1714 1413 1961 1486 vocant)
2001 1410 2351 1472 relationem
2393 1409 2473 1470 ad
2512 1427 2608 1470 res
2647 1406 2912 1486 diuinas,
2953 1373 3110 1487 quae
3147 1408 3292 1488 ipsis
3327 1409 3533 1470 adum-

588 1489 919 1554 brabantur
932 1534 949 1564 ,
998 1508 1125 1553 non
1162 1509 1237 1553 ex
1268 1503 1481 1554 natura
1518 1489 1539 1552 i
1716 1509 1779 1551 m
1792 1535 1813 1570 ,
1850 1492 1961 1552 sed
1999 1489 2368 1552 institutione
2388 1491 2444 1550 δι
2464 1488 2844 1551 ordinatione
2862 1490 3010 1551 Dei:
3053 1490 3228 1566 Quae
3243 1487 3534 1550 institutio

592 1587 718 1634 non
758 1570 1008 1632 tollebat
1039 1569 1106 1634 id
1148 1571 1315 1652 quod
1354 1589 1433 1632 na
1604 1581 1775 1632 erant
1788 1615 1807 1650 ‚
1846 1570 1957 1633 sed
1993 1579 2226 1634 tantum
2264 1568 2595 1648 efficiebat,
2631 1579 2696 1630 vt
2735 1569 2800 1631 id
2837 1571 3032 1650 ipsum
3065 1570 3232 1648 quod
3251 1569 3314 1630 in
3333 1587 3532 1630 rerum

592 1661 806 1712 natura
854 1651 1156 1730 exstabat,
1208 1652 1512 1730 quendam
1561 1652 1725 1712 velut
1759 1653 2030 1714 colorem
2067 1651 2124 1713 ἃ
2164 1653 2364 1712 lucem
2402 1648 2704 1712 relationis
2743 1650 2822 1712 ad
2863 1669 2959 1712 res
3001 1648 3332 1729 spirituales
3371 1647 3532 1711 insti·

592 1729 823 1794 tutione
865 1729 988 1793 Dei
1034 1731 1357 1812 acciperet.
1414 1733 1628 1808 Itaque
1675 1733 1900 1793 factum
1940 1742 2032 1795 est
2069 1750 2196 1794 non
2231 1735 2364 1794 raro
2378 1774 2400 1810 ,
2438 1739 2504 1791 vt
2541 1731 2788 1792 nomina
2827 1729 3122 1792 eiusmodi
3161 1729 3535 1809 figuratiuam

595 1809 1093 1890 significationem
1134 1810 1197 1873 in
1236 1813 1425 1874 verbo
1464 1811 1584 1874 Dei
1619 1811 1953 1874 habuerint.
2016 1811 2360 1875 Secundum
2397 1809 2707 1872 veritatem
2745 1811 2968 1889 gratiae
3006 1808 3183 1871 tertio
3217 1810 3404 1872 modo
3445 1810 3534 1888 (vt

598 1895 733 1953 ante
795 1888 1077 1970 diximus)
1131 1893 1283 1954 haec
1335 1891 1549 1955 eadem
1602 1891 1849 1954 nomina
1900 1903 2255 1972 vsurpantur
2296 1909 2408 1971 pro
2446 1888 2518 1952 iis
2551 1890 2692 1969 ipsis
2730 1892 2909 1954 rebus
2949 1889 3348 1970 spiritualibus
3385 1907 3536 1969 quas

592 1969 865 2035 instituto
923 1971 1047 2034 Dei
1098 1973 1465 2052 figurabant:
1532 1972 2045 2051 quemadmodum
2089 1973 2211 2035 hoc
2260 1982 2467 2034 nostro
2519 1980 2792 2050 tempore
2805 2015 2826 2051 ,
2875 1979 2940 2032 vt
2987 1969 3142 2032 iusta
3177 1971 3282 2032 fiat
3321 1973 3535 2032 harum

595 2049 1087 2114 enunciationum
1150 2069 1303 2132 quae
1356 2051 1419 2114 in
1470 2053 1857 2116 Testamento
1912 2064 2114 2116 vetere
2163 2061 2302 2114 sunt
2353 2050 2840 2114 accommodatio
2853 2095 2874 2131 ,
2909 2049 3106 2131 accipi
3143 2071 3244 2112 eas
3283 2053 3324 2111 a
3361 2049 3537 2112 nobis

592 2151 837 2194 necesse
880 2140 991 2196 est.
1052 2133 1213 2194 Nam
1266 2135 1586 2196 Ierusalem
1600 2179 1620 2213 ,
1660 2149 1816 2212 quae
1855 2132 1918 2196 in
1958 2135 2342 2196 Testamento
2379 2141 2582 2194 vetere
2621 2131 2865 2212 dicitur,
2903 2148 3066 2193 nunc
3107 2129 3382 2193 Ecclesia
3421 2140 3536 2192 est:

596 2212 935 2290 eodemque
995 2213 1183 2276 modo
1242 2223 1486 2308 portae,
1533 2229 1690 2292 quae
1740 2218 1781 2276 a
1829 2213 2130 2294 Propheta
2167 2213 2288 2274 hoc
2326 2214 2468 2276 loco
2505 2211 2890 2274 nominantur
2903 2257 2922 2290 ,
2959 2213 3112 2274 fines
3149 2228 3257 2273 seu
3297 2209 3532 2274 termini

594 2292 903 2357 Ecclesiae
940 2311 1069 2355 non
1110 2309 1296 2357 muns
1334 2303 1435 2356 aut
1472 2293 1663 2374 portis
1701 2294 1959 2371 definiti,
1997 2295 2107 2356 sed
2145 2293 2348 2356 animo
2388 2293 2444 2352 &
2485 2291 2847 2372 cogitatione
2875 2291 3356 2372 interpretandae
3375 2301 3532 2354 sunt.

594 2373 883 2454 Alioquin
920 2373 1103 2436 etiam
1140 2392 1268 2436 non
1307 2377 1443 2436 raro
1482 2389 1593 2436 vsu
1632 2373 1907 2436 veniebat
1944 2375 2008 2436 in
2048 2372 2248 2455 prisca
2281 2371 2384 2435 ma
2421 2371 2724 2452 Ecclesia,
2764 2382 2830 2435 vt
2867 2371 2978 2434 tria
3015 2373 3170 2433 haec
3189 2371 3530 2451 interpreta-

592 2453 827 2519 tionum
865 2474 1085 2534 genera
1120 2454 1184 2517 in
1226 2454 1760 2534 comprehensione
1800 2456 1917 2518 vna
1953 2454 2130 2518 simul
2169 2465 2620 2517 concurrerent:
2641 2464 2706 2515 vt
2723 2454 2968 2515 nomine
2991 2454 3386 2515 chananaeae
3399 2462 3529 2514 tum

596 2534 765 2615 regio
804 2538 924 2616 qua
963 2546 1091 2597 erat
1124 2532 1188 2596 in
1226 2533 1437 2597 natura
1474 2552 1674 2597 rerum
1690 2582 1709 2614 ,
1748 2546 1876 2599 tum
1914 2538 2104 2631 figura
2142 2554 2296 2615 quae
2333 2536 2414 2597 ad
2453 2533 2762 2596 veritatem
2801 2532 3026 2613 gratiae
3069 2532 3310 2595 diumae
3327 2534 3534 2595 Eccle-

598 2614 839 2694 siaeque
878 2615 1328 2695 significandam
1366 2618 1557 2679 fuerat
1591 2619 1632 2677 a
1668 2618 1805 2679 Deo
1844 2616 2139 2697 instituta,
2180 2629 2307 2677 tum
2346 2613 2606 2694 denique
2643 2614 2858 2676 veritas
2899 2613 3028 2693 ipsa
3065 2612 3258 2690 qualis
3295 2614 3360 2676 in
3399 2616 3533 2675 Deo

596 2696 655 2757 δι
714 2696 877 2775 apud
927 2698 1129 2759 Deum
1167 2708 1257 2759 est
1271 2743 1290 2773 ,
1340 2714 1468 2759 non
1506 2708 1707 2759 autem
1746 2696 1809 2759 in
1849 2696 2090 2775 natura,
2129 2707 2232 2760 aut
2267 2694 2459 2775 figura
2499 2696 2692 2757 solum
2735 2693 3176 2773 intelligeretur.
3235 2696 3438 2773 Atque
3473 2691 3536 2755 in

594 2778 756 2839 hanc
810 2777 1167 2839 sententiam
1218 2776 1301 2858 pij
1342 2795 1565 2839 nomen
1604 2786 1911 2857 portarum
1952 2780 2074 2840 hoc
2109 2778 2254 2839 loco
2295 2776 2361 2839 in
2399 2775 2596 2855 prisca
2633 2775 2904 2837 Ecclesia
2941 2784 3322 2853 acceperunt.
3381 2774 3538 2835 Nam

600 2858 658 2920 δι
699 2854 779 2918 ad
818 2868 1026 2936 portas
1063 2856 1229 2920 vrbis
1267 2858 1829 2938 Hierosolymorum
1869 2856 2268 2937 respiciebant
2281 2902 2299 2937 ,
2338 2867 2519 2937 prout
2557 2865 2726 2917 erant
2769 2854 2833 2917 in
2863 2866 3078 2917 natura
3113 2873 3312 2917 rerum
3325 2900 3344 2935 ,
3383 2856 3441 2917 δι
3459 2854 3538 2915 ad

600 2936 853 3016 figuram
902 2936 1209 3001 relatiuam
1250 2937 1512 3018 ipsarum
1526 2984 1545 3017 ,
1587 2949 1767 3018 prout
1806 2939 1923 3001 Dei
1961 2936 2336 3000 ordinatione
2375 2938 2433 2997 &
2471 2937 2662 2999 verbo
2697 2936 2976 3016 figurales
3016 2936 3342 2998 credebant
3381 2952 3537 3019 esse,

600 3018 659 3081 81
710 3018 791 3079 ad
839 3020 1148 3081 veritatem
1205 3019 1399 3099 ipsam
1463 3018 1653 3099 portis
1690 3022 1781 3098 (vt
1816 3018 1899 3083 ita
1934 3018 2158 3097 dicam)
2209 3017 2636 3097 temporalibus
2673 3016 2985 3097 figuratiue
3027 3016 3086 3076 81
3123 3012 3536 3077 sacramentali

600 3098 789 3159 modo
828 3098 1269 3162 adumbratam.
1307 3100 1820 3179 quemadmodum
1858 3100 1917 3161 δι
1956 3100 2020 3161 in
2061 3098 2458 3162 Sacramentis
2495 3096 2711 3160 nostris
2747 3115 2966 3176 aquam
2979 3143 2998 3175 ,
3031 3114 3277 3175 panem,
3297 3094 3535 3175 vinum,

602 3188 735 3240 tum
787 3179 1096 3241 materiam
1162 3180 1581 3243 elementarem
1596 3225 1614 3260 ,
1662 3189 1791 3243 tum
1830 3178 2182 3243 relationem
2214 3180 2522 3259 figuralem
2535 3222 2556 3259 ,
2593 3188 2722 3240 tum
2761 3180 3076 3257 figuratam
3115 3194 3189 3239 ea
3225 3175 3534 3238 veritatem

600 3260 1459 3404 Zffipguamfiismulefflsff
1492 3256 3234 3420 ἓέῗῗῖςὲὲωέἓέἒῗηὶῗῗξίἳῗὲἒᾍηιθώἐειὀἕὲἳῗὲῖῗῖἒ
3251 3257 3331 3398 ‘1¹3
3353 3264 3538 3415 ”335

602 3436 728 3481 non
768 3359 960 3483 esfoin
1003 3360 1215 3483 natgra
1254 3440 1451 3484 rerum
1489 3422 1679 3503 figura
1716 3441 1845 3484 esse
1884 3441 2011 3484 non
2049 3388 2238 3501 pdssit
2275 3419 2546 3500 alterius,
2586 3358 2986 3500 proutpvulpgo
3005 3383 3221 3479 dicitur
3239 3434 3366 3479 non
3383 3414 3538 3479 ent'n

602 3518 727 3563 non
751 3580 765 3595 ·
788 3520 928 3641 ess}
967 3500 1332 3596 accidentia3
1382 3502 1489 3566 sed
1542 3504 1773 3565 tantum
1812 3502 2122 3565 veritatem
2163 3512 2501 3581 spectamus
2541 3500 2764 3581 gratiae
2801 3516 2987 3579 quam
3023 3500 3191 3561 Deus
3228 3506 3536 3578 portarum

602 3600 844 3643 nomme
1012 3592 1181 3646 ramt.

679 3664 765 3723 Vt
810 3600 1084 3741 erggude
1135 3662 1383 3725 veritate
1429 3672 1692 3741 constet,
1730 3661 1795 3724 id
1833 3662 2095 3741 primum
2133 3661 2213 3724 ad
2249 3664 2402 3723 haec
2441 3658 2618 3724 nobis
2662 3658 2988 3723 tenendum
3027 3668 3148 3738 est,
3187 3662 3298 3721 has
3331 3666 3537 3737 portas

602 3741 664 3803 in
724 3741 1031 3821 scripturis
1088 3744 1523 3823 synecdochice
1582 3744 1895 3823 appellari,
1940 3754 2072 3805 tum
2125 3744 2214 3806 rei
2252 3741 2407 3804 illius
2446 3740 2732 3803 terminos
2770 3758 2924 3819 quae
2965 3740 3192 3819 agitur,
3231 3750 3364 3801 tum
3405 3756 3534 3799 rem

601 3821 793 3901 ipsam
836 3832 1025 3885 totam
1066 3825 1187 3886 suis
1226 3824 1493 3887 terminis
1534 3822 1991 3903 circumseptam
2006 3870 2025 3901 ,
2064 3834 2192 3885 tum
2235 3823 2492 3902 denique
2529 3821 2650 3901 iuS,
2689 3821 3130 3899 auctoritatem,
3171 3818 3535 3897 dominium,

602 3903 1319 3984 administrationemque3
1362 3909 1417 3968 &
1459 3923 1627 3967 vsum
1666 3904 1836 3966 illius.
1881 3907 2038 3966 Nam
2076 3903 2186 3966 etsi
2227 3904 2380 3966 muri
2418 3902 2582 3965 vrbis
2619 3902 2903 3981 cuiusque
2939 3901 3130 3981 portis
3167 3898 3354 3962 iuncti
3389 3916 3534 3960 con-

608 3980 858 4046 stituunt
914 3984 1233 4047 terminos:
1275 3997 1477 4047 tamen
1518 3986 1937 4049 excellentiore
1977 3986 2244 4064 quodam
2286 3986 2473 4048 modo
2513 3983 2792 4045 dicuntur
2831 3995 3041 4063 portae
3078 3981 3380 4045 ciuitatem
3419 3990 3534 4041 ter·

612 4064 782 4144 mini,
842 4064 983 4143 quia
1042 4065 1199 4128 intus
1254 4070 1315 4128 ἃ
1382 4066 1527 4129 soris
1578 4066 2012 4129 commoditate
2061 4076 2368 4145 portarum
2427 4064 2763 4127 efficiuntur
2799 4064 3006 4127 omnia
3041 4082 3202 4142 quae
3239 4061 3532 4202 addvsum

3167 4161 3314 4223 oppi
3355 4160 3528 4202 orum
